{"host":"5gc11emcm5chfr5t","time":1608847108,"event":{"mods":["2.2 Compatiblity","AchievementEnabler","BaseMod","Bestiary","Better Note","Colored Map","Colored Powertips","Downfall","Googly Eyes","Minty Spire (QoL Compilation)","Rare Cards Sparkle","StSLib"],"gold_per_floor":[99,99,99,163,463,388,388,388,8,19,19,46,46,62,73,144,144,144,156,256,2,2,102,129,144,158,158,95,95,20,31,41,117,117,117,132,186,201,201,201,226,240,240,240],"floor_reached":43,"playtime":2173,"items_purged":["Slimebound:Icky"],"score":944,"play_id":"d1cdf3e6-1e06-4299-bb32-04737ba7e291","local_time":"20201224165828","is_ascension_mode":true,"campfire_choices":[{"floor":1,"key":"RECALL"},{"floor":6,"key":"REST"},{"data":"sneckomod:QuickBite","floor":11,"key":"SMITH"},{"floor":13,"key":"REST"},{"data":"sneckomod:UnknownRareSkill","floor":18,"key":"SMITH"},{"floor":30,"key":"REST"},{"data":"sneckomod:DangerNoodle","floor":35,"key":"SMITH"}],"circlet_count":0,"master_deck":["AscendersBane","sneckomod:Strike","sneckomod:Strike","sneckomod:Defend","sneckomod:Defend","sneckomod:Defend","sneckomod:TailWhip+1","sneckomod:SnekBite","sneckomod:Unknown","sneckomod:Unknown","sneckomod:UnknownUncommonPower","sneckomod:QuickMove","sneckomod:UnknownWeak","sneckomod:UnknownVulnerable+2","sneckomod:QuickBite+1","sneckomod:Unknown2Cost","sneckomod:SoulRoll","sneckomod:ImprovisedAttack","sneckomod:UnknownWeak","sneckomod:UnknownRareSkill+1","sneckomod:UnknownDexterity","sneckomod:UnknownClassBLUE","sneckomod:QuickMove","sneckomod:UnknownRareAttack","sneckomod:UnknownRareSkill","sneckomod:UnknownRarePower","sneckomod:QuickBite","sneckomod:QuickMove","sneckomod:SoulRoll","sneckomod:DangerNoodle+1","sneckomod:UnknownDexterity+1","sneckomod:QuickMove+1","sneckomod:UnknownRareAttack","sneckomod:UnknownWeak+1","sneckomod:WideSting","sneckomod:DiceBlock+1","sneckomod:Unknown1Cost+1"],"relics":["sneckomod:SuperSneckoSoul","downfall:HeartsMalice","Ancient Tea Set","downfall:HeartBlessingRed","Letter Opener","Pen Nib","Bronze Scales","Kunai","Snecko Eye","Unceasing Top","Pear","sneckomod:RareBoosterPack","Toy Ornithopter","Mercury Hourglass","downfall:HeartBlessingBlue","sneckomod:CleanMud","Regal Pillow"],"acts_visited":["Exordium","TheCity","TheBeyond"],"potions_floor_usage":[12,15,16,20,25,25,28,28,33,33,37,38],"damage_taken":[{"damage":0,"enemies":"downfall:FleeingMerchant","floor":2,"turns":1},{"damage":0,"enemies":"Cultist","floor":3,"turns":1},{"damage":0,"enemies":"3 Sentries","floor":4,"turns":1},{"damage":0,"enemies":"downfall:FleeingMerchant","floor":9,"turns":4},{"damage":5,"enemies":"2 Louse","floor":10,"turns":3},{"damage":15,"enemies":"Lagavulin","floor":12,"turns":3},{"damage":0,"enemies":"Small Slimes","floor":14,"turns":3},{"damage":4,"enemies":"Red Slaver","floor":15,"turns":2},{"damage":28,"enemies":"downfall:Watcher","floor":16,"turns":6},{"damage":1,"enemies":"3 Byrds","floor":19,"turns":2},{"damage":13,"enemies":"Colosseum Nobs","floor":20,"turns":3},{"damage":4,"enemies":"downfall:FleeingMerchant","floor":21,"turns":4},{"damage":12,"enemies":"downfall:LadyInBlue","floor":23,"turns":5},{"damage":18,"enemies":"Snake Plant","floor":25,"turns":4},{"damage":24,"enemies":"Centurion and Healer","floor":26,"turns":6},{"damage":7,"enemies":"downfall:FleeingMerchant","floor":28,"turns":4},{"damage":0,"enemies":"Snecko","floor":31,"turns":2},{"damage":8,"enemies":"Snake Plant","floor":32,"turns":2},{"damage":27,"enemies":"downfall:Defect","floor":33,"turns":9},{"damage":10,"enemies":"3 Shapes","floor":36,"turns":2},{"damage":28,"enemies":"2 Orb Walkers","floor":37,"turns":4},{"damage":3,"enemies":"3 Darklings","floor":38,"turns":2},{"damage":41,"enemies":"Jaw Worm Horde","floor":42,"turns":3},{"damage":78,"enemies":"Nemesis","floor":43,"turns":8}],"seed_played":"-4818889908610027171","potions_obtained":[{"floor":10,"key":"SkillPotion"},{"floor":12,"key":"Fire Potion"},{"floor":14,"key":"PowerPotion"},{"floor":19,"key":"sneckomod:DiceRollPotion"},{"floor":23,"key":"sneckomod:CheatPotion"},{"floor":23,"key":"DuplicationPotion"},{"floor":23,"key":"LiquidMemories"},{"floor":26,"key":"FearPotion"},{"floor":27,"key":"CultistPotion"},{"floor":33,"key":"BlessingOfTheForge"},{"floor":37,"key":"Swift Potion"},{"floor":38,"key":"sneckomod:CheatPotion"}],"is_trial":false,"path_per_floor":["R","$","M","?","?","R","T","?","$","M","R","E","R","M","M","B",null,"R","M","?","$","?","?","T","M","M","?","$","?","R","M","M","B",null,"R","M","?","M","?","?","T","M","E"],"character_chosen":"THE_SNECKO","items_purchased":["Pen Nib","Bronze Scales","sneckomod:QuickBite","sneckomod:RareBoosterPack","Mercury Hourglass","Dexterity Potion","champ:CounterPotion"],"campfire_rested":3,"item_purchase_floors":[9,9,9,21,28,28,28],"current_hp_per_floor":[75,76,76,77,77,85,85,85,86,82,82,67,87,87,84,59,82,82,82,80,79,79,67,67,59,35,35,38,38,79,87,79,63,133,133,123,100,116,116,116,116,75,0,0],"gold":240,"neow_bonus":"THREE_ENEMY_KILL","is_daily":false,"chose_seed":false,"campfire_upgraded":3,"win_rate":0.0,"timestamp":1608847108,"path_taken":["R","?","?","?","?","R","T","?","$","M","R","E","R","M","M","BOSS","R","M","?","$","?","?","T","?","M","?","?","?","R","M","M","BOSS","R","M","?","M","?","?","T","?","E"],"items_purchased_type":["Relic","Relic","Card","Relic","Relic","Potion","Potion"],"build_version":"2020-12-22","purchased_purges":1,"victory":false,"max_hp_per_floor":[83,84,84,85,85,85,85,85,86,87,87,87,87,87,88,89,89,89,90,101,104,104,104,104,104,104,104,104,104,114,115,115,116,146,146,146,146,146,146,146,146,146,146,146],"card_choices":[{"not_picked":["sneckomod:IronFang","sneckomod:DefensiveFlair"],"picked":"sneckomod:UnknownUncommonPower","floor":2},{"not_picked":["sneckomod:UnknownClassGUARDIAN","sneckomod:SoulDraw"],"picked":"sneckomod:QuickMove","floor":3},{"not_picked":["sneckomod:Unknown1Cost","sneckomod:SoulRoll"],"picked":"sneckomod:UnknownWeak","floor":4},{"not_picked":["sneckomod:UnknownBlock","sneckomod:IronFang"],"picked":"sneckomod:UnknownVulnerable","floor":9},{"not_picked":["sneckomod:UnknownCommonSkill","sneckomod:DiceBoulder"],"picked":"sneckomod:Unknown2Cost","floor":10},{"not_picked":["sneckomod:Nope","sneckomod:RainOfDice"],"picked":"sneckomod:SoulRoll","floor":12},{"not_picked":["sneckomod:QuickMove","sneckomod:Transmogrify"],"picked":"sneckomod:ImprovisedAttack","floor":14},{"not_picked":["sneckomod:UnknownCommonSkill","sneckomod:SoulRoll"],"picked":"sneckomod:UnknownWeak","floor":15},{"not_picked":["sneckomod:Transmogrify","sneckomod:Restock"],"picked":"sneckomod:UnknownRareSkill","floor":16},{"not_picked":["sneckomod:QuickMove","sneckomod:UnknownStrike"],"picked":"sneckomod:UnknownDexterity","floor":19},{"not_picked":["sneckomod:QuickBite","sneckomod:DiceBlock"],"picked":"sneckomod:UnknownClassBLUE","floor":20},{"not_picked":["sneckomod:DefensiveFlair","sneckomod:DiceCrush"],"picked":"sneckomod:QuickMove","floor":21},{"not_picked":["sneckomod:Nope+1","sneckomod:UnknownClassPURPLE"],"picked":"sneckomod:QuickBite","floor":23},{"not_picked":["sneckomod:MorePower","sneckomod:UnknownClassBLUE"],"picked":"sneckomod:QuickMove","floor":25},{"not_picked":["sneckomod:UnknownBlock","sneckomod:Nope"],"picked":"sneckomod:SoulRoll","floor":26},{"not_picked":["sneckomod:Nope+1","sneckomod:WideSting"],"picked":"sneckomod:DangerNoodle","floor":28},{"not_picked":["sneckomod:DiceCrush","sneckomod:SoulDraw+1"],"picked":"sneckomod:UnknownDexterity+1","floor":31},{"not_picked":["sneckomod:UnknownClassBLUE","sneckomod:DiceBlock"],"picked":"sneckomod:QuickMove+1","floor":32},{"not_picked":["sneckomod:Unknown3Cost","sneckomod:SoulExchange"],"picked":"sneckomod:UnknownRareAttack","floor":33},{"not_picked":["sneckomod:UnknownStrike","sneckomod:Unknown1Cost"],"picked":"sneckomod:UnknownWeak+1","floor":36},{"not_picked":["sneckomod:SoulDraw","sneckomod:UnknownVulnerable+1"],"picked":"sneckomod:WideSting","floor":37},{"not_picked":["sneckomod:DiceCrush+1","sneckomod:IronFang"],"picked":"sneckomod:DiceBlock+1","floor":38},{"not_picked":["sneckomod:UnknownBlock","sneckomod:UnknownStrike"],"picked":"sneckomod:Unknown1Cost+1","floor":42}],"player_experience":490364,"relics_obtained":[{"floor":4,"key":"Ancient Tea Set"},{"floor":7,"key":"Letter Opener"},{"floor":12,"key":"Kunai"},{"floor":20,"key":"Unceasing Top"},{"floor":20,"key":"Pear"},{"floor":23,"key":"Toy Ornithopter"},{"floor":37,"key":"sneckomod:CleanMud"},{"floor":41,"key":"Regal Pillow"}],"event_choices":[{"cards_removed":["Slimebound:Icky"],"damage_healed":0,"gold_gain":0,"player_choice":"Purged","damage_taken":0,"max_hp_gain":0,"max_hp_loss":0,"event_name":"Purifier","floor":8,"gold_loss":0},{"damage_healed":0,"gold_gain":0,"player_choice":"Fight","damage_taken":0,"max_hp_gain":0,"max_hp_loss":0,"event_name":"Mysterious Sphere","floor":37,"gold_loss":0},{"cards_removed":["sneckomod:Strike"],"damage_healed":0,"gold_gain":0,"player_choice":"Purged","damage_taken":0,"max_hp_gain":0,"max_hp_loss":0,"event_name":"Purifier","floor":40,"gold_loss":0}],"is_beta":false,"boss_relics":[{"not_picked":["downfall:Hecktoplasm","Fusion Hammer"],"picked":"Snecko Eye"},{"not_picked":["Empty Cage","SlaversCollar"],"picked":"sneckomod:SuperSneckoSoul"}],"items_purged_floors":[21],"is_endless":false,"potions_floor_spawned":[10,12,14,19,26,32,37,38],"killed_by":"Nemesis","ascension_level":20}}