{"host":"e87rn453naquue3h","time":1608782053,"event":{"mods":["AchievementEnabler","BaseMod","Downfall","Minty Spire (QoL Compilation)","StSLib"],"gold_per_floor":[99,119,119,136,148,73,100,119,138,172,97,97,132,132,149,254,254,179,192,192,211,20,20,20,20,36,71,71,84,84,99,117,219,219,219,237,49,324,336,336,336,53,85,19,47,62,62,62,72,72,72,100,0,0,0],"floor_reached":56,"playtime":5663,"items_purged":["hexamod:Haunted","Guardian:Defend_Guardian"],"score":1540,"play_id":"dd2d6d70-6ee5-4f85-aa8c-43864a624e0a","local_time":"20201223225413","is_ascension_mode":true,"campfire_choices":[{"floor":1,"key":"RECALL"},{"data":"Guardian:Harden","floor":6,"key":"SMITH"},{"data":"Guardian:ChargeUp","floor":11,"key":"SMITH"},{"data":"Guardian:ChargeUp","floor":18,"key":"SMITH"},{"data":"expansioncontent:StudyTheSpire","floor":23,"key":"SMITH"},{"floor":25,"key":"REST"},{"data":"Guardian:Orbwalk","floor":30,"key":"SMITH"},{"data":"Guardian:TimeCapacitor","floor":35,"key":"SMITH"},{"data":"Guardian:TimeSifter","floor":40,"key":"SMITH"},{"floor":47,"key":"REST"},{"floor":54,"key":"REST"}],"circlet_count":0,"master_deck":["Guardian:Strike_Guardian","Guardian:Strike_Guardian","Guardian:Strike_Guardian+1","Guardian:Strike_Guardian","Guardian:Defend_Guardian+1","Guardian:Defend_Guardian","Guardian:CurlUp","Guardian:TwinSlam","Guardian:Harden+1","Guardian:Orbwalk+1","Guardian:ChargeCore","Guardian:ChargeUp+1","Guardian:FastForward+1","Guardian:ChargeUp+1","Regret","Guardian:TemporalShield","Regret","Guardian:ArmoredProtocol","Guardian:BronzeOrb","Guardian:TimeBomb","expansioncontent:StudyTheSpire+1","Shame","Guardian:BronzeArmor+1","Guardian:Suspension","Guardian:GuardianWhirl+1","Guardian:TimeCapacitor+1","Guardian:TimeSifter+1","Guardian:TemporalStrike+1","Regret","Guardian:ChargeCore+1","hexamod:Haunted","Guardian:StasisEngine","Guardian:TimeCapacitor","Guardian:TemporalShield","Panache","Guardian:Clone","Guardian:Recover","Guardian:Planning+1","Guardian:Preprogram+1"],"relics":["Cursed Key","downfall:HeartBlessingRed","Blue Candle","downfall:HeartBlessingBlue","Potion Belt","PreservedInsect","Runic Pyramid","downfall:HeartBlessingGreen","Letter Opener","Art of War","Philosopher\u0027s Stone","Gambling Chip","Regal Pillow","Dead Branch","Orichalcum","Eternal Feather"],"acts_visited":["Exordium","TheCity","TheBeyond","TheEnding"],"potions_floor_usage":[13,33,42,43,55,55,55,55,55,55,55,55,55,55,55,55],"damage_taken":[{"damage":0,"enemies":"2 Louse","floor":2,"turns":3},{"damage":0,"enemies":"Cultist","floor":4,"turns":3},{"damage":0,"enemies":"Jaw Worm","floor":5,"turns":3},{"damage":0,"enemies":"2 Fungi Beasts","floor":8,"turns":3},{"damage":0,"enemies":"3 Louse","floor":9,"turns":3},{"damage":18,"enemies":"3 Sentries","floor":10,"turns":6},{"damage":7,"enemies":"Gremlin Nob","floor":13,"turns":4},{"damage":14,"enemies":"Exordium Thugs","floor":15,"turns":5},{"damage":16,"enemies":"downfall:Ironclad","floor":16,"turns":9},{"damage":2,"enemies":"Spheric Guardian","floor":19,"turns":4},{"damage":17,"enemies":"3 Byrds","floor":21,"turns":4},{"damage":2,"enemies":"downfall:FleeingMerchant","floor":22,"turns":4},{"damage":6,"enemies":"Cultist and Chosen","floor":26,"turns":5},{"damage":3,"enemies":"Book of Stabbing","floor":27,"turns":4},{"damage":15,"enemies":"Shelled Parasite and Fungi","floor":29,"turns":5},{"damage":3,"enemies":"Snecko","floor":31,"turns":5},{"damage":10,"enemies":"Snake Plant","floor":32,"turns":4},{"damage":26,"enemies":"downfall:Silent","floor":33,"turns":7},{"damage":2,"enemies":"3 Shapes","floor":36,"turns":5},{"damage":2,"enemies":"downfall:FleeingMerchant","floor":37,"turns":4},{"damage":18,"enemies":"Orb Walker","floor":39,"turns":3},{"damage":23,"enemies":"downfall:FleeingMerchant","floor":42,"turns":4},{"damage":9,"enemies":"Giant Head","floor":43,"turns":8},{"damage":0,"enemies":"downfall:FleeingMerchant","floor":44,"turns":1},{"damage":16,"enemies":"Reptomancer","floor":45,"turns":4},{"damage":1,"enemies":"Jaw Worm Horde","floor":46,"turns":4},{"damage":28,"enemies":"Writhing Mass","floor":49,"turns":5},{"damage":4,"enemies":"downfall:Watcher","floor":50,"turns":7},{"damage":47,"enemies":"downfall:CharBossMerchant","floor":52,"turns":7},{"damage":7,"enemies":"downfall:NeowBoss","floor":55,"turns":15}],"seed_played":"-3785612028274837659","potions_obtained":[{"floor":2,"key":"Weak Potion"},{"floor":4,"key":"sneckomod:MuddlingPotion"},{"floor":8,"key":"LiquidMemories"},{"floor":26,"key":"Energy Potion"},{"floor":29,"key":"SkillPotion"},{"floor":32,"key":"Fire Potion"},{"floor":39,"key":"Weak Potion"},{"floor":45,"key":"GamblersBrew"},{"floor":48,"key":"EntropicBrew"},{"floor":48,"key":"EssenceOfSteel"},{"floor":48,"key":"AttackPotion"}],"is_trial":false,"path_per_floor":["R","M","?","M","M","R","T","M","M","E","R","?","E","?","M","B",null,"R","M","?","M","$","R","T","R","M","E","?","M","R","M","M","B",null,"R","M","$","?","M","R","T","$","E","$","E","M","R","?","M","B",null,"E","$","R","B",null],"character_chosen":"GUARDIAN","items_purchased":["expansioncontent:StudyTheSpire","FairyPotion","Guardian:TimeCapacitor","Guardian:TemporalShield","Panache","Dead Branch","EntropicBrew"],"campfire_rested":3,"item_purchase_floors":[22,37,42,42,42,44,44],"current_hp_per_floor":[80,80,80,80,80,80,80,80,80,62,72,72,65,65,51,35,90,90,88,70,53,51,51,51,79,73,70,70,55,55,52,42,16,95,95,93,91,91,73,73,73,50,41,41,25,24,67,67,39,35,95,48,48,95,88],"gold":0,"neow_bonus":"BOSS_RELIC","is_daily":false,"chose_seed":false,"campfire_upgraded":7,"win_rate":0.0,"timestamp":1608782053,"path_taken":["R","M","?","M","M","R","T","?","M","E","R","?","E","?","M","BOSS","R","M","?","M","$","R","T","R","M","E","?","M","R","M","M","BOSS","R","M","$","?","M","R","T","?","E","$","E","M","R","?","M","BOSS","E","$","R","BOSS"],"items_purchased_type":["Card","Potion","Card","Card","Card","Relic","Potion"],"build_version":"2020-12-22","purchased_purges":2,"victory":true,"max_hp_per_floor":[80,80,80,80,80,80,80,80,80,80,90,90,90,90,90,90,90,90,90,95,95,95,95,95,95,95,95,95,95,95,95,95,95,95,95,95,95,95,95,95,95,95,95,95,95,95,95,95,95,95,95,95,95,95,95],"card_choices":[{"not_picked":["Guardian:RefractedBeam","Guardian:ChargeCore"],"picked":"Guardian:Harden","floor":2},{"not_picked":["Guardian:ChargeCore","Guardian:RollAttack"],"picked":"Guardian:Orbwalk","floor":4},{"not_picked":["Guardian:ShieldCharger","Guardian:Gem_Red"],"picked":"Guardian:ChargeCore","floor":5},{"not_picked":["Guardian:Gem_Green","Guardian:PolyBeam"],"picked":"Guardian:ChargeUp","floor":8},{"not_picked":["Guardian:RollAttack","Guardian:Planning"],"picked":"Guardian:FastForward","floor":9},{"not_picked":["Guardian:RollAttack","Guardian:WalkerClaw"],"picked":"Guardian:ChargeUp","floor":10},{"not_picked":["Guardian:Recover","Guardian:Gem_Cyan"],"picked":"Guardian:TemporalShield","floor":13},{"not_picked":["Guardian:WalkerClaw","Guardian:RollAttack"],"picked":"Guardian:ArmoredProtocol","floor":15},{"not_picked":["Guardian:Gem_Synthetic","Guardian:StasisEngine"],"picked":"Guardian:Gem_Orange","floor":16},{"not_picked":["Guardian:Repulse+1","Guardian:RollAttack","Guardian:Gem_Red"],"picked":"SKIP","floor":19},{"not_picked":["Guardian:DonusPower","Guardian:Suspension"],"picked":"Guardian:BronzeOrb","floor":21},{"not_picked":["Guardian:TemporalStrike","Guardian:Planning+1"],"picked":"Guardian:TimeBomb","floor":22},{"not_picked":["Guardian:RollAttack+1","Guardian:Gem_Cyan"],"picked":"Guardian:BronzeArmor+1","floor":26},{"not_picked":["Guardian:RollAttack+1","Guardian:ArmoredProtocol"],"picked":"Guardian:Suspension","floor":27},{"not_picked":["Guardian:ShieldCharger","Guardian:Clone+1"],"picked":"Guardian:GuardianWhirl+1","floor":29},{"not_picked":["Guardian:Gem_Green","Guardian:Gem_Cyan","Guardian:EvasiveProtocol+1"],"picked":"SKIP","floor":31},{"not_picked":["Guardian:ArmoredProtocol","Guardian:Incinerate"],"picked":"Guardian:TimeCapacitor","floor":32},{"not_picked":["Guardian:GemFinder","Guardian:RevengeProtocol"],"picked":"Guardian:TimeSifter","floor":33},{"not_picked":["Guardian:Incinerate+1","Guardian:Recover"],"picked":"Guardian:Gem_White","floor":36},{"not_picked":["Guardian:ConstructionForm","Guardian:Recover"],"picked":"Guardian:TemporalStrike+1","floor":37},{"not_picked":["Guardian:Gem_Cyan","Guardian:Recover+1"],"picked":"Guardian:ChargeCore+1","floor":39},{"not_picked":["Guardian:Incinerate","Guardian:Reroute"],"picked":"Guardian:StasisEngine","floor":42},{"not_picked":["Guardian:ConstructionForm","Guardian:BronzeArmor+1"],"picked":"Guardian:Clone","floor":43},{"not_picked":["Guardian:TimeBomb","Guardian:Emergency+1"],"picked":"Guardian:Recover","floor":44},{"not_picked":["Guardian:Repulse","Guardian:BronzeOrb"],"picked":"Guardian:Gem_Yellow","floor":45},{"not_picked":["Guardian:ChargeCore","Guardian:TemporalStrike+1","Guardian:Gem_Green"],"picked":"SKIP","floor":46},{"not_picked":["Guardian:RollAttack+1","Guardian:FuturePlans+1"],"picked":"Guardian:Planning+1","floor":49},{"not_picked":["Guardian:SentryBeam+1","Guardian:CrystalBeam"],"picked":"Guardian:Preprogram+1","floor":52}],"player_experience":2374362,"relics_obtained":[{"floor":10,"key":"Blue Candle"},{"floor":13,"key":"PreservedInsect"},{"floor":24,"key":"Letter Opener"},{"floor":27,"key":"Art of War"},{"floor":41,"key":"Gambling Chip"},{"floor":43,"key":"Regal Pillow"},{"floor":45,"key":"Orichalcum"},{"floor":52,"key":"Eternal Feather"}],"event_choices":[{"cards_removed":["Guardian:Defend_Guardian"],"damage_healed":0,"gold_gain":0,"player_choice":"Offered Basic","damage_taken":0,"max_hp_gain":0,"max_hp_loss":0,"event_name":"Bonfire Elementals","floor":3,"gold_loss":0},{"damage_healed":0,"gold_gain":0,"player_choice":"Box","damage_taken":0,"relics_obtained":["Potion Belt"],"max_hp_gain":0,"max_hp_loss":0,"event_name":"Big Fish","floor":12,"gold_loss":0,"cards_obtained":["Regret"]},{"damage_healed":0,"gold_gain":0,"player_choice":"Got Potions","damage_taken":0,"max_hp_gain":0,"max_hp_loss":0,"event_name":"Lab","floor":48,"gold_loss":0}],"is_beta":false,"boss_relics":[{"not_picked":["Busted Crown","Coffee Dripper"],"picked":"Runic Pyramid"},{"not_picked":["Runic Dome","Black Star"],"picked":"Philosopher\u0027s Stone"}],"items_purged_floors":[37,53],"is_endless":false,"potions_floor_spawned":[2,4,8,26,29,32,39,45,46,49,52],"ascension_level":1}}