{"host":"pz1ko3gi7nsxydm3","time":1608787016,"event":{"mods":["AchievementEnabler","Act Like it!","BaseMod","Better Note","Better Third Choice","Colored Map","Downfall","Hallownest","Hermit","Hubris","Infinite Spire","Minty Spire (QoL Compilation)","Rare Cards Sparkle","Replay The Spire","StSLib","The Bug Knight","The Jungle","??????REMEMod"],"gold_per_floor":[119,144,71,71,96,96,131,131,157,157,65,35,59,6,6,135,135,154,177,177,177,177,220,220,220,220,220,28,43,90,5,5,136,136,160,160,178,198,198,198,239,274,274,58,58,98,98,118,118,118,118,118,29,73,73],"floor_reached":56,"playtime":3903,"items_purged":[],"score":1284,"play_id":"0c4fc8a4-6212-4c76-9425-b9cf6d533fc3","local_time":"20201224051656","is_ascension_mode":true,"campfire_choices":[{"floor":6,"key":"REST"},{"floor":10,"key":"RECALL"},{"floor":15,"key":"REST"},{"data":"REME_GreenPollution","floor":25,"key":"SMITH"},{"data":"ReplayTheSpireMod:Black Plague","floor":27,"key":"SMITH"},{"data":"Adrenaline","floor":32,"key":"SMITH"},{"data":"Midas Touch","floor":40,"key":"SMITH"},{"data":"Catalyst","floor":45,"key":"SMITH"},{"data":"hubris:DuctTapeCard","floor":47,"key":"SMITH"},{"data":"Bullet Time","floor":49,"key":"SMITH"},{"data":"Replay:BasicMightCard","floor":52,"key":"SMITH"}],"circlet_count":0,"master_deck":["Defend_G","Defend_G","Defend_G","Defend_G","Defend_G","Survivor","Neutralize","Midas Touch+1","hermit:Defend_Hermit","infinitespire:Neurotoxin","Accuracy","REME_GreenPollution+1","Prepared","REME_ShadowStrike","Replay:BasicMightCard+1","Replay:Poison Smokescreen","PiercingWail","Adrenaline+1","REME_MagicPocketWatch+1","All Out Attack+1","Catalyst+1","Replay:Bag of Tricks","Bite","Bite","Bite","Bite","Bite","ReplayTheSpireMod:Black Plague+1","Dark Shackles+1","Bane+1","Replay:SS_forest_5","Corpse Explosion","ReplayTheSpireMod:Scrap Shanks","Toxin Wave","Hallownest:curseDreamersLament","Bullet Time+1","REME_ProfessionalPlagiarism","hubris:DuctTapeCard+2","Bane","Noxious Fumes","ReplayTheSpireMod:The Works+1","hubris:SlightOfHand+1","Replay:Sssssssssshield","Sadistic Nature"],"relics":["Sizzling Blood","REME_ComplimentaryCards","Golden Idol","Anchor","infinitespire:Cubic Diamond","Replay:Wax Seal","REME_LowDesire","Bronze Scales","Replay:Rubber Ducky","Snecko Heart","Ornamental Fan","Eternal Feather","hubris:Towel","REME_HourglassOfDeath","hubris:ToyBattleship","Honey Jar","OrangePellets","Hallownest:BeastSealRelic","hubris:TenFootPole","hubris:DuctTape","Replay:Ringing Soul","Nunchaku","Replay:Baseball"],"acts_visited":["Exordium","TheCity","TheCity","TheEnding"],"potions_floor_usage":[16,16,16,38,42,42,42,50,55,55,55],"damage_taken":[{"damage":0,"enemies":"Cultist","floor":1,"turns":3},{"damage":6,"enemies":"Small Slimes","floor":5,"turns":2},{"damage":31,"enemies":"Lagavulin","floor":7,"turns":6},{"damage":0,"enemies":"2 Louse","floor":13,"turns":2},{"damage":70,"enemies":"Fading Forest","floor":16,"turns":11},{"damage":8,"enemies":"Chosen","floor":18,"turns":6},{"damage":14,"enemies":"Spheric Guardian","floor":19,"turns":5},{"damage":19,"enemies":"Book of Stabbing","floor":23,"turns":4},{"damage":0,"enemies":"Centurion and Healer","floor":29,"turns":3},{"damage":9,"enemies":"Collector","floor":33,"turns":6},{"damage":5,"enemies":"Hallownest:2_Littles","floor":35,"turns":5},{"damage":0,"enemies":"Hallownest:Shield_Heavy","floor":37,"turns":3},{"damage":4,"enemies":"Hallownest:Xero_Hu_Marmu","floor":38,"turns":4},{"damage":5,"enemies":"Hallownest:eliteCollector","floor":42,"turns":7},{"damage":0,"enemies":"Hallownest:StalkingDevout","floor":46,"turns":3},{"damage":0,"enemies":"Hallownest:2_Soldiers_and_1_Guardian","floor":48,"turns":4},{"damage":34,"enemies":"Hallownest:Radiance","floor":50,"turns":5},{"damage":13,"enemies":"Shield and Spear","floor":54,"turns":5},{"damage":45,"enemies":"The Heart","floor":55,"turns":9}],"seed_played":"-6229006792700706219","potions_obtained":[{"floor":1,"key":"Strength Potion"},{"floor":12,"key":"Dexterity Potion"},{"floor":12,"key":"Explosive Potion"},{"floor":16,"key":"sneckomod:MuddlingPotion"},{"floor":19,"key":"SkillPotion"},{"floor":23,"key":"sneckomod:MuddlingPotion"},{"floor":33,"key":"Swift Potion"},{"floor":35,"key":"LifebloodPotion"},{"floor":41,"key":"Venom Potion"},{"floor":46,"key":"Poison Potion"},{"floor":48,"key":"Regen Potion"}],"is_trial":false,"path_per_floor":["M","T","$","?","M","R","E","?","T","R","$","?","M","$","R","B",null,"M","M","?","?","AVR","E","?","R","T","R","$","M","T","$","R","B",null,"M","AVR","M","M","?","R","?","E","T","$","R","E","R","M","R","B",null,"R","$","E","B",null],"character_chosen":"THE_SILENT","items_purchased":["REME_GreenPollution","Replay:BasicMightCard","PiercingWail","REME_BodyOfCthun","Replay:SS_forest_5","Noxious Fumes","Elixir","Slimebound:ThreeZeroPotion","Replay:Sssssssssshield"],"campfire_rested":2,"item_purchase_floors":[3,11,14,28,31,44,44,44,53],"current_hp_per_floor":[70,70,70,53,47,68,37,37,37,37,37,37,41,41,62,12,70,66,56,56,49,49,34,34,49,49,49,49,49,49,49,49,48,49,49,49,49,49,49,49,37,36,36,39,52,55,55,58,58,34,58,58,61,57,34],"gold":73,"neow_bonus":"THREE_RARE_CARDS","is_daily":false,"chose_seed":false,"campfire_upgraded":8,"win_rate":0.0,"timestamp":1608787016,"path_taken":["M","?","$","?","M","R","E","?","T","R","?","?","?","$","R","BOSS","M","M","?","?","AVR","E","?","R","T","R","$","M","?","$","R","BOSS","M","AVR","M","M","?","R","?","E","T","$","R","E","R","M","R","BOSS","R","$","E","BOSS"],"items_purchased_type":["Card","Card","Card","Card","Card","Card","Potion","Potion","Card"],"build_version":"2020-12-22","purchased_purges":0,"victory":true,"max_hp_per_floor":[70,70,70,70,70,70,70,70,70,70,70,70,70,70,70,70,70,70,70,70,49,49,49,49,49,49,49,49,49,49,49,49,49,49,49,49,49,49,49,49,49,49,49,52,52,55,55,58,58,58,58,58,61,64,64],"card_choices":[{"not_picked":["Night Terror","REME_SpectralBlade"],"picked":"infinitespire:Neurotoxin","floor":0},{"not_picked":["Well Laid Plans","Escape Plan"],"picked":"Accuracy","floor":1},{"not_picked":["Escape Plan","Sucker Punch"],"picked":"Prepared","floor":5},{"not_picked":["REME_CopyPotion","Acrobatics"],"picked":"REME_ShadowStrike","floor":7},{"not_picked":["Sucker Punch","Bane"],"picked":"Replay:Poison Smokescreen","floor":13},{"not_picked":["Unload","infinitespire:Neurotoxin"],"picked":"Adrenaline","floor":16},{"not_picked":["Dash","Bane+1","ReplayTheSpireMod:Tripwire+1"],"picked":"REME_MagicPocketWatch+1","floor":18},{"not_picked":["Acrobatics","Blade Dance","REME_TwoStrings"],"picked":"All Out Attack+1","floor":19},{"not_picked":["Hidden Blade","Eviscerate","PiercingWail"],"picked":"Dark Shackles+1","floor":23},{"not_picked":["Dodge and Roll+1","Dagger Spray+1","Magnetism"],"picked":"Bane+1","floor":29},{"not_picked":["REME_GrazeFinale","Malaise","expansioncontent:ChargeUp"],"picked":"Corpse Explosion","floor":33},{"not_picked":["Backflip+1","ReplayTheSpireMod:The Works+1","Cloak And Dagger+1","expansioncontent:GuardianWhirl"],"picked":"ReplayTheSpireMod:Scrap Shanks","floor":35},{"not_picked":["Quick Slash+1","A Thousand Cuts","Eviscerate","Specialist+1"],"picked":"Toxin Wave","floor":37},{"not_picked":["Dagger Spray","Slice+1","Eviscerate","Heel Hook"],"picked":"REME_EyeOfCthun","floor":38},{"not_picked":["Slice+1","hubris:TrickCloak+1","Bane+1","expansioncontent:AwakenDeath+1"],"picked":"Bullet Time","floor":41},{"not_picked":["Hidden Blade","REME_GreenPollution","Sucker Punch","Dagger Spray"],"picked":"REME_ProfessionalPlagiarism","floor":41},{"not_picked":["Deadly Poison+1","REME_ShadowStrike+1","Backflip+1","REME_BodyOfCthun"],"picked":"Bane","floor":42},{"not_picked":["hubris:TrickCloak+1","Malaise","Reflex","Secret Weapon"],"picked":"ReplayTheSpireMod:The Works+1","floor":46},{"not_picked":["Underhanded Strike","Heel Hook+1","Dodge and Roll+1","expansioncontent:Collect+1"],"picked":"hubris:SlightOfHand+1","floor":48},{"not_picked":["hubris:Sniper+1","Hidden Blade","Blade Dance","Slice+1"],"picked":"Sadistic Nature","floor":54}],"player_experience":99748,"relics_obtained":[{"floor":7,"key":"Anchor"},{"floor":9,"key":"Replay:Wax Seal"},{"floor":17,"key":"Bronze Scales"},{"floor":17,"key":"Replay:Rubber Ducky"},{"floor":23,"key":"Eternal Feather"},{"floor":26,"key":"REME_HourglassOfDeath"},{"floor":30,"key":"hubris:ToyBattleship"},{"floor":41,"key":"hubris:TenFootPole"},{"floor":42,"key":"hubris:DuctTape"},{"floor":43,"key":"Replay:Ringing Soul"},{"floor":46,"key":"Nunchaku"},{"floor":54,"key":"Replay:Baseball"}],"event_choices":[{"damage_healed":0,"gold_gain":0,"player_choice":"Take Damage","damage_taken":17,"relics_obtained":["Golden Idol"],"max_hp_gain":0,"max_hp_loss":0,"event_name":"Golden Idol","floor":4,"gold_loss":0},{"damage_healed":0,"gold_gain":0,"player_choice":"Bought 2 Potions","damage_taken":0,"max_hp_gain":0,"max_hp_loss":0,"event_name":"The Woman in Blue","floor":12,"gold_loss":0},{"damage_healed":0,"gold_gain":0,"cards_transformed":["Strike_G","Strike_G"],"player_choice":"Became Test Subject","damage_taken":0,"max_hp_gain":0,"max_hp_loss":0,"event_name":"Drug Dealer","floor":20,"gold_loss":0,"cards_obtained":["Catalyst","Replay:Bag of Tricks"]},{"damage_healed":0,"gold_gain":0,"player_choice":"Became a vampire","damage_taken":0,"max_hp_gain":0,"max_hp_loss":21,"event_name":"Vampires","floor":21,"gold_loss":0,"cards_obtained":["Bite","Bite","Bite","Bite","Bite"]}],"is_beta":false,"boss_relics":[{"not_picked":["hubris:RunicObelisk","hubris:BlackHole"],"picked":"REME_LowDesire"},{"not_picked":["SacredBark","Snecko Eye"],"picked":"Honey Jar"}],"items_purged_floors":[],"is_endless":false,"potions_floor_spawned":[1,16,19,23,33,35,46,48],"ascension_level":1}}