{"host":"580ga1x1z8x1b2ni","time":1608811245,"event":{"mods":["Act Like it!","BaseMod","BetterRewards","Hallownest","Hubris","Minty Spire (QoL Compilation)","Replay The Spire","StSLib","Waifu the Spire","[IsaacMod]ÒÔÈö¼âËþ","vexMod"],"gold_per_floor":[111,208,94,94,94,94,127,127,127,139,153,38,69,81,81,182,182,193,108,108,124,49,49,121,49,49,78,98,18,18,29,29,133,133,133,146,164,181,181,213,213,213,213,213,232,232,242,242,242,242,242,242,242,275,275],"floor_reached":56,"playtime":3359,"items_purged":["Strike_P","Strike_P","CutThroughFate","Defend_P","Evaluate+1","Defend_P","Defend_P"],"score":1453,"play_id":"5cbb2a84-c544-49e5-ab6e-6f46e5fc2f51","local_time":"20201224200045","is_ascension_mode":true,"campfire_choices":[{"data":"Eruption","floor":6.0,"key":"SMITH"},{"data":"MentalFortress","floor":8.0,"key":"SMITH"},{"floor":15.0,"key":"REST"},{"floor":23.0,"key":"REST"},{"data":"Adaptation","floor":30.0,"key":"SMITH"},{"floor":32.0,"key":"REST"},{"data":"TalkToTheHand","floor":42.0,"key":"SMITH"},{"data":"MentalFortress","floor":46,"key":"SMITH"},{"floor":49,"key":"RECALL"},{"data":"ClearTheMind","floor":52,"key":"SMITH"}],"circlet_count":0,"master_deck":["Eruption+1","Vigilance","FlurryOfBlows+1","ClearTheMind+1","MentalFortress+1","EmptyBody","Omniscience","EmptyMind+1","Adaptation+1","Tantrum+1","Fasting2+1","Adaptation+1","Hallownest:skillCityofTearsMap+1","DeusExMachina+1","TalkToTheHand+1","Finesse","ClearTheMind+1","MentalFortress+1","Master of Strategy","Flash of Steel"],"relics":["HushsDoor","SteamSale","VioletLotus","vexMod:InvisibilityCloak","Replay:WaspNest","Orichalcum","Torii","Odd Mushroom","Empty Cage","Membership Card","hubris:Metronome","Whetstone","Bag of Marbles","Replay:Bottled Snecko","vexMod:ImprovementManual","hubris:ToyBattleship","Counterbalance","Chaos","Replay:Purple Gloves","TungstenRod","Nunchaku","Lee\u0027s Waffle","Anchor","Bottled Lightning","InkBottle"],"acts_visited":["Hallownest:Greenpath","Hallownest:CityofTears","Hallownest:KingdomsEdge","TheEnding"],"potions_floor_usage":[55,55,55],"damage_taken":[{"damage":3.0,"enemies":"Hallownest:2_MossCreeps","floor":1.0,"turns":9.0},{"damage":9.0,"enemies":"Hallownest:eliteVengeflyKing","floor":7.0,"turns":10.0},{"damage":0.0,"enemies":"Hallownest:2_Baldur","floor":10.0,"turns":3.0},{"damage":0.0,"enemies":"2_ Uuma","floor":11.0,"turns":7.0},{"damage":7.0,"enemies":"Hallownest:eliteCrystalGuardian","floor":13.0,"turns":5.0},{"damage":9.0,"enemies":"Hallownest:monsterFoolEater","floor":14.0,"turns":3.0},{"damage":16.0,"enemies":"Hallownest:BossFalseKnight","floor":16.0,"turns":14.0},{"damage":4.0,"enemies":"Hallownest:3_Youths","floor":18.0,"turns":7.0},{"damage":62.0,"enemies":"Hallownest:2_Mistakes","floor":21.0,"turns":19.0},{"damage":0.0,"enemies":"Hallownest:eliteSoulWarrior","floor":27.0,"turns":4.0},{"damage":0.0,"enemies":"Hallownest:Warrior_and_Youth","floor":28.0,"turns":3.0},{"damage":0.0,"enemies":"Hallownest:monsterShrumalOgre","floor":31.0,"turns":3.0},{"damage":20.0,"enemies":"Hallownest:BossSoulMaster","floor":33.0,"turns":10.0},{"damage":2.0,"enemies":"Hallownest:2_Littles","floor":35.0,"turns":2.0},{"damage":0.0,"enemies":"Hallownest:Shield_Heavy","floor":36.0,"turns":2.0},{"damage":0.0,"enemies":"Hallownest:monsterPrimalAspid","floor":37.0,"turns":2.0},{"damage":0.0,"enemies":"Hallownest:2_Wandering_and_1_Horned","floor":38.0,"turns":5.0},{"damage":0.0,"enemies":"Hallownest:StalkingDevout","floor":40.0,"turns":3.0},{"damage":0,"enemies":"Hallownest:Xero_Hu_Marmu","floor":45,"turns":1},{"damage":0,"enemies":"Hallownest:2_Great","floor":47,"turns":1},{"damage":0,"enemies":"Hallownest:BossGreyPrinceZote","floor":50,"turns":2},{"damage":0,"enemies":"Shield and Spear","floor":54,"turns":1},{"damage":0,"enemies":"The Heart","floor":55,"turns":4}],"seed_played":"-6123254351238098017","potions_obtained":[{"floor":1.0,"key":"SneckoOil"},{"floor":7.0,"key":"ColorlessPotion"},{"floor":13.0,"key":"Energy Potion"},{"floor":16.0,"key":"SteroidPotion"},{"floor":18.0,"key":"SkillPotion"},{"floor":37.0,"key":"Weak Potion"},{"floor":38.0,"key":"SteroidPotion"}],"is_trial":false,"path_per_floor":["M","?","$","?","?","R","E","R","T","M","M","?","E","M","R","B",null,"M","$","?","M","$","R","?","$","T","E","M","?","R","M","R","B",null,"M","M","M","M","$","E","$","R","T","$","M","R","M","?","R","B",null,"R","$","E","B",null],"character_chosen":"WATCHER","items_purchased":["FlurryOfBlows","ClearTheMind","MentalFortress","EmptyMind","Tantrum","Fasting2","Membership Card","hubris:Metronome","SmokeBomb","EssenceOfSteel","Whetstone","hubris:ToyBattleship","Counterbalance","Finesse","BottledMiracle","Replay:Purple Gloves","TungstenRod","MentalFortress","Swift Potion","Bomb","Master of Strategy","Nunchaku","Lee\u0027s Waffle","Anchor","SkillPotion","Flash of Steel","Bottled Lightning"],"campfire_rested":3,"item_purchase_floors":[3,3,3,19,22,22,25,25,25,25,25,39,39,39,39,41,41,41,41,41,41,44,44,44,44,44,53],"current_hp_per_floor":[69,54,54,44,44,44,35,35,35,35,35,35,28,19,40,24,72,68,68,72,10,10,31,16,16,16,16,16,16,16,16,37,17,72,70,70,70,70,70,70,70,70,70,79,79,79,79,79,79,79,79,79,79,79,79],"gold":275,"neow_bonus":"BOSS_RELIC","is_daily":false,"chose_seed":false,"campfire_upgraded":6,"win_rate":0.0,"timestamp":1608811245,"path_taken":["M","?","$","?","?","R","E","R","T","M","?","?","E","?","R","BOSS","M","$","?","M","$","R","?","$","T","E","M","?","R","?","R","BOSS","M","?","M","M","$","E","$","R","T","$","M","R","?","?","R","BOSS","R","$","E","BOSS"],"items_purchased_type":["Card","Card","Card","Card","Card","Card","Relic","Relic","Potion","Potion","Relic","Relic","Relic","Card","Potion","Relic","Relic","Card","Potion","Card","Card","Relic","Relic","Relic","Potion","Card","Relic"],"build_version":"2020-12-22","purchased_purges":7,"victory":true,"max_hp_per_floor":[72,72,72,72,72,72,72,72,72,72,72,72,72,72,72,72,72,72,72,72,72,72,72,72,72,72,72,72,72,72,72,72,72,72,72,72,72,72,72,72,72,72,72,79,79,79,79,79,79,79,79,79,79,79,79],"card_choices":[{"not_picked":["Swivel","ThirdEye","SashWhip"],"picked":"SKIP","floor":1.0},{"not_picked":["ForeignInfluence","Prostrate"],"picked":"Blasphemy","floor":7.0},{"not_picked":["Halt","Replay:Vibes"],"picked":"EmptyBody","floor":10.0},{"not_picked":["Sanctity","Replay:ManipulateFuture"],"picked":"CutThroughFate","floor":11.0},{"not_picked":["Replay:ManipulateFuture","DeceiveReality","SashWhip"],"picked":"SKIP","floor":13.0},{"not_picked":["ClearTheMind","CrushJoints","FlyingSleeves"],"picked":"SKIP","floor":14.0},{"not_picked":["MasterReality","Ragnarok"],"picked":"Omniscience","floor":16.0},{"not_picked":["FollowUp+1","Replay:AtTheReady"],"picked":"Evaluate+1","floor":18.0},{"not_picked":["FlurryOfBlows","Prostrate"],"picked":"Adaptation","floor":21.0},{"not_picked":["PathToVictory","Replay:BluntJabs","JustLucky"],"picked":"SKIP","floor":27.0},{"not_picked":["Replay:AtTheReady+1","Pray"],"picked":"Adaptation","floor":28.0},{"not_picked":["EmptyMind+1","Protect","Meditate"],"picked":"SKIP","floor":31.0},{"not_picked":["Judgement","Brilliance"],"picked":"DeusExMachina","floor":33.0},{"not_picked":["Evaluate","CrushJoints+1","BowlingBash+1"],"picked":"SKIP","floor":36.0},{"not_picked":["WheelKick+1","WindmillStrike"],"picked":"TalkToTheHand","floor":37.0},{"not_picked":["BowlingBash","ClearTheMind","Tantrum"],"picked":"SKIP","floor":38.0},{"not_picked":["Halt","Replay:Anticipation"],"picked":"ClearTheMind+1","floor":40.0},{"not_picked":["ClearTheMind+1","ReachHeaven+1","CrushJoints"],"picked":"SKIP","floor":45},{"not_picked":["ThirdEye+1","EmptyBody","CutThroughFate+1"],"picked":"SKIP","floor":47},{"not_picked":["ClearTheMind","Prostrate+1","Perseverance+1"],"picked":"SKIP","floor":54}],"player_experience":223841,"relics_obtained":[{"floor":7.0,"key":"Orichalcum"},{"floor":9.0,"key":"Torii"},{"floor":26.0,"key":"Bag of Marbles"},{"floor":27.0,"key":"Replay:Bottled Snecko"},{"floor":40.0,"key":"Chaos"},{"floor":54,"key":"InkBottle"}],"event_choices":[],"is_beta":false,"boss_relics":[{"not_picked":["Velvet Choker","vexMod:BigBerry"],"picked":"Empty Cage"},{"not_picked":[]},{"not_picked":["Replay:Ancient Bell","Runic Dome"],"picked":"vexMod:ImprovementManual"},{"not_picked":[]}],"items_purged_floors":[3,19,25,39,41,44,53],"is_endless":false,"potions_floor_spawned":[1,7,13,16,18,27,37,38,45,47],"ascension_level":1}}