{"host":"skr63qsdfgeey3it","time":1608795942,"event":{"mods":["BaseMod","Colored Map","Hubris","Minty Spire (QoL Compilation)","Replay The Spire","Robot Space Explorer","Spicy Shops","StSLib"],"gold_per_floor":[117,117,40,40,32,59,109,39,39,39,81,81,118,139,139,148,148,169,169,183,183,49,91,91,116,167,167,117,52,90,114,114,194,203,223,136,154,154,163,163,33,80,80,80,109,122,132,158,158,158],"floor_reached":51,"playtime":2561,"items_purged":["Looming Evil"],"score":1332,"play_id":"3dff29f0-cf59-4ec6-bfff-bbc34b442e66","local_time":"20201224014542","is_ascension_mode":true,"campfire_choices":[{"data":"Catalyst","floor":10,"key":"SMITH"},{"data":"Noxious Fumes","floor":12,"key":"SMITH"},{"data":"Normality","floor":15,"key":"PURGE"},{"floor":24,"key":"REST"},{"floor":27,"key":"REST"},{"floor":32,"key":"REST"},{"data":"hubris:EnhanceAbility","floor":40,"key":"SMITH"},{"data":"hubris:EnhanceAbility","floor":44,"key":"SMITH"},{"floor":49,"key":"REST"}],"circlet_count":0,"master_deck":["AscendersBane","Strike_G","Strike_G","Strike_G","Strike_G","Defend_G","Defend_G","Defend_G","Defend_G","Defend_G","Survivor","Neutralize","Noxious Fumes+1","Replay:Bootleg Shield Generator","Catalyst+1","Flying Knee","Poison Darts+1","Toxin Wave","Adrenaline","Toxin Wave","Poison Darts","Burst","Sucker Punch+1","Noxious Fumes","Adrenaline","CurseOfTheBell","hubris:EnhanceAbility+1","hubris:EnhanceAbility+1","Overencumbered","Bouncing Flask","Overencumbered"],"relics":["Ring of the Snake","NeowsBlessing","Boot","Replay:Wax Seal","ReplayTheSpireMod:Ring of Addiction","Ring of Greed","White Beast Statue","Chameleon Ring","MawBank","The Courier","Omamori","CeramicFish","Happy Flower","The Specimen","hubris:TerracottaHorce","hubris:Towel","Potion Belt","Snake Skull","Matryoshka","Bronze Scales","MealTicket","Strange Spoon","Blood Vial","Calling Bell","Tiny Chest","Mercury Hourglass","StoneCalendar","ReplayTheSpireMod:ShopPack","Chemical X","Bag of Marbles","Dream Catcher","Eternal Feather","Replay:Bottled Steam"],"acts_visited":["Exordium","TheCity","TheBeyond"],"potions_floor_usage":[13,14,14,16,18,23,23,25,30,33,33,37,45,47,47,50,50,50],"damage_taken":[{"damage":0,"enemies":"Small Slimes","floor":1,"turns":1},{"damage":0,"enemies":"Replay:BlueRogue","floor":6,"turns":1},{"damage":0,"enemies":"3 Sentries","floor":11,"turns":1},{"damage":18,"enemies":"Lagavulin","floor":13,"turns":6},{"damage":4,"enemies":"2 Louse","floor":14,"turns":2},{"damage":32,"enemies":"Fading Forest","floor":16,"turns":11},{"damage":7,"enemies":"Spheric Guardian","floor":18,"turns":4},{"damage":0,"enemies":"Chosen","floor":20,"turns":3},{"damage":17,"enemies":"Slavers","floor":23,"turns":4},{"damage":19,"enemies":"Replay:Snechameleon","floor":25,"turns":5},{"damage":10,"enemies":"Slavers","floor":30,"turns":3},{"damage":13,"enemies":"Snake Plant","floor":31,"turns":3},{"damage":25,"enemies":"Automaton","floor":33,"turns":6},{"damage":3,"enemies":"3 Shapes","floor":35,"turns":4},{"damage":26,"enemies":"3 Darklings","floor":37,"turns":3},{"damage":0,"enemies":"R_Hoarder","floor":45,"turns":5},{"damage":26,"enemies":"4 Shapes","floor":46,"turns":2},{"damage":38,"enemies":"Spire Growth","floor":47,"turns":3},{"damage":0,"enemies":"Transient","floor":48,"turns":5},{"damage":36,"enemies":"Donu and Deca","floor":50,"turns":6}],"seed_played":"3935615623689899009","potions_obtained":[{"floor":7,"key":"Energy Potion"},{"floor":7,"key":"AttackPotion"},{"floor":11,"key":"Regen Potion"},{"floor":13,"key":"Venom Potion"},{"floor":14,"key":"Fruit Juice"},{"floor":16,"key":"ColorlessPotion"},{"floor":18,"key":"GamblersBrew"},{"floor":20,"key":"Poison Potion"},{"floor":23,"key":"LiquidMemories"},{"floor":25,"key":"Explosive Potion"},{"floor":30,"key":"Explosive Potion"},{"floor":31,"key":"SkillPotion"},{"floor":33,"key":"SteroidPotion"},{"floor":35,"key":"AttackPotion"},{"floor":37,"key":"GamblersBrew"},{"floor":45,"key":"Strength Potion"},{"floor":46,"key":"Swift Potion"},{"floor":47,"key":"LiquidBronze"},{"floor":48,"key":"ColorlessPotion"}],"is_trial":false,"path_per_floor":["M","?","$","?","$","E","?","$","T","R","E","R","E","M","R_BF","B",null,"M","?","M","?","$","E","R","E","T","R","?","$","E","M","R","B",null,"M","$","M","?","?","R","$","T","T","R","E","M","M","M","R","B",null],"character_chosen":"THE_SILENT","items_purchased":["Noxious Fumes","Replay:Bootleg Shield Generator","Omamori","Poison Darts","Potion Belt","Strange Spoon","ReplayTheSpireMod:ShopPack","Chemical X"],"campfire_rested":4,"item_purchase_floors":[3,5,8,22,22,29,36,41],"current_hp_per_floor":[63,63,63,51,51,51,51,51,51,51,51,51,58,61,61,45,68,61,40,40,40,40,23,46,27,27,50,50,65,55,44,66,43,68,67,76,48,48,48,48,63,63,63,70,70,44,8,10,49,15],"gold":158,"neow_bonus":"THREE_ENEMY_KILL","is_daily":false,"chose_seed":false,"campfire_upgraded":4,"win_rate":0.0,"timestamp":1608795942,"path_taken":["M","?","$","?","$","E","?","?","T","R","E","R","E","M","R_BF","BOSS","M","?","M","?","$","E","R","E","T","R","?","$","E","M","R","BOSS","M","$","?","?","?","R","$","?","T","R","E","M","M","?","R","BOSS"],"items_purchased_type":["Card","Card","Relic","Card","Relic","Relic","Relic","Relic"],"build_version":"2020-12-22","purchased_purges":1,"victory":true,"max_hp_per_floor":[70,70,70,70,70,70,70,70,70,70,68,68,68,75,75,75,75,75,80,80,80,78,78,78,78,78,78,78,76,76,76,76,76,76,76,76,74,74,74,74,72,72,72,70,70,70,70,70,70,70],"card_choices":[{"not_picked":["Dodge and Roll","PiercingWail"],"picked":"Poisoned Stab","floor":1},{"not_picked":["hubris:SlightOfHand","Acrobatics"],"picked":"Catalyst","floor":6},{"not_picked":["Flechettes","Blur"],"picked":"Flying Knee","floor":11},{"not_picked":["hubris:SlightOfHand","Dagger Spray"],"picked":"Poison Darts","floor":13},{"not_picked":["Setup","Blade Dance"],"picked":"Toxin Wave","floor":14},{"not_picked":["Wraith Form v2","Doppelganger"],"picked":"Adrenaline","floor":16},{"not_picked":["Acrobatics","Cloak And Dagger"],"picked":"Toxin Wave","floor":18},{"not_picked":["Dagger Throw","ReplayTheSpireMod:Tripwire","Distraction"],"picked":"SKIP","floor":20},{"not_picked":["Underhanded Strike+1","Sucker Punch"],"picked":"Burst","floor":23},{"not_picked":["Reflex","ReplayTheSpireMod:Tripwire","ReplayTheSpireMod:The Works"],"picked":"SKIP","floor":25},{"not_picked":["Draining Mist+1","Setup"],"picked":"Sucker Punch+1","floor":30},{"not_picked":["ReplayTheSpireMod:From All Sides","hubris:SlightOfHand"],"picked":"Noxious Fumes","floor":31},{"not_picked":["Bullet Time","Doppelganger"],"picked":"Adrenaline","floor":33},{"not_picked":["Quick Slash","Heel Hook+1","ReplayTheSpireMod:Speed Training"],"picked":"SKIP","floor":35},{"not_picked":["Master of Strategy","Violence"],"picked":"hubris:EnhanceAbility","floor":36},{"not_picked":["Midas Touch","Flash of Steel"],"picked":"hubris:EnhanceAbility","floor":36},{"not_picked":["Hidden Blade+1","Bane","Sneak Up"],"picked":"SKIP","floor":37},{"not_picked":["Infinite Blades+1","Sucker Punch","Acrobatics"],"picked":"SKIP","floor":45},{"not_picked":["Acrobatics","Fluid Movement+1","ReplayTheSpireMod:The Works"],"picked":"SKIP","floor":46},{"not_picked":["Underhanded Strike","Deflect","Distraction"],"picked":"SKIP","floor":47},{"not_picked":["Backflip+1","Sucker Punch","Acrobatics"],"picked":"SKIP","floor":48}],"player_experience":726869,"relics_obtained":[{"floor":6,"key":"Replay:Wax Seal"},{"floor":7,"key":"ReplayTheSpireMod:Ring of Addiction"},{"floor":7,"key":"Ring of Greed"},{"floor":7,"key":"White Beast Statue"},{"floor":7,"key":"Chameleon Ring"},{"floor":7,"key":"MawBank"},{"floor":7,"key":"The Courier"},{"floor":9,"key":"CeramicFish"},{"floor":11,"key":"Happy Flower"},{"floor":13,"key":"The Specimen"},{"floor":23,"key":"Snake Skull"},{"floor":25,"key":"Matryoshka"},{"floor":26,"key":"Bronze Scales"},{"floor":26,"key":"MealTicket"},{"floor":30,"key":"Blood Vial"},{"floor":34,"key":"Tiny Chest"},{"floor":34,"key":"Mercury Hourglass"},{"floor":34,"key":"StoneCalendar"},{"floor":42,"key":"Bag of Marbles"},{"floor":42,"key":"Dream Catcher"},{"floor":43,"key":"Eternal Feather"},{"floor":45,"key":"Replay:Bottled Steam"}],"event_choices":[{"damage_healed":0,"gold_gain":0,"player_choice":"Success","damage_taken":12,"relics_obtained":["Boot"],"max_hp_gain":0,"max_hp_loss":0,"event_name":"Scrap Ooze","floor":4,"gold_loss":0},{"damage_healed":0,"gold_gain":0,"player_choice":"Shed Blood","damage_taken":26,"max_hp_gain":5,"max_hp_loss":0,"event_name":"Forgotten Altar","floor":19,"gold_loss":0},{"damage_healed":0,"gold_gain":0,"player_choice":"Upgrade","damage_taken":0,"max_hp_gain":0,"max_hp_loss":0,"event_name":"Designer","floor":28,"gold_loss":50,"cards_upgraded":["Poison Darts"]},{"cards_removed":["Poisoned Stab"],"damage_healed":0,"gold_gain":0,"player_choice":"Removed Attack","damage_taken":0,"max_hp_gain":0,"max_hp_loss":0,"event_name":"Falling","floor":38,"gold_loss":0}],"is_beta":false,"boss_relics":[{"not_picked":["hubris:Stopwatch","WristBlade"],"picked":"hubris:TerracottaHorce"},{"not_picked":["Pandora\u0027s Box","Black Star"],"picked":"Calling Bell"}],"items_purged_floors":[8],"is_endless":false,"potions_floor_spawned":[11,13,14,16,18,20,23,25,30,31,33,35,37,45,46,47,48],"ascension_level":11}}