{"host":"7z347kdhnquy3q4q","time":1608809551,"event":{"mods":["Act Like it!","Aspiration","BaseMod","Downfall","Hubris","Infinite Spire","Minty Spire (QoL Compilation)","MostiFishMod","Permanent Neow","Potionbrewer","Replay The Spire","Robot Space Explorer","Spicy Shops","StSLib","Wandering Minibosses","vexMod"],"gold_per_floor":[349,361,376,2,14,14,38,38,59,58,99,14,55,76,88,195,195,120,143,158,158,258,258,329,329,341,362,406,331,369,389,409,505,505,505,533,552,552,600,365,441,539,539,556,343,393,412,444,458,560,560,710,722,740,740,740,740,740,758,161,161,161,195,195,221,235,343,343,343,356,556,656,656,449,476,476,518,537,537,550,550,570,581,682,682,682,701,145,157,176,51,76,91,124,150,150,150,150,150,170,274,274,274,286,299,315,336,355,384,384,412,862,897,926,302,314,330,433,433,489,504,604,623,623,623,649,668,702,702,734,751,751,701,727,846,846,846,890,890,1002,749,775,824,824,799,837,864,898,898,898,922,1059,1059,1117,386,386,521],"floor_reached":158,"playtime":6683,"items_purged":["RobotSpaceExplorer:Defend","RobotSpaceExplorer:Strike","hubris:Sloth","Pain","Slimebound:Icky","Slimebound:Icky","Slimebound:Icky","Sickly","CommonCold"],"score":6483,"play_id":"7e497959-f64e-4c94-9837-8ae056088eba","local_time":"20201224053231","is_ascension_mode":true,"campfire_choices":[{"floor":1.0,"key":"RECALL"},{"floor":18.0,"key":"DIG"},{"data":"RobotSpaceExplorer:PowerCollector","floor":29,"key":"SMITH"},{"floor":35,"key":"DIG"},{"floor":43,"key":"REST"},{"data":"RobotSpaceExplorer:PlasmaMissile","floor":57,"key":"SMITH"},{"data":"RobotSpaceExplorer:SelfCleaning","floor":62,"key":"SMITH"},{"data":"RobotSpaceExplorer:DoubleFind","floor":69,"key":"SMITH"},{"data":"RobotSpaceExplorer:Asteroid","floor":79,"key":"SMITH"},{"floor":81,"key":"REST"},{"data":"RobotSpaceExplorer:Pulsar","floor":86,"key":"SMITH"},{"data":"Clumsy","floor":103,"key":"PURGE"},{"floor":129,"key":"REST"},{"floor":132,"key":"REST"},{"data":"ReplayTheSpireMod:Book of Names","floor":137,"key":"SMITH"},{"data":"infinitespire:UltimateForm","floor":149,"key":"SMITH"},{"data":"RobotSpaceExplorer:Multitool","floor":156,"key":"SMITH"}],"circlet_count":0,"master_deck":["RobotSpaceExplorer:Strike","RobotSpaceExplorer:Defend","RobotSpaceExplorer:Scan","RobotSpaceExplorer:MiniLasers+1","RobotSpaceExplorer:FrostMissile","RobotSpaceExplorer:Comet","MostiFishMod:KingOfFree+1","RobotSpaceExplorer:SelfCleaning+1","RobotSpaceExplorer:FrostMissile","RobotSpaceExplorer:PowerCollector+1","RobotSpaceExplorer:DoubleFind+1","RobotSpaceExplorer:Probe","RobotSpaceExplorer:IronShell+1","RobotSpaceExplorer:BigMissile","RobotSpaceExplorer:StarLightning","RobotSpaceExplorer:DroneSwarm+1","RobotSpaceExplorer:IronShell+1","RobotSpaceExplorer:PlasmaMissile+1","RobotSpaceExplorer:MiniDrones","ReplayTheSpireMod:Book of Names+1","RobotSpaceExplorer:FreezingShield+1","RobotSpaceExplorer:FrostMissile","RobotSpaceExplorer:StunGrenade+1","RobotSpaceExplorer:Asteroid+1","RobotSpaceExplorer:Calculate+1","infinitespire:Punishment+1","expansioncontent:DashGenerateEvil","RobotSpaceExplorer:GlueShot+1","RobotSpaceExplorer:PowerCollector","RobotSpaceExplorer:Discharger+1","hubris:DuctTapeCard","RobotSpaceExplorer:Comet","infinitespire:Punishment+1","RobotSpaceExplorer:ScrapToss+1","RobotSpaceExplorer:MiniDrones","RobotSpaceExplorer:Explosion+1","RobotSpaceExplorer:Pulsar+1","RobotSpaceExplorer:StarLightning+1","hubris:InfiniteBlow+434","RobotSpaceExplorer:MiniDrones+1","RobotSpaceExplorer:PowerCollector+1","RobotSpaceExplorer:Comet","RobotSpaceExplorer:GearShield+1","RobotSpaceExplorer:TrailblazerForm","J.A.X.","RobotSpaceExplorer:HighVoltage+1","RobotSpaceExplorer:ScrapMissile","RobotSpaceExplorer:Fix","RobotSpaceExplorer:Multitool+1","infinitespire:UltimateForm+1","RobotSpaceExplorer:Accelerator","RobotSpaceExplorer:FreezeRay+1","infinitespire:SevenWalls","RobotSpaceExplorer:Multitool","RobotSpaceExplorer:GearShield","RobotSpaceExplorer:ShockKick","Survey Options","RobotSpaceExplorer:DualCore+1","RobotSpaceExplorer:Calculate+1","expansioncontent:Torchfire","RobotSpaceExplorer:ShockMissile"],"relics":["RobotSpaceExplorer:RoboCore","DaveBox","JellyFishMachine","Replay:Wax Seal","infinitespire:Beetle Shell","hubris:PeanutButter","Omamori","Turnip","ExusiaiGun","downfall:HeartBlessingRed","Potion Belt","hubris:AstralHammer","hubris:SphereOfDissonance","hubris:64BitClover","Replay:Bottled Flurry","infinitespire:BottledMercury","vexMod:BarristanHead","downfall:HeartBlessingGreen","hubris:CrystalStatue","PatriotShield","Gremlin Food","FossilizedHelix","RobotSpaceExplorer:BottledGravity","Replay:Kaleidoscope","DianPoetry","potionbrewer:Torch","vexMod:PaidLearning","StrikeDummy","Torii","PreservedInsect","ChiXiaoBlade","infinitespire:Broken Mirror","hubris:DuctTape","DollysMirror","vexMod:FocusSash","RobotSpaceExplorer:SlideRule","Busted Crown","ArrowTower","Replay:Accelerometer","aspiration:RitualStick","Nunchaku","InkBottle","Replay:Ancient Bell","aspiration:TomeofQuesting","Blue Candle","hubris:BundleOfHerbs","Juzu Bracelet","MetatronsCube","aspiration:Lifesprig","hubris:Stopwatch","Dodecahedron","RobotSpaceExplorer:SearchSpecs","MutagenicStrength","hubris:CuriousFeather","Replay:Bandana","vexMod:BigBerry","Membership Card","downfall:GremlinSack","Lee\u0027s Waffle","Replay:Rubber Ducky","aspiration:DSix","Ying","infinitespire:PuzzleCube","ShadowXiaoBlade","Durian","potionbrewer:AlchemistFlask","Toy Ornithopter","Guide Book","RobotSpaceExplorer:FoglandsKnife","CeramicFish"],"acts_visited":["Exordium","TheCity","TheBeyond","Exordium","TheCity","TheBeyond","Exordium","TheCity","TheBeyond","TheEnding"],"potions_floor_usage":[28,33,44,94,118,130,148,148,151,155],"damage_taken":[{"damage":0.0,"enemies":"2 Louse","floor":2.0,"turns":3.0},{"damage":0.0,"enemies":"Jaw Worm","floor":3.0,"turns":2.0},{"damage":0.0,"enemies":"downfall:FleeingMerchant","floor":4.0,"turns":4.0},{"damage":0.0,"enemies":"Cultist","floor":5.0,"turns":3.0},{"damage":1.0,"enemies":"Gremlin Gang","floor":9.0,"turns":3.0},{"damage":5.0,"enemies":"Blue Slaver","floor":10.0,"turns":6.0},{"damage":2.0,"enemies":"3 Sentries","floor":11.0,"turns":4.0},{"damage":0.0,"enemies":"Exordium Thugs","floor":12.0,"turns":3.0},{"damage":0.0,"enemies":"Lagavulin","floor":13.0,"turns":4.0},{"damage":0.0,"enemies":"2 Fungi Beasts","floor":14.0,"turns":1.0},{"damage":0.0,"enemies":"Gremlin Gang","floor":15.0,"turns":2.0},{"damage":47.0,"enemies":"downfall:Defect","floor":16.0,"turns":10.0},{"damage":0.0,"enemies":"Chosen","floor":19.0,"turns":1.0},{"damage":0.0,"enemies":"Shell Parasite","floor":20.0,"turns":1.0},{"damage":0.0,"enemies":"Colosseum Nobs","floor":22.0,"turns":3.0},{"damage":0,"enemies":"Snake Plant","floor":26,"turns":1},{"damage":0,"enemies":"Shelled Parasite and Fungi","floor":27,"turns":2},{"damage":0,"enemies":"Book of Stabbing","floor":28,"turns":2},{"damage":18,"enemies":"Slavers","floor":30,"turns":2},{"damage":0,"enemies":"Centurion and Healer","floor":31,"turns":1},{"damage":0,"enemies":"3 Cultists","floor":32,"turns":1},{"damage":0,"enemies":"downfall:Silent","floor":33,"turns":2},{"damage":0,"enemies":"3 Darklings","floor":36,"turns":1},{"damage":0,"enemies":"3 Shapes","floor":37,"turns":2},{"damage":0,"enemies":"2 Orb Walkers","floor":39,"turns":1},{"damage":0,"enemies":"downfall:FleeingMerchant","floor":40,"turns":1},{"damage":0,"enemies":"Spire Growth","floor":44,"turns":1},{"damage":0,"enemies":"Mind Bloom Boss Battle","floor":46,"turns":1},{"damage":0,"enemies":"4 Shapes","floor":47,"turns":2},{"damage":0,"enemies":"Nightmare","floor":48,"turns":1},{"damage":0,"enemies":"3 Darklings","floor":49,"turns":2},{"damage":0,"enemies":"downfall:Ironclad","floor":50,"turns":2},{"damage":0,"enemies":"Cultist","floor":53,"turns":1},{"damage":0,"enemies":"2 Louse","floor":54,"turns":1},{"damage":0,"enemies":"Jaw Worm","floor":59,"turns":1},{"damage":0,"enemies":"Gremlin Nob","floor":63,"turns":1},{"damage":0,"enemies":"Lagavulin","floor":65,"turns":1},{"damage":0,"enemies":"Large Slime","floor":66,"turns":1},{"damage":0,"enemies":"Fading Forest","floor":67,"turns":4},{"damage":0,"enemies":"Chosen","floor":70,"turns":1},{"damage":0,"enemies":"Chosen","floor":71,"turns":1},{"damage":0,"enemies":"downfall:Watcher","floor":72,"turns":1},{"damage":0,"enemies":"Slavers","floor":75,"turns":1},{"damage":0,"enemies":"Gremlin Leader","floor":77,"turns":1},{"damage":0,"enemies":"Snecko","floor":78,"turns":1},{"damage":0,"enemies":"Chosen and Byrds","floor":80,"turns":1},{"damage":0,"enemies":"Shelled Parasite and Fungi","floor":82,"turns":1},{"damage":0,"enemies":"Centurion and Healer","floor":83,"turns":1},{"damage":0,"enemies":"Collector","floor":84,"turns":1},{"damage":0,"enemies":"3 Darklings","floor":87,"turns":1},{"damage":0,"enemies":"3 Shapes","floor":89,"turns":1},{"damage":0,"enemies":"Spire Growth","floor":90,"turns":1},{"damage":0,"enemies":"R_Hoarder","floor":92,"turns":2},{"damage":0,"enemies":"4 Shapes","floor":93,"turns":1},{"damage":0,"enemies":"Giant Head","floor":94,"turns":1},{"damage":0,"enemies":"Transient","floor":95,"turns":2},{"damage":0,"enemies":"3 Darklings","floor":100,"turns":1},{"damage":0,"enemies":"Replay:Hell Engine","floor":101,"turns":1},{"damage":0,"enemies":"Cultist","floor":104,"turns":1},{"damage":0,"enemies":"Small Slimes","floor":105,"turns":1},{"damage":0,"enemies":"2 Louse","floor":106,"turns":1},{"damage":0,"enemies":"3 Louse","floor":107,"turns":1},{"damage":0,"enemies":"2 Fungi Beasts","floor":108,"turns":1},{"damage":0,"enemies":"Nightmare","floor":109,"turns":1},{"damage":0,"enemies":"Lagavulin","floor":111,"turns":1},{"damage":0,"enemies":"Gremlin Nob","floor":113,"turns":1},{"damage":0,"enemies":"Exordium Wildlife","floor":114,"turns":1},{"damage":0,"enemies":"Gremlin Gang","floor":116,"turns":2},{"damage":0,"enemies":"Large Slime","floor":117,"turns":1},{"damage":0,"enemies":"Fading Forest","floor":118,"turns":2},{"damage":0,"enemies":"Shell Parasite","floor":121,"turns":1},{"damage":0,"enemies":"downfall:Augmenter","floor":122,"turns":1},{"damage":0,"enemies":"3 Byrds","floor":123,"turns":1},{"damage":0,"enemies":"Slavers","floor":126,"turns":1},{"damage":0,"enemies":"Snake Plant","floor":127,"turns":1},{"damage":0,"enemies":"Gremlin Leader","floor":128,"turns":1},{"damage":34,"enemies":"Nightmare_Alpha","floor":130,"turns":4},{"damage":0,"enemies":"Centurion and Healer","floor":131,"turns":1},{"damage":0,"enemies":"Snecko","floor":134,"turns":1},{"damage":0,"enemies":"hubris:MusketHawk","floor":135,"turns":2},{"damage":0,"enemies":"3 Darklings","floor":138,"turns":1},{"damage":0,"enemies":"3 Darklings","floor":140,"turns":1},{"damage":0,"enemies":"Orb Walker","floor":142,"turns":1},{"damage":0,"enemies":"Nightmare","floor":143,"turns":3},{"damage":0,"enemies":"Spire Growth","floor":146,"turns":1},{"damage":0,"enemies":"Maw","floor":147,"turns":1},{"damage":0,"enemies":"Writhing Mass","floor":148,"turns":1},{"damage":0,"enemies":"Sphere and 2 Shapes","floor":151,"turns":2},{"damage":0,"enemies":"Awakened One","floor":152,"turns":3},{"damage":0,"enemies":"downfall:CharBossMerchant","floor":154,"turns":2},{"damage":0,"enemies":"downfall:NeowBoss","floor":157,"turns":7}],"seed_played":"883256128716724797","potions_obtained":[{"floor":3.0,"key":"ColorlessPotion"},{"floor":5.0,"key":"Elixir"},{"floor":10.0,"key":"SteroidPotion"},{"floor":11.0,"key":"potionbrewer:ToxicPotion"},{"floor":13.0,"key":"sneckomod:MuddlingPotion"},{"floor":15.0,"key":"potionbrewer:CleansingPotion"},{"floor":20.0,"key":"GamblersBrew"},{"floor":22.0,"key":"RobotSpaceExplorer:PlasmaFlask"},{"floor":28,"key":"potionbrewer:CleansingPotion"},{"floor":31,"key":"EntropicBrew"},{"floor":39,"key":"AttackPotion"},{"floor":44,"key":"Languid Potion"},{"floor":54,"key":"potionbrewer:DiscountPotion"},{"floor":65,"key":"LifebloodPotion"},{"floor":87,"key":"PowerPotion"},{"floor":94,"key":"potionbrewer:BlacksmithPotion"},{"floor":106,"key":"Swift Potion"},{"floor":107,"key":"Energy Potion"},{"floor":110,"key":"downfall:CursedFountainPotion"},{"floor":123,"key":"Elixir"},{"floor":134,"key":"potionbrewer:SplittingPotion"},{"floor":143,"key":"Block Potion"}],"is_trial":false,"path_per_floor":["R","M","M","$","M","?","T","?","M","M","E","M","E","M","M","B",null,"R","M","M","?","?","AVR","T","?","M","M","E","R","E","M","M","B",null,"R","M","M","AVR","?","$","T","?","R","M","$","?","M","NM","M","B",null,"R","M","M","?","?","R","T","M","$","?","R","E","?","E","M","B",null,"R","M","?","?","?","$","E","$","E","M","R","M","R","M","M","B",null,"R","M","$","M","M","$","E","M","E","M","?","?","?","?","M","B",null,"R","M","M","M","M","M","NM","?","E","?","E","M","$","M","M","B",null,"R","M","?","M","?","?","E","M","E","R","NM","M","R","?","M","B",null,"R","M","AVR","?","$","M","NM","?","?","M","M","M","R","?","M","B",null,"E","$","R","B",null],"character_chosen":"RobotSpaceExplorer","items_purchased":["Replay:Wax Seal","MostiFishMod:KingOfFree","RobotSpaceExplorer:SelfCleaning","DianPoetry","expansioncontent:DashGenerateEvil","potionbrewer:Torch","vexMod:PaidLearning","RobotSpaceExplorer:PowerCollector","RobotSpaceExplorer:Comet","DollysMirror","RobotSpaceExplorer:ScrapToss+1","vexMod:FocusSash","RobotSpaceExplorer:SlideRule","Nunchaku","RobotSpaceExplorer:Pulsar","Juzu Bracelet","MetatronsCube","Dodecahedron","RobotSpaceExplorer:Exploration","Lee\u0027s Waffle","Replay:Rubber Ducky","aspiration:DSix","Durian","potionbrewer:AlchemistFlask","Toy Ornithopter","Guide Book","RobotSpaceExplorer:FoglandsKnife","potionbrewer:BlacksmithPotion","Block Potion","Elixir"],"campfire_rested":4,"item_purchase_floors":[4,4,4,40,40,40,40,45,60,60,60,60,60,74,74,88,88,115,115,141,141,141,155,155,155,155,155,155,155,155],"current_hp_per_floor":[68,68,68,68,68,71,71,71,70,71,71,71,71,71,71,28,60,60,70,70,70,70,70,70,70,70,71,71,71,63,71,71,71,71,71,71,71,71,71,71,71,54,71,71,71,71,71,71,71,71,71,71,71,71,71,71,71,71,71,71,71,71,71,71,71,71,71,71,71,71,71,71,57,57,57,57,69,69,69,69,71,71,71,71,71,71,71,71,71,71,71,71,71,71,71,71,71,71,71,71,71,71,71,71,71,71,71,71,71,71,71,71,71,71,71,71,71,71,71,71,71,71,71,71,71,71,71,71,71,37,37,58,71,71,71,101,101,101,101,101,108,108,108,108,108,108,108,108,108,108,108,108,108,108,113,113,113],"gold":521,"neow_bonus":"TWO_FIFTY_GOLD","is_daily":false,"chose_seed":false,"campfire_upgraded":9,"win_rate":0.0,"timestamp":1608809551,"path_taken":["R","M","M","$","M","?","T","?","?","M","E","?","E","M","M","BOSS","R","M","M","?","?","AVR","T","?","M","?","E","R","E","M","M","BOSS","R","M","M","AVR","?","$","T","?","R","M","?","?","M","NM","M","BOSS","R","M","M","?","?","R","T","?","$","?","R","E","?","E","M","BOSS","R","M","?","?","?","?","E","$","E","M","R","M","R","M","M","BOSS","R","M","$","M","M","$","E","M","E","M","?","?","?","?","M","BOSS","R","M","M","M","M","M","NM","?","E","?","E","M","$","M","M","BOSS","R","M","?","M","?","?","E","M","E","R","NM","M","R","?","M","BOSS","R","M","AVR","?","$","M","NM","?","?","M","M","M","R","?","M","BOSS","E","$","R","BOSS"],"items_purchased_type":["Relic","Card","Card","Relic","Card","Relic","Relic","Card","Card","Relic","Card","Relic","Relic","Relic","Card","Relic","Relic","Relic","Card","Relic","Relic","Relic","Relic","Relic","Relic","Relic","Relic","Potion","Potion","Potion"],"build_version":"2020-12-22","purchased_purges":9,"victory":true,"max_hp_per_floor":[68,68,68,68,68,71,71,71,71,71,71,71,71,71,71,71,71,71,71,71,71,71,71,71,71,71,71,71,71,71,71,71,71,71,71,71,71,71,71,71,71,71,71,71,71,71,71,71,71,71,71,71,71,71,71,71,71,71,71,71,71,71,71,71,71,71,71,71,71,71,71,71,71,71,71,71,71,71,71,71,71,71,71,71,71,71,71,71,71,71,71,71,71,71,71,71,71,71,71,71,71,71,71,71,71,71,71,71,71,71,71,71,71,71,71,71,71,71,71,71,71,71,71,71,71,71,71,71,71,71,71,71,71,71,71,101,101,101,101,101,108,108,108,108,108,108,108,108,108,108,108,108,108,108,113,113,113],"card_choices":[{"not_picked":["RobotSpaceExplorer:ImprovisedAttack","RobotSpaceExplorer:Probe"],"picked":"RobotSpaceExplorer:FrostMissile","floor":2.0},{"not_picked":["RobotSpaceExplorer:Probe","RobotSpaceExplorer:DoubleBlock"],"picked":"RobotSpaceExplorer:Comet","floor":3.0},{"not_picked":["RobotSpaceExplorer:Probe","RobotSpaceExplorer:Counterblock"],"picked":"RobotSpaceExplorer:Ammunition","floor":4.0},{"not_picked":["RobotSpaceExplorer:ImprovisedAttack","RobotSpaceExplorer:MetalStrike"],"picked":"RobotSpaceExplorer:FrostMissile","floor":5.0},{"not_picked":["RobotSpaceExplorer:ShockKick","RobotSpaceExplorer:ImprovisedAttack"],"picked":"RobotSpaceExplorer:PowerCollector","floor":9.0},{"not_picked":["RobotSpaceExplorer:SurgingStrike","RobotSpaceExplorer:SlimeMissile"],"picked":"RobotSpaceExplorer:DoubleFind","floor":10.0},{"not_picked":["RobotSpaceExplorer:ShockKick","RobotSpaceExplorer:MiniDrones"],"picked":"RobotSpaceExplorer:Probe","floor":11.0},{"not_picked":["RobotSpaceExplorer:JunkDive","RobotSpaceExplorer:ImprovisedAttack"],"picked":"RobotSpaceExplorer:IronShell","floor":12.0},{"not_picked":["RobotSpaceExplorer:MiniDrones","RobotSpaceExplorer:ScrapShield"],"picked":"RobotSpaceExplorer:Exploration","floor":13.0},{"not_picked":["RobotSpaceExplorer:Jetpack","RobotSpaceExplorer:ShovelStrike"],"picked":"RobotSpaceExplorer:BigMissile","floor":14.0},{"not_picked":["RobotSpaceExplorer:GlueShot","RobotSpaceExplorer:FranticSearch"],"picked":"RobotSpaceExplorer:StarLightning","floor":15.0},{"not_picked":["RobotSpaceExplorer:Wormhole","RobotSpaceExplorer:Arsenal"],"picked":"RobotSpaceExplorer:DroneSwarm","floor":16.0},{"not_picked":["RobotSpaceExplorer:Reload","RobotSpaceExplorer:Ammunition","RobotSpaceExplorer:ShockKick"],"picked":"SKIP","floor":19.0},{"not_picked":["RobotSpaceExplorer:Electroshield+1","RobotSpaceExplorer:SelfCleaning"],"picked":"RobotSpaceExplorer:IronShell+1","floor":20.0},{"not_picked":["RobotSpaceExplorer:SurgingStrike+1","RobotSpaceExplorer:MakeshiftVolley"],"picked":"RobotSpaceExplorer:MiniDrones","floor":22.0},{"not_picked":["RobotSpaceExplorer:FranticSearch","RobotSpaceExplorer:MiniDrones","RobotSpaceExplorer:SurgingStrike"],"picked":"SKIP","floor":26},{"not_picked":["RobotSpaceExplorer:GlueShot","RobotSpaceExplorer:LaserBurst"],"picked":"RobotSpaceExplorer:Wormhole","floor":27},{"not_picked":["RobotSpaceExplorer:SwiftStep+1","RobotSpaceExplorer:MetalStrike"],"picked":"RobotSpaceExplorer:FreezingShield+1","floor":28},{"not_picked":["RobotSpaceExplorer:FrostMissile","RobotSpaceExplorer:Pulsar","RobotSpaceExplorer:Electropulse"],"picked":"SKIP","floor":30},{"not_picked":["RobotSpaceExplorer:Jetpack","RobotSpaceExplorer:Ammunition+1"],"picked":"RobotSpaceExplorer:FrostMissile","floor":31},{"not_picked":["RobotSpaceExplorer:SurgingStrike","RobotSpaceExplorer:MetalStrike"],"picked":"RobotSpaceExplorer:StunGrenade","floor":32},{"not_picked":["RobotSpaceExplorer:Autoloader","RobotSpaceExplorer:Exploration"],"picked":"RobotSpaceExplorer:Asteroid","floor":33},{"not_picked":["RobotSpaceExplorer:MetalStrike","RobotSpaceExplorer:SwiftStep","RobotSpaceExplorer:ImprovisedAttack+1"],"picked":"SKIP","floor":36},{"not_picked":["RobotSpaceExplorer:ImprovisedAttack","RobotSpaceExplorer:ScrapMissile"],"picked":"RobotSpaceExplorer:Calculate","floor":37},{"not_picked":["RobotSpaceExplorer:Ammunition+1","RobotSpaceExplorer:ShockKick","RobotSpaceExplorer:PowerGlove+1"],"picked":"SKIP","floor":40},{"not_picked":["RobotSpaceExplorer:SwiftStep","RobotSpaceExplorer:SlimeMissile+1"],"picked":"RobotSpaceExplorer:ImprovisedAttack+1","floor":42},{"not_picked":["RobotSpaceExplorer:PowerCollector","RobotSpaceExplorer:GlueShot+1"],"picked":"RobotSpaceExplorer:Blaster","floor":42},{"not_picked":["RobotSpaceExplorer:MakeshiftVolley+1","RobotSpaceExplorer:DoubleBlock+1"],"picked":"RobotSpaceExplorer:GlueShot+1","floor":42},{"not_picked":["RobotSpaceExplorer:GlueShot+1","RobotSpaceExplorer:BigMissile","RobotSpaceExplorer:SurgingShield+1"],"picked":"SKIP","floor":44},{"not_picked":["RobotSpaceExplorer:SurgingShield+1","RobotSpaceExplorer:ScrapMissile","RobotSpaceExplorer:StunGrenade"],"picked":"SKIP","floor":47},{"not_picked":["RobotSpaceExplorer:ImprovisedAttack","RobotSpaceExplorer:Ammunition","RobotSpaceExplorer:FrostMissile"],"picked":"SKIP","floor":48},{"not_picked":["RobotSpaceExplorer:ToxicBomb+1","RobotSpaceExplorer:IronShell+1"],"picked":"RobotSpaceExplorer:Discharger+1","floor":49},{"not_picked":["RobotSpaceExplorer:BlastShield","RobotSpaceExplorer:HighVoltage"],"picked":"RobotSpaceExplorer:Wormhole","floor":50},{"not_picked":["RobotSpaceExplorer:SurgingStrike","RobotSpaceExplorer:StunGrenade","RobotSpaceExplorer:GlueShot"],"picked":"SKIP","floor":53},{"not_picked":["RobotSpaceExplorer:ShockKick","RobotSpaceExplorer:Pulsar"],"picked":"RobotSpaceExplorer:ScrapToss","floor":54},{"not_picked":["RobotSpaceExplorer:FranticSearch","RobotSpaceExplorer:ShovelStrike","RobotSpaceExplorer:ShockKick"],"picked":"SKIP","floor":59},{"not_picked":["RobotSpaceExplorer:Reload","RobotSpaceExplorer:PlasmaMissile"],"picked":"RobotSpaceExplorer:MiniDrones","floor":63},{"not_picked":["RobotSpaceExplorer:GlueShot","RobotSpaceExplorer:ExhaustFan","RobotSpaceExplorer:Electropulse"],"picked":"SKIP","floor":65},{"not_picked":["RobotSpaceExplorer:Jetpack","RobotSpaceExplorer:SurgingShield","RobotSpaceExplorer:ScrapMissile"],"picked":"SKIP","floor":66},{"not_picked":["RobotSpaceExplorer:TrailblazerForm","RobotSpaceExplorer:DroneSwarm"],"picked":"RobotSpaceExplorer:Explosion","floor":67},{"not_picked":["RobotSpaceExplorer:GlueSpray"],"picked":"SKIP","floor":70},{"not_picked":["RobotSpaceExplorer:SurgingStrike"],"picked":"SKIP","floor":75},{"not_picked":["RobotSpaceExplorer:FreezingShield"],"picked":"SKIP","floor":77},{"not_picked":[],"picked":"RobotSpaceExplorer:StarLightning+1","floor":78},{"not_picked":["RobotSpaceExplorer:ImprovisedAttack"],"picked":"SKIP","floor":80},{"not_picked":["RobotSpaceExplorer:Probe"],"picked":"SKIP","floor":82},{"not_picked":["RobotSpaceExplorer:TurboDodge"],"picked":"SKIP","floor":83},{"not_picked":["ReplayTheSpireMod:Echoes of Time","infinitespire:Execution"],"picked":"hubris:InfiniteBlow+433","floor":84},{"not_picked":[],"picked":"hubris:Sloth","floor":85},{"not_picked":[],"picked":"CommonCold","floor":85},{"not_picked":[],"picked":"Pain","floor":85},{"not_picked":["RobotSpaceExplorer:FranticSearch+1"],"picked":"SKIP","floor":87},{"not_picked":["RobotSpaceExplorer:MetalStrike+1"],"picked":"SKIP","floor":89},{"not_picked":["RobotSpaceExplorer:StunGrenade+1"],"picked":"SKIP","floor":90},{"not_picked":["RobotSpaceExplorer:SwiftStep+1"],"picked":"SKIP","floor":92},{"not_picked":["RobotSpaceExplorer:SwiftStep+1"],"picked":"SKIP","floor":92},{"not_picked":[],"picked":"RobotSpaceExplorer:MiniDrones+1","floor":93},{"not_picked":["RobotSpaceExplorer:PowerCollector"],"picked":"SKIP","floor":94},{"not_picked":["RobotSpaceExplorer:FreezingShield+1"],"picked":"SKIP","floor":95},{"not_picked":[],"picked":"RobotSpaceExplorer:PowerCollector+1","floor":100},{"not_picked":[],"picked":"RobotSpaceExplorer:Comet","floor":101},{"not_picked":["RobotSpaceExplorer:MetalStrike"],"picked":"SKIP","floor":104},{"not_picked":["RobotSpaceExplorer:Probe"],"picked":"SKIP","floor":105},{"not_picked":["RobotSpaceExplorer:SlimeMissile"],"picked":"SKIP","floor":106},{"not_picked":["RobotSpaceExplorer:ShockKick"],"picked":"SKIP","floor":107},{"not_picked":["RobotSpaceExplorer:Pulsar"],"picked":"SKIP","floor":108},{"not_picked":["RobotSpaceExplorer:Probe"],"picked":"SKIP","floor":109},{"not_picked":["RobotSpaceExplorer:ToxicBomb"],"picked":"SKIP","floor":111},{"not_picked":[],"picked":"RobotSpaceExplorer:GearShield","floor":113},{"not_picked":["RobotSpaceExplorer:MiniDrones"],"picked":"SKIP","floor":114},{"not_picked":[],"picked":"RobotSpaceExplorer:TrailblazerForm","floor":116},{"not_picked":["RobotSpaceExplorer:MetalStrike"],"picked":"SKIP","floor":117},{"not_picked":["RobotSpaceExplorer:FrostMissile"],"picked":"SKIP","floor":121},{"not_picked":[],"picked":"J.A.X.","floor":122},{"not_picked":[],"picked":"RobotSpaceExplorer:Fix","floor":123},{"not_picked":["RobotSpaceExplorer:StunGrenade"],"picked":"SKIP","floor":126},{"not_picked":["RobotSpaceExplorer:PlasmaMissile"],"picked":"SKIP","floor":127},{"not_picked":[],"picked":"RobotSpaceExplorer:Multitool","floor":128},{"not_picked":["infinitespire:Fortify","ReplayTheSpireMod:Haul"],"picked":"infinitespire:UltimateForm","floor":130},{"not_picked":["RobotSpaceExplorer:Ammunition"],"picked":"SKIP","floor":130},{"not_picked":["RobotSpaceExplorer:LaserBurst+1"],"picked":"SKIP","floor":131},{"not_picked":["RobotSpaceExplorer:GlueShot"],"picked":"SKIP","floor":134},{"not_picked":[],"picked":"RobotSpaceExplorer:Accelerator","floor":135},{"not_picked":[],"picked":"RobotSpaceExplorer:FreezeRay+1","floor":138},{"not_picked":[],"picked":"RobotSpaceExplorer:DualCore+1","floor":142},{"not_picked":[],"picked":"RobotSpaceExplorer:Calculate+1","floor":143},{"not_picked":[],"picked":"expansioncontent:Torchfire","floor":144},{"not_picked":["RobotSpaceExplorer:ShovelStrike+1"],"picked":"SKIP","floor":146},{"not_picked":["RobotSpaceExplorer:Ammunition+1"],"picked":"SKIP","floor":147},{"not_picked":["RobotSpaceExplorer:StarDust"],"picked":"SKIP","floor":148},{"not_picked":["RobotSpaceExplorer:GlueShot+1"],"picked":"SKIP","floor":151},{"not_picked":[],"picked":"RobotSpaceExplorer:ShockMissile","floor":152},{"not_picked":["RobotSpaceExplorer:FrostMissile+1"],"picked":"SKIP","floor":154}],"player_experience":1903151,"relics_obtained":[{"floor":7.0,"key":"infinitespire:Beetle Shell"},{"floor":11.0,"key":"hubris:PeanutButter"},{"floor":13.0,"key":"Omamori"},{"floor":14.0,"key":"Turnip"},{"floor":18.0,"key":"Potion Belt"},{"floor":22.0,"key":"hubris:AstralHammer"},{"floor":22.0,"key":"hubris:SphereOfDissonance"},{"floor":24,"key":"Replay:Bottled Flurry"},{"floor":28,"key":"vexMod:BarristanHead"},{"floor":30,"key":"hubris:CrystalStatue"},{"floor":35,"key":"Gremlin Food"},{"floor":37,"key":"FossilizedHelix"},{"floor":39,"key":"Replay:Kaleidoscope"},{"floor":41,"key":"StrikeDummy"},{"floor":46,"key":"Torii"},{"floor":48,"key":"PreservedInsect"},{"floor":58,"key":"infinitespire:Broken Mirror"},{"floor":59,"key":"hubris:DuctTape"},{"floor":72,"key":"ArrowTower"},{"floor":72,"key":"Replay:Accelerometer"},{"floor":83,"key":"InkBottle"},{"floor":100,"key":"aspiration:Lifesprig"},{"floor":122,"key":"MutagenicStrength"},{"floor":130,"key":"hubris:CuriousFeather"},{"floor":131,"key":"Replay:Bandana"},{"floor":140,"key":"downfall:GremlinSack"},{"floor":148,"key":"infinitespire:PuzzleCube"},{"floor":157,"key":"CeramicFish"}],"event_choices":[{"damage_healed":0.0,"max_hp_gain":0.0,"max_hp_loss":0.0,"gold_gain":0.0,"event_name":"Upgrade Shrine","player_choice":"Upgraded","floor":8.0,"gold_loss":0.0,"damage_taken":0.0,"cards_upgraded":["MostiFishMod:KingOfFree"]},{"damage_healed":0.0,"max_hp_gain":0.0,"max_hp_loss":0.0,"gold_gain":0.0,"event_name":"The Library","player_choice":"Read","floor":21.0,"gold_loss":0.0,"damage_taken":0.0,"cards_obtained":["RobotSpaceExplorer:PlasmaMissile"]},{"damage_healed":0,"gold_gain":0,"player_choice":"Fight","damage_taken":0,"max_hp_gain":0,"max_hp_loss":0,"event_name":"Mysterious Sphere","floor":39,"gold_loss":0},{"cards_removed":["Slimebound:Icky"],"damage_healed":0,"gold_gain":0,"player_choice":"Card Removal","damage_taken":0,"max_hp_gain":0,"max_hp_loss":0,"event_name":"The Cleric","floor":55,"gold_loss":0},{"cards_removed":["RobotSpaceExplorer:Defend"],"damage_healed":0,"gold_gain":0,"player_choice":"Purged","damage_taken":0,"max_hp_gain":0,"max_hp_loss":0,"event_name":"Purifier","floor":56,"gold_loss":0},{"damage_healed":0,"gold_gain":0,"player_choice":"Ignored","damage_taken":0,"max_hp_gain":0,"max_hp_loss":0,"event_name":"Vampires","floor":124,"gold_loss":0}],"is_beta":false,"boss_relics":[{"not_picked":["aspiration:RitualDagger","SynthV:MejaisSoulstealer"],"picked":"ExusiaiGun"},{"not_picked":["DiscerningMonocle","Runic Pyramid"],"picked":"PatriotShield"},{"not_picked":["EE1DDrone","SlaversCollar"],"picked":"ChiXiaoBlade"},{"not_picked":["GreenFoldingFan","RobotSpaceExplorer:TurboCore"],"picked":"Busted Crown"},{"not_picked":["Velvet Choker","hubris:CrackedHourglass"],"picked":"Replay:Ancient Bell"},{"not_picked":["infinitespire:PuzzleCube","Blue Doll"],"picked":"aspiration:TomeofQuesting"},{"not_picked":["Replay:Bottled Snecko","HornCleat"],"picked":"Blue Candle"},{"not_picked":["RobotSpaceExplorer:ToughPlating","hubris:Spice"],"picked":"hubris:BundleOfHerbs"},{"not_picked":["Pandora\u0027s Box","RhineSuit"],"picked":"hubris:Stopwatch"},{"not_picked":["hubris:GrandSneckoEye","vexMod:ImprovementManual"],"picked":"RobotSpaceExplorer:SearchSpecs"},{"not_picked":["hubris:RunicObelisk","Snecko Eye"],"picked":"vexMod:BigBerry"},{"not_picked":["Replay:Wanted Poster","vexMod:RockOfEvil"],"picked":"ShadowXiaoBlade"}],"items_purged_floors":[38,40,88,91,115,115,139,141,155],"is_endless":true,"potions_floor_spawned":[3,5,10,11,13,15,20,22,28,31,39,44,47,48,50,53,54,65,67,70,72,82,84,87,89,92,94,106,107,111,117,123,127,134,135,140,142,143,147,148,157],"ascension_level":9}}