{"host":"2lo6hma6kymb0g9i","time":1608831092,"event":{"mods":["BaseMod","Colored Map","DeckTracker","Minty Spire (QoL Compilation)"],"gold_per_floor":[112,112,131,144,219,219,250,250,276,276,303,316,216,216,216,289,289,309,322,332,332,332],"floor_reached":21,"playtime":1656,"items_purged":["Strike_G"],"score":369,"play_id":"c070c2d8-e50e-445f-8492-a3c34f1c2b48","local_time":"20201225023132","is_ascension_mode":true,"campfire_choices":[{"data":"Quick Slash","floor":6,"key":"SMITH"},{"data":"Flying Knee","floor":8,"key":"SMITH"},{"floor":10,"key":"REST"},{"floor":15,"key":"REST"}],"circlet_count":0,"master_deck":["AscendersBane","Defend_G","Defend_G","Defend_G","Defend_G","Defend_G","Survivor","Neutralize","Quick Slash+1","Flying Knee+1","Flying Knee","Backflip","Cloak And Dagger","Backstab+1","Blade Dance","Venomology","Infinite Blades+1","Outmaneuver+1","Reflex+1","Dash","All Out Attack","Slice+1"],"relics":["Ring of the Snake","Potion Belt","Regal Pillow","InkBottle","Astrolabe"],"acts_visited":["Exordium","TheCity"],"potions_floor_usage":[7,16,16,19,20,21],"damage_taken":[{"damage":11,"enemies":"Jaw Worm","floor":1,"turns":8},{"damage":1,"enemies":"Small Slimes","floor":3,"turns":3},{"damage":0,"enemies":"2 Louse","floor":4,"turns":3},{"damage":18,"enemies":"Gremlin Nob","floor":7,"turns":4},{"damage":27,"enemies":"3 Sentries","floor":11,"turns":12},{"damage":11,"enemies":"Exordium Thugs","floor":12,"turns":4},{"damage":50,"enemies":"Hexaghost","floor":16,"turns":11},{"damage":20,"enemies":"3 Byrds","floor":18,"turns":6},{"damage":1,"enemies":"Spheric Guardian","floor":19,"turns":3},{"damage":25,"enemies":"Centurion and Healer","floor":20,"turns":12},{"damage":17,"enemies":"3 Cultists","floor":21,"turns":3}],"seed_played":"-6176996257364739474","potions_obtained":[{"floor":1,"key":"Block Potion"},{"floor":7,"key":"DuplicationPotion"},{"floor":11,"key":"FearPotion"},{"floor":16,"key":"SneckoOil"}],"is_trial":false,"path_per_floor":["M","?","M","M","?","R","E","R","T","R","E","M","$","?","R","B",null,"M","M","M","M"],"character_chosen":"THE_SILENT","items_purchased":["Blade Dance"],"campfire_rested":2,"item_purchase_floors":[13],"current_hp_per_floor":[54,47,46,46,35,35,17,17,17,53,26,15,15,15,51,1,54,34,33,8,0,0],"gold":332,"neow_bonus":"TEN_PERCENT_HP_BONUS","is_daily":false,"chose_seed":false,"campfire_upgraded":2,"win_rate":0.0,"timestamp":1608831092,"path_taken":["M","?","M","M","?","R","E","R","T","R","E","?","$","?","R","BOSS","M","M","M","M"],"items_purchased_type":["Card"],"build_version":"2020-12-22","purchased_purges":1,"victory":false,"max_hp_per_floor":[72,72,72,72,72,72,72,72,72,72,72,72,72,72,72,72,72,72,72,72,72,72],"card_choices":[{"not_picked":["All Out Attack","Acrobatics"],"picked":"Quick Slash","floor":1},{"not_picked":["Concentrate","Setup"],"picked":"Flying Knee","floor":3},{"not_picked":["Deadly Poison","PiercingWail"],"picked":"Flying Knee","floor":4},{"not_picked":["Blade Dance","Dodge and Roll"],"picked":"Backflip","floor":7},{"not_picked":["Underhanded Strike","Deflect"],"picked":"Cloak And Dagger","floor":11},{"not_picked":["Blade Dance","Underhanded Strike"],"picked":"Backstab","floor":12},{"not_picked":["Unload","After Image"],"picked":"Venomology","floor":16},{"not_picked":["Blur","Bane+1"],"picked":"Dash","floor":18},{"not_picked":["Flying Knee","Quick Slash"],"picked":"All Out Attack","floor":19},{"not_picked":["Heel Hook","Quick Slash"],"picked":"Slice+1","floor":20}],"player_experience":870700,"relics_obtained":[{"floor":7,"key":"Potion Belt"},{"floor":9,"key":"Regal Pillow"},{"floor":11,"key":"InkBottle"}],"event_choices":[{"cards_removed":["Strike_G"],"damage_healed":0,"gold_gain":0,"player_choice":"Card Removal","damage_taken":7,"max_hp_gain":0,"max_hp_loss":0,"event_name":"Golden Wing","floor":2,"gold_loss":0},{"damage_healed":0,"gold_gain":75,"player_choice":"Gather Gold","damage_taken":11,"max_hp_gain":0,"max_hp_loss":0,"event_name":"World of Goop","floor":5,"gold_loss":0},{"damage_healed":0,"gold_gain":0,"player_choice":"Upgraded","damage_taken":0,"max_hp_gain":0,"max_hp_loss":0,"event_name":"Upgrade Shrine","floor":14,"gold_loss":0,"cards_upgraded":["Backstab"]}],"is_beta":false,"boss_relics":[{"not_picked":["Calling Bell","Sozu"],"picked":"Astrolabe"}],"items_purged_floors":[13],"is_endless":false,"potions_floor_spawned":[1,7,11,16],"killed_by":"3 Cultists","ascension_level":19}}