{"host":"9d83omykrosjn1d3","time":1608781811,"event":{"mods":["AchievementEnabler","BaseMod","BetterRewards","Card Forge","Downfall","Hubris","MarisaÅiñ∂âJÅ@ñÇóùçπÅj","Minty Spire (QoL Compilation)","Permanent Neow","Shop Mod","StSLib","SuperFastMode","The Hierophant","The Mystic","The Runesmith"],"gold_per_floor":[99,110,110,110,121,264,264,289,289,289,289],"floor_reached":9,"playtime":472,"items_purged":[],"score":59,"play_id":"e37b50a2-cc8f-4e86-952c-96a9151fb734","local_time":"20201224125011","daily_mods":["Heirloom","Flight","downfall:Lament","DeadlyEvents","Elite Swarm"],"is_ascension_mode":false,"campfire_choices":[{"data":"hexamod:EtherealExpedition","floor":1,"key":"SMITH"}],"circlet_count":0,"master_deck":["hexamod:Strike","hexamod:Strike","hexamod:Defend","hexamod:Defend","hexamod:Sear","hexamod:Float","hexamod:EtherealExpedition+1","hexamod:RecurringNightmare+1","hexamod:ParanormalForm"],"relics":["hexamod:SpiritBrand","Hammer of Thor","Seething Fire","Anvil of the Gods","NeowsBlessing","Turnip","downfall:BrokenWingStatue","MerchantsRug","White Beast Statue"],"acts_visited":["Exordium"],"potions_floor_usage":[],"damage_taken":[{"damage":0,"enemies":"Small Slimes","floor":2,"turns":2},{"damage":0,"enemies":"2 Louse","floor":5,"turns":2},{"damage":0,"enemies":"downfall:FleeingMerchant","floor":6,"turns":1},{"damage":40,"enemies":"Gremlin Nob","floor":8,"turns":5},{"damage":36,"enemies":"3 Sentries","floor":9,"turns":4}],"seed_played":"-4999738676828757477","potions_obtained":[],"is_trial":true,"path_per_floor":["R","M","?","?","M","$","T","E","E"],"character_chosen":"THE_SPIRIT","items_purchased":["MerchantsRug"],"campfire_rested":0,"item_purchase_floors":[6],"current_hp_per_floor":[70,70,70,70,70,70,70,30,0,0,0],"gold":289,"neow_bonus":"","is_daily":false,"chose_seed":false,"campfire_upgraded":1,"win_rate":0.0,"timestamp":1608781811,"path_taken":["R","M","?","?","?","?","T","E","?"],"items_purchased_type":["Relic"],"build_version":"2020-12-22","purchased_purges":0,"victory":false,"max_hp_per_floor":[70,70,70,70,70,70,70,70,70,70,70],"card_choices":[{"not_picked":["hexamod:SpectersWail","hexamod:BacktrackSmack","hexamod:Firestarter"],"picked":"SKIP","floor":2},{"not_picked":["hexamod:Incineration","hexamod:GhostShield","hexamod:GhostLash"],"picked":"SKIP","floor":5},{"not_picked":["hexamod:GhostShield","hexamod:ThermalTransfer","hexamod:SpectersWail"],"picked":"SKIP","floor":6},{"not_picked":["hexamod:HexaLevel","hexamod:TurnItUp"],"picked":"hexamod:ParanormalForm","floor":8}],"player_experience":695035,"relics_obtained":[{"floor":8,"key":"White Beast Statue"}],"event_choices":[{"damage_healed":0,"gold_gain":0,"player_choice":"Forge","damage_taken":0,"max_hp_gain":0,"max_hp_loss":0,"event_name":"Accursed Blacksmith","floor":4,"gold_loss":0,"cards_upgraded":["hexamod:RecurringNightmare"]}],"is_beta":false,"boss_relics":[],"items_purged_floors":[],"is_endless":false,"potions_floor_spawned":[],"killed_by":"3 Sentries","ascension_level":0}}