{"host":"njruw0b0uprlitpx","time":1608801609,"event":{"mods":["2.2 Compatiblity","Astrologer","Bartender","BaseMod","Better Altar","Better Match","Better Note","Better Sensory Stone","Better Skull","Better Third Choice","BetterRewards","Block Reminder","Chen","Colored Map","Colored Powertips","Gremlin Mod","Jedi Mod","Keyboard Shortcuts","Magitek Elite","Minty Spire (QoL Compilation)","Quick Restart","Relic Stats","Replay The Spire","SacredBarkPlus","Spicy Shops","StSLib","SuperFastMode","The Construct","The Cursed","The Marked","The Mystic","The Necromancer","The Spell Scribe"],"gold_per_floor":[115,115,38,38,38,38,38,38,38,38,38,38,23,23,23,23,23,23,23,23,23,23,23,23,23,23,23,269,269,269,269,269,370,370,384,384,402,8,63,63,63,89,89,118,143,143,171,198,198,198],"floor_reached":51,"playtime":1973,"items_purged":["jedi:thedog","Defend_L"],"score":1452,"play_id":"40de92b3-8bba-4b93-9e45-f62d08563215","local_time":"20201224032009","is_ascension_mode":true,"campfire_choices":[{"data":"1","floor":7,"key":"LIFT"},{"data":"2","floor":12,"key":"LIFT"},{"data":"3","floor":15,"key":"LIFT"},{"data":"Trance","floor":23,"key":"SMITH"},{"data":"Bravery","floor":27,"key":"SMITH"},{"data":"Valor","floor":29,"key":"SMITH"},{"floor":31,"key":"REST"},{"data":"Momentum","floor":32,"key":"SMITH"},{"data":"Thousand_Needles","floor":40,"key":"SMITH"},{"data":"Faith","floor":46,"key":"SMITH"},{"floor":49,"key":"REST"}],"circlet_count":0,"master_deck":["Strike_L","Strike_L","Strike_L","Strike_L","Defend_L","Defend_L","Defend_L","Defend_L","Fire2","Cure","Faith+1","Valor+1","Aero","Drain","Water","Mirage_Vest","Magnus_Hat","Replay:Sssssssssstrike","Enhancer","Momentum+1","Transfusion","Bravery+1","Thunder_P","Flametongue","Trance+1","Thousand_Needles+1","Esuna+","Rune_Blade","Faith+1","Astra+1","Regret","Thousand_Needles+1","Slow+1","Madness","Madness","Replay:Hysterical Blindness","Force_Armor+1","Poisona","Thunder_Blade+1"],"relics":["Pendant","Girya","ReplayTheSpireMod:CursedCoin","jedi:fakemustache","Dead Branch","BargainBundle","StoneCalendar","jedi:arcanewood","Orichalcum","jedi:ominousloannote","Chemical X","Mummified Hand","jedi:HeartOfTheCards","Mercury Hourglass","Replay:Bottled Steam","Runic Pyramid","jedi:bottledfury","Nunchaku","Cursed Key","Lee\u0027s Waffle","White_Cape","Replay:Multitool","Singing Bowl","CeramicFish","Bronze Scales"],"acts_visited":["Exordium","TheCity","TheBeyond"],"potions_floor_usage":[1,6,16,24,33,33,39,42,48,50,50],"damage_taken":[{"damage":6,"enemies":"2 Louse","floor":1,"turns":2},{"damage":2,"enemies":"Jaw Worm","floor":4,"turns":4},{"damage":0,"enemies":"Cultist","floor":5,"turns":3},{"damage":11,"enemies":"Lagavulin","floor":6,"turns":5},{"damage":0,"enemies":"Blue Slaver","floor":8,"turns":2},{"damage":1,"enemies":"3 Louse","floor":10,"turns":2},{"damage":7,"enemies":"3 Sentries","floor":11,"turns":3},{"damage":0,"enemies":"Looter","floor":13,"turns":2},{"damage":7,"enemies":"Blue Slaver","floor":14,"turns":2},{"damage":5,"enemies":"The Guardian","floor":16,"turns":4},{"damage":0,"enemies":"Spheric Guardian","floor":18,"turns":3},{"damage":1,"enemies":"Chosen","floor":19,"turns":3},{"damage":0,"enemies":"3 Cultists","floor":20,"turns":4},{"damage":0,"enemies":"Chosen and Byrds","floor":22,"turns":3},{"damage":17,"enemies":"Book of Stabbing","floor":24,"turns":5},{"damage":14,"enemies":"Automaton","floor":33,"turns":6},{"damage":9,"enemies":"Orb Walker","floor":35,"turns":2},{"damage":27,"enemies":"3 Shapes","floor":37,"turns":3},{"damage":12,"enemies":"2 Orb Walkers","floor":39,"turns":2},{"damage":16,"enemies":"Reptomancer","floor":42,"turns":4},{"damage":0,"enemies":"3 Darklings","floor":44,"turns":2},{"damage":13,"enemies":"Spire Growth","floor":45,"turns":3},{"damage":17,"enemies":"R_Hoarder","floor":47,"turns":6},{"damage":19,"enemies":"Transient","floor":48,"turns":5},{"damage":25,"enemies":"Donu and Deca","floor":50,"turns":4}],"seed_played":"-2104793213005712602","potions_obtained":[{"floor":1,"key":"Fruit Juice"},{"floor":6,"key":"Adrenaline Potion"},{"floor":14,"key":"SpeedPotion"},{"floor":19,"key":"PowerPotion"},{"floor":24,"key":"Languid Potion"},{"floor":35,"key":"Ancient Potion"},{"floor":37,"key":"LiquidMemories"},{"floor":47,"key":"Adrenaline Potion"},{"floor":48,"key":"ColorlessPotion"}],"is_trial":false,"path_per_floor":["M","?","$","M","M","E","R","M","T","M","E","R","M","M","R","B",null,"M","M","M","$","M","R","E","?","T","R","?","R","?","R","R","B",null,"M","?","M","$","?","R","?","E","T","M","M","R","E","M","R","B",null],"character_chosen":"MAGITEKELITE","items_purchased":["Faith","Valor","Aero","ReplayTheSpireMod:CursedCoin","jedi:fakemustache","Dead Branch","BargainBundle","Drain","Water","jedi:arcanewood","Orichalcum","PowerPotion","Flashbang","LiquidMemories","Mirage_Vest","Magnus_Hat","Replay:Sssssssssstrike","jedi:ominousloannote","Chemical X","Mummified Hand","Transfusion","Lee\u0027s Waffle","White_Cape"],"campfire_rested":2,"item_purchase_floors":[0,0,0,0,0,0,0,0,0,0,0,0,0,0,0,0,0,3,3,3,3,38,38],"current_hp_per_floor":[62,62,68,66,68,57,57,63,63,68,68,68,68,62,62,59,66,66,68,68,68,68,68,52,46,46,46,46,46,46,66,66,64,67,58,58,31,75,63,63,54,70,70,70,70,70,65,52,75,62],"gold":198,"neow_bonus":"","is_daily":false,"chose_seed":false,"campfire_upgraded":6,"win_rate":0.0,"timestamp":1608801609,"path_taken":["M","?","$","M","?","E","R","M","T","M","E","R","M","?","R","BOSS","M","M","M","$","M","R","E","?","T","R","?","R","?","?","R","BOSS","M","?","M","$","?","R","?","E","T","?","M","?","E","M","R","BOSS"],"items_purchased_type":["Card","Card","Card","Relic","Relic","Relic","Relic","Card","Card","Relic","Relic","Potion","Potion","Potion","Card","Card","Card","Relic","Relic","Relic","Card","Relic","Relic"],"build_version":"2020-12-22","purchased_purges":2,"victory":true,"max_hp_per_floor":[68,68,68,68,68,68,68,68,68,68,68,68,68,68,68,68,68,68,68,68,68,68,68,68,68,68,68,68,68,68,68,68,68,68,68,68,68,75,75,75,75,77,77,77,77,77,79,79,79,79],"relic_stats":{"Lee\u0027s Waffle":46,"Singing Bowl":10,"counters":[161,708],"Dead Branch":[113],"CeramicFish":27,"StoneCalendar":[0],"Orichalcum":[354],"Cursed Key":1,"Mercury Hourglass":[276],"Nunchaku":[43],"Mummified Hand":[86],"Bronze Scales":[24],"Chemical X":[28],"obtain_stats":[{"Golden Egg":3,"Ginger":11,"Whetstone":42,"jedi:bottledfury":24,"jedi:shrinkray":0,"Ring of Searing":3,"Sundial":26,"MealTicket":24,"Replay:Bottled Flurry":43,"Replay:Wax Seal":3,"Replay:Bottled Steam":11,"Blue Candle":40,"Counterbalance":48,"Eternal Feather":8,"Pen Nib":14,"sagemod:Flying_Carpet":27,"Akabeko":29,"Snecko Eye":17,"Kintsugi":34,"Abe\u0027s Treasure":17,"Regal Pillow":9,"Singing Bowl":37,"StoneCalendar":27,"Bag of Preparation":0,"Replay:Multitool":39,"Mythril_Glove":44,"Smiling Mask":24,"White_Cape":7,"Cursed Key":34,"Replay:Rubber Ducky":19,"aspiration:AnachronicSnailShell":0,"Chemical X":0,"Lee\u0027s Waffle":38,"Golden Idol":4,"energizedSpire:EnergizedDie":17,"jedi:purplefairy":0,"Thread and Needle":0,"PreservedInsect":26,"Ring of Greed":3,"Frozen Egg 2":7,"Garlic":26,"Art of War":9,"ReplayTheSpireMod:Lightbulb":46,"Toy Ornithopter":11,"Calipers":41,"Gremlin Horn":11,"sagemod:Falmels_Amulet":17,"CeramicFish":25,"Vajra":0,"jedi:command_rare":48,"Sozu":17,"HornCleat":2,"FaceOfCleric":30,"DollysMirror":42,"Strawberry":39,"Philosopher\u0027s Stone":17,"Prayer Wheel":0,"Girya":0,"Happy Flower":0,"aspiration:Nostalgia":27,"ReplayTheSpireMod:CursedCoin":0,"Replay:Grab Bag":17,"Choco_Feather":40,"Dead Branch":0,"Oddly Smooth Stone":0,"Letter Opener":9,"jedi:HeartOfTheCards":6,"jedi:heavyjacket":19,"Bottled Flame":48,"Replay:Baseball":43,"ReplayTheSpireMod:Shallot":29,"energizedSpire:NeverEndingSparkler":34,"Bronze Scales":47,"Onion Ring":9,"Molten Egg 2":26,"ReplayTheSpireMod:TigerMarble":30,"Mirror":7,"ReplayTheSpireMod:DimensionalGlitch":17,"Pocketwatch":0,"Replay:PocketPolymizer":11,"Incense Burner":0,"jedi:command_boss":20,"Replay:Mystery Machine":9,"jedi:Pinwheel":3,"Dream Catcher":43,"Replay:Bandana":0,"Nunchaku":26,"Chameleon Ring":26,"Mummified Hand":3,"jedi:cryingmask":23,"jedi:matchstick":47,"Runic Pyramid":17,"BargainBundle":0,"ReplayTheSpireMod:Ninjato":0,"HollowMod:LifeEnderRelic":41,"Replay:Towering Pillar of Hats":0,"Guide Book":30,"Odd Mushroom":11,"Orichalcum":0,"White Beast Statue":6,"Mercury Hourglass":9,"Peace Pipe":3,"jedi:fakemustache":38,"CaptainsWheel":36,"Anchor":30,"Pendant":0,"jedi:ominousloannote":0,"ChewingGum":34,"Snack Pack":38,"Gem_Box":34,"Membership Card":14,"jedi:arcanewood":0,"FossilizedHelix":0,"TungstenRod":0,"ReplayTheSpireMod:ShopPack":0},{"Golden Egg":90,"Ginger":68,"Whetstone":133,"jedi:bottledfury":151,"jedi:shrinkray":23,"Ring of Searing":90,"Sundial":52,"MealTicket":52,"Replay:Bottled Flurry":20,"Replay:Wax Seal":90,"Replay:Bottled Steam":143,"Blue Candle":60,"Counterbalance":134,"Eternal Feather":27,"Pen Nib":29,"sagemod:Flying_Carpet":35,"Akabeko":14,"Snecko Eye":30,"Kintsugi":104,"Abe\u0027s Treasure":96,"Regal Pillow":2,"Singing Bowl":105,"StoneCalendar":53,"Bag of Preparation":23,"Replay:Multitool":155,"Mythril_Glove":85,"Smiling Mask":34,"White_Cape":92,"Cursed Key":152,"Replay:Rubber Ducky":121,"aspiration:AnachronicSnailShell":41,"Chemical X":65,"Lee\u0027s Waffle":154,"Golden Idol":114,"energizedSpire:EnergizedDie":30,"jedi:purplefairy":41,"Thread and Needle":112,"PreservedInsect":34,"Ring of Greed":90,"Frozen Egg 2":26,"Garlic":12,"Art of War":68,"ReplayTheSpireMod:Lightbulb":21,"Toy Ornithopter":28,"Calipers":85,"Gremlin Horn":46,"sagemod:Falmels_Amulet":7,"CeramicFish":12,"Vajra":23,"jedi:command_rare":134,"Sozu":30,"HornCleat":113,"FaceOfCleric":79,"DollysMirror":61,"Strawberry":59,"Philosopher\u0027s Stone":49,"Prayer Wheel":112,"Girya":136,"Happy Flower":89,"aspiration:Nostalgia":35,"ReplayTheSpireMod:CursedCoin":89,"Replay:Grab Bag":30,"Choco_Feather":132,"Dead Branch":136,"Oddly Smooth Stone":65,"Letter Opener":27,"jedi:HeartOfTheCards":140,"jedi:heavyjacket":121,"Bottled Flame":64,"Replay:Baseball":85,"ReplayTheSpireMod:Shallot":54,"energizedSpire:NeverEndingSparkler":38,"Bronze Scales":159,"Onion Ring":116,"Molten Egg 2":123,"ReplayTheSpireMod:TigerMarble":126,"Mirror":68,"ReplayTheSpireMod:DimensionalGlitch":73,"Pocketwatch":89,"Replay:PocketPolymizer":4,"Incense Burner":0,"jedi:command_boss":75,"Replay:Mystery Machine":45,"jedi:Pinwheel":67,"Dream Catcher":61,"Replay:Bandana":65,"Nunchaku":151,"Chameleon Ring":100,"Mummified Hand":137,"jedi:cryingmask":100,"jedi:matchstick":110,"Runic Pyramid":30,"BargainBundle":41,"ReplayTheSpireMod:Ninjato":65,"HollowMod:LifeEnderRelic":107,"Replay:Towering Pillar of Hats":23,"Guide Book":14,"Odd Mushroom":94,"Orichalcum":136,"White Beast Statue":2,"Mercury Hourglass":141,"Peace Pipe":1,"jedi:fakemustache":83,"CaptainsWheel":18,"Anchor":37,"Pendant":0,"jedi:ominousloannote":23,"ChewingGum":56,"Snack Pack":83,"Gem_Box":16,"Membership Card":95,"jedi:arcanewood":41,"FossilizedHelix":23,"TungstenRod":89,"ReplayTheSpireMod:ShopPack":112},{"Golden Egg":426,"Ginger":318,"Whetstone":612,"jedi:bottledfury":672,"jedi:shrinkray":110,"Ring of Searing":426,"Sundial":235,"MealTicket":235,"Replay:Bottled Flurry":93,"Replay:Wax Seal":426,"Replay:Bottled Steam":647,"Blue Candle":278,"Counterbalance":617,"Eternal Feather":129,"Pen Nib":141,"sagemod:Flying_Carpet":163,"Akabeko":57,"Snecko Eye":149,"Kintsugi":472,"Abe\u0027s Treasure":442,"Regal Pillow":9,"Singing Bowl":475,"StoneCalendar":240,"Bag of Preparation":110,"Replay:Multitool":684,"Mythril_Glove":401,"Smiling Mask":161,"White_Cape":432,"Cursed Key":678,"Replay:Rubber Ducky":554,"aspiration:AnachronicSnailShell":185,"Chemical X":306,"Lee\u0027s Waffle":682,"Golden Idol":514,"energizedSpire:EnergizedDie":149,"jedi:purplefairy":185,"Thread and Needle":506,"PreservedInsect":161,"Ring of Greed":426,"Frozen Egg 2":122,"Garlic":48,"Art of War":318,"ReplayTheSpireMod:Lightbulb":98,"Toy Ornithopter":133,"Calipers":401,"Gremlin Horn":208,"sagemod:Falmels_Amulet":26,"CeramicFish":48,"Vajra":110,"jedi:command_rare":617,"Sozu":149,"HornCleat":510,"FaceOfCleric":371,"DollysMirror":283,"Strawberry":271,"Philosopher\u0027s Stone":225,"Prayer Wheel":506,"Girya":626,"Happy Flower":422,"aspiration:Nostalgia":163,"ReplayTheSpireMod:CursedCoin":422,"Replay:Grab Bag":149,"Choco_Feather":611,"Dead Branch":626,"Oddly Smooth Stone":306,"Letter Opener":129,"jedi:HeartOfTheCards":640,"jedi:heavyjacket":554,"Bottled Flame":299,"Replay:Baseball":401,"ReplayTheSpireMod:Shallot":245,"energizedSpire:NeverEndingSparkler":176,"Bronze Scales":699,"Onion Ring":526,"Molten Egg 2":566,"ReplayTheSpireMod:TigerMarble":582,"Mirror":318,"ReplayTheSpireMod:DimensionalGlitch":345,"Pocketwatch":422,"Replay:PocketPolymizer":17,"Incense Burner":0,"jedi:command_boss":355,"Replay:Mystery Machine":198,"jedi:Pinwheel":314,"Dream Catcher":283,"Replay:Bandana":306,"Nunchaku":672,"Chameleon Ring":456,"Mummified Hand":628,"jedi:cryingmask":456,"jedi:matchstick":497,"Runic Pyramid":149,"BargainBundle":185,"ReplayTheSpireMod:Ninjato":306,"HollowMod:LifeEnderRelic":482,"Replay:Towering Pillar of Hats":110,"Guide Book":57,"Odd Mushroom":436,"Orichalcum":626,"White Beast Statue":9,"Mercury Hourglass":642,"Peace Pipe":2,"jedi:fakemustache":393,"CaptainsWheel":79,"Anchor":169,"Pendant":0,"jedi:ominousloannote":110,"ChewingGum":259,"Snack Pack":393,"Gem_Box":69,"Membership Card":438,"jedi:arcanewood":185,"FossilizedHelix":110,"TungstenRod":422,"ReplayTheSpireMod:ShopPack":506}]},"card_choices":[{"not_picked":["Dark","Meltdown"],"picked":"Enhancer","floor":1},{"not_picked":["Faith","Heavy_Shield","Magus_Robe"],"picked":"SKIP","floor":4},{"not_picked":["Shell","Heavy_Shield"],"picked":"Bravery","floor":5},{"not_picked":["Diamond_Shield2","Icebrand"],"picked":"Thunder_P","floor":6},{"not_picked":["Faith","Quake","Flare"],"picked":"SKIP","floor":8},{"not_picked":["Haste","Flare"],"picked":"Flametongue","floor":10},{"not_picked":["Heavy_Shield","Meteor","Throw"],"picked":"SKIP","floor":11},{"not_picked":["Tornado","Barrier","Quake"],"picked":"SKIP","floor":13},{"not_picked":["Astra","Crystal_Sword"],"picked":"Trance","floor":14},{"not_picked":["Mama","Diamond_Shield2"],"picked":"Thousand_Needles","floor":16},{"not_picked":["Flametongue","Transfusion"],"picked":"Esuna+","floor":18},{"not_picked":["Aero","Heavy_Shield+1"],"picked":"Rune_Blade","floor":19},{"not_picked":["Mythril_Knife","Transpose2","Crystal_Sword"],"picked":"SKIP","floor":20},{"not_picked":["Aero","Throw"],"picked":"Faith+1","floor":22},{"not_picked":["Magus_Robe+1","Circlet"],"picked":"Astra+1","floor":24},{"not_picked":["Reflect","Diamond_Shield2"],"picked":"Thousand_Needles","floor":33},{"not_picked":["Faith","Mythril_Knife+1","Break"],"picked":"SKIP","floor":35},{"not_picked":["Transpose2+1","Throw","Vox+1"],"picked":"SKIP","floor":37},{"not_picked":["Gaia_Gear+1","Thornlet+1"],"picked":"Slow+1","floor":39},{"not_picked":["Thunder_Blade","Circlet+1","Water"],"picked":"Singing Bowl","floor":42},{"not_picked":["Mythril_Knife","Faith+1"],"picked":"Force_Armor+1","floor":44},{"not_picked":["Protect_M","Stop"],"picked":"Poisona","floor":45},{"not_picked":["Rasp","Crystal_Sword","Thornlet"],"picked":"Singing Bowl","floor":47},{"not_picked":["Aero","Barrier+1"],"picked":"Thunder_Blade+1","floor":48}],"player_experience":1741805,"relics_obtained":[{"floor":6,"key":"jedi:HeartOfTheCards"},{"floor":9,"key":"Mercury Hourglass"},{"floor":11,"key":"Replay:Bottled Steam"},{"floor":24,"key":"jedi:bottledfury"},{"floor":26,"key":"Nunchaku"},{"floor":39,"key":"Replay:Multitool"},{"floor":42,"key":"Singing Bowl"},{"floor":43,"key":"CeramicFish"},{"floor":47,"key":"Bronze Scales"}],"event_choices":[{"damage_healed":0,"gold_gain":1,"player_choice":"4","damage_taken":0,"max_hp_gain":0,"max_hp_loss":0,"event_name":"betterStone:BetterStone","floor":2,"gold_loss":0,"cards_obtained":["Momentum"]},{"damage_healed":0,"gold_gain":75,"player_choice":"Touch","damage_taken":6,"max_hp_gain":0,"max_hp_loss":0,"event_name":"FaceTrader","floor":25,"gold_loss":0},{"damage_healed":0,"gold_gain":275,"player_choice":"Desecrate","damage_taken":0,"max_hp_gain":0,"max_hp_loss":0,"event_name":"Golden Shrine","floor":28,"gold_loss":0,"cards_obtained":["Regret"]},{"damage_healed":0,"gold_gain":0,"player_choice":"Upgraded","damage_taken":0,"max_hp_gain":0,"max_hp_loss":0,"event_name":"Upgrade Shrine","floor":30,"gold_loss":0,"cards_upgraded":["Thousand_Needles"]},{"damage_healed":0,"gold_gain":0,"player_choice":"Fight","damage_taken":0,"max_hp_gain":0,"max_hp_loss":0,"event_name":"Mysterious Sphere","floor":39,"gold_loss":0},{"damage_healed":0,"gold_gain":0,"player_choice":"Embrace Madness","damage_taken":9,"max_hp_gain":0,"max_hp_loss":0,"event_name":"Winding Halls","floor":41,"gold_loss":0,"cards_obtained":["Madness","Madness"]}],"is_beta":false,"boss_relics":[{"not_picked":["Calling Bell","Ring of Chaos"],"picked":"Runic Pyramid"},{"not_picked":["Empty Cage","jedi:hotpepper"],"picked":"Cursed Key"}],"items_purged_floors":[0,0],"is_endless":false,"potions_floor_spawned":[1,6,14,19,24,35,37,47,48],"ascension_level":8}}