{"host":"f3zc1jx8b75bp9n4","time":1608810373,"event":{"mods":["AchievementEnabler","Act Like it!","AlwaysNeverKeys","BaseMod","Bestiary","Better-Laid Plans","BetterRewards","Block Reminder","Clockwork Mod","Colored Map","Colored Powertips","Conspire","DeckTracker","Downfall","Emptier Cage","Energized Spire","Friendly Minions","GifTheSpireLib","Gold Saver","Grow up Mod","Highlight Path","Hubris","Infinite Spire","Marisa????????","Minty Spire (QoL Compilation)","Permanent Neow","Quick Restart","Rare Cards Sparkle","Relic Stats","Replay The Spire","StSLib","Stuff the Spire","SuperFastMode","Synergy Search","The Animator","The Bladedancer","The Bug Knight","The Construct","The Cursed","The Jungle","The Necromancer","The Poker Player","The Runesmith","The Senshi","The Servant 0.9.4","Transform Curses","Unceasing Turn Reminder","Yuri Mod"],"gold_per_floor":[1595,261,274,292,292,322,397,428,428,440,454,485,485,498,498,602,602,616,626,29,45,45,45,45,74,128,128,128,145,175,175,175,272,272,287,300,300,29,47,74,74,74,74,99,111,129,143,170,170,170,170,170,21,48,48],"floor_reached":56,"playtime":9079,"items_purged":["Defend_P"],"score":1447,"play_id":"53cfce99-bd7f-4060-a37f-8ce26b750e7b","local_time":"20201224134613","is_ascension_mode":false,"campfire_choices":[{"floor":13,"key":"REST"},{"floor":15,"key":"REST"},{"data":"Alpha","floor":24,"key":"SMITH"},{"floor":27,"key":"REST"},{"floor":32,"key":"DIG"},{"data":"Pray","floor":41,"key":"SMITH"},{"floor":49,"key":"REST"},{"data":"Prostrate","floor":52,"key":"SMITH"}],"circlet_count":0,"master_deck":["Strike_P+1","Strike_P","Strike_P","Strike_P","Defend_P","Defend_P","Defend_P+1","Eruption","Vigilance","InnerPeace","Replay:Parry","hubris:EnhanceAbility","BattleHymn","Replay:ManipulateFuture","Evaluate","EmptyFist","ReachHeaven","ReachHeaven","PathToVictory","Prostrate+1","ForeignInfluence","Adaptation","Replay:Vibes","Judgement","PathToVictory","Alpha+1","LikeWater","Replay:Hum","Alpha","ClearTheMind","Replay:Vibes","EmptyFist","BowlingBash","Protect","Replay:DivineShield","Survey Options","Consecrate","Shame","Ghostly","Ghostly","Ghostly","Ghostly","Ghostly","Halt","Replay:DivineShield+1","Worship","DeusExMachina","Replay:ManipulateFuture+1","Alpha","Pray+1","MentalFortress","MentalFortress","Indignation","Consecrate+1","Halt","DeusExMachina","FlurryOfBlows","Crescendo+1","PathToVictory+1","InnerPeace"],"relics":["PureWater","Replay:Baseball","conspire:InfiniteJournal","StuffTheSpire:BottledEssence","conspire:TopHat","conspire:Dentures","StuffTheSpire:GrapeVine","StuffTheSpire:Nightcore","conspire:GiftBox","conspire:RunicOctahedron","BargainBundle","Oddly Smooth Stone","conspire:DecoderRing","Letter Opener","Sundial","Gremlin Food","hubris:Towel","Pondfish Scales","infinitespire:Lucky Rock","Replay:Bottled Steam","Replay:Fungal Core","Sling","Blood Vial","Replay:WaspNest","Vajra","StuffTheSpire:Experiment12","Bronze Scales","Pen Nib"],"acts_visited":["Exordium","TheCity","TheBeyond","TheEnding"],"potions_floor_usage":[3,6,11,16,18,21,25,29,30,39,44,46,48,55,55,55],"damage_taken":[{"damage":0,"enemies":"conspire:RoseBush","floor":1,"turns":1},{"damage":12,"enemies":"Small Slimes","floor":3,"turns":1},{"damage":0,"enemies":"Jaw Worm","floor":4,"turns":3},{"damage":27,"enemies":"Gremlin Nob","floor":6,"turns":4},{"damage":45,"enemies":"Lagavulin","floor":8,"turns":7},{"damage":0,"enemies":"2 Fungi Beasts","floor":10,"turns":2},{"damage":10,"enemies":"Looter","floor":11,"turns":2},{"damage":27,"enemies":"3 Sentries","floor":12,"turns":6},{"damage":6,"enemies":"Large Slime","floor":14,"turns":3},{"damage":143,"enemies":"Hexaghost","floor":16,"turns":8},{"damage":0,"enemies":"Chosen","floor":18,"turns":3},{"damage":30,"enemies":"2 Thieves","floor":19,"turns":4},{"damage":9,"enemies":"Centurion and Healer","floor":21,"turns":4},{"damage":120,"enemies":"Slavers","floor":25,"turns":7},{"damage":10,"enemies":"Snecko","floor":29,"turns":5},{"damage":46,"enemies":"Gremlin Leader","floor":30,"turns":13},{"damage":33,"enemies":"Collector","floor":33,"turns":12},{"damage":25,"enemies":"3 Shapes","floor":35,"turns":5},{"damage":11,"enemies":"Orb Walker","floor":36,"turns":5},{"damage":23,"enemies":"Jaw Worm Horde","floor":39,"turns":6},{"damage":20,"enemies":"Nemesis","floor":40,"turns":9},{"damage":106,"enemies":"Giant Head","floor":44,"turns":9},{"damage":7,"enemies":"4 Shapes","floor":45,"turns":4},{"damage":16,"enemies":"Spire Growth","floor":46,"turns":4},{"damage":14,"enemies":"Jaw Worm Horde","floor":47,"turns":7},{"damage":49,"enemies":"Nemesis","floor":48,"turns":7},{"damage":15,"enemies":"conspire:OrnateMirror","floor":50,"turns":9},{"damage":0,"enemies":"Shield and Spear","floor":54,"turns":5},{"damage":13,"enemies":"The Heart","floor":55,"turns":8}],"seed_played":"-3859439189304095992","potions_obtained":[{"floor":3,"key":"Adrenaline Potion"},{"floor":4,"key":"Doom Potion"},{"floor":8,"key":"PowerPotion"},{"floor":11,"key":"ColorlessPotion"},{"floor":16,"key":"Guardian:BlockOnCardUsePotion"},{"floor":21,"key":"Elixir"},{"floor":25,"key":"SkillPotion"},{"floor":29,"key":"DistilledChaos"},{"floor":35,"key":"StancePotion"},{"floor":40,"key":"AttackPotion"},{"floor":45,"key":"champ:CounterPotion"},{"floor":47,"key":"BlessingOfTheForge"},{"floor":54,"key":"PowerPotion"}],"is_trial":false,"path_per_floor":["M","$","M","M","?","E","?","E","T","M","M","E","R","M","R","B",null,"M","M","$","M","?","?","R","E","T","R","?","M","E","T","R_BF","B",null,"M","M","?","$","M","E","R","?","T","E","M","M","M","E","R","B",null,"R","$","E","B",null],"character_chosen":"WATCHER","items_purchased":["conspire:InfiniteJournal","StuffTheSpire:BottledEssence","conspire:TopHat","Replay:Parry","hubris:EnhanceAbility","BattleHymn","Replay:ManipulateFuture","Evaluate","EmptyFist","ReachHeaven","Death Potion","Swift Potion","SkillPotion","BargainBundle","Oddly Smooth Stone","conspire:DecoderRing","AttackPotion","EmptyFist","BowlingBash","Protect","Replay:DivineShield","Adaptation","Survey Options","Sling","Pray","MentalFortress","Bronze Scales"],"campfire_rested":4,"item_purchase_floors":[2,2,2,2,2,2,2,2,2,2,2,2,2,20,20,20,20,20,20,20,20,20,20,38,38,38,53],"current_hp_per_floor":[92,102,100,110,120,103,102,67,77,87,87,70,140,144,220,87,252,262,242,252,253,263,161,171,61,71,138,148,148,112,122,132,109,271,256,255,265,275,262,252,262,272,282,188,193,189,187,150,283,280,441,451,461,471,478],"gold":48,"neow_bonus":"RANDOM_COMMON_RELIC","is_daily":false,"chose_seed":false,"campfire_upgraded":3,"win_rate":0.0,"timestamp":1608810373,"path_taken":["M","$","M","?","?","E","?","E","T","M","M","E","R","M","R","BOSS","M","M","$","M","?","?","R","E","T","R","?","M","E","?","R_BF","BOSS","M","?","?","$","M","E","R","?","T","E","M","M","M","E","R","BOSS","R","$","E","BOSS"],"items_purchased_type":["Relic","Relic","Relic","Card","Card","Card","Card","Card","Card","Card","Potion","Potion","Potion","Relic","Relic","Relic","Potion","Card","Card","Card","Card","Card","Card","Relic","Card","Card","Relic"],"build_version":"2020-12-22","purchased_purges":1,"victory":true,"max_hp_per_floor":[92,102,112,122,132,142,152,162,172,182,192,202,212,222,232,242,252,262,272,282,292,302,161,171,181,191,201,211,221,231,241,251,261,271,281,291,301,311,321,331,341,351,361,371,381,391,401,411,421,431,441,451,461,471,491],"relic_stats":{"Blood Vial":12,"counters":[29,162],"Sundial":[4],"Bronze Scales":[96],"Pen Nib":[1],"Letter Opener":[532],"obtain_stats":[{"Vajra":44,"StuffTheSpire:BottledEssence":2,"StuffTheSpire:GrapeVine":8,"Sling":38,"conspire:TopHat":2,"conspire:InfiniteJournal":2,"Blood Vial":40,"StuffTheSpire:Experiment12":48,"Sundial":25,"conspire:DecoderRing":20,"StuffTheSpire:Nightcore":9,"Replay:Bottled Steam":32,"conspire:Dentures":6,"Gremlin Food":26,"BargainBundle":20,"Replay:Fungal Core":34,"Oddly Smooth Stone":20,"conspire:RunicOctahedron":17,"Replay:WaspNest":43,"Pen Nib":54,"Letter Opener":22,"infinitespire:Lucky Rock":31,"hubris:Towel":28,"Replay:Baseball":0,"conspire:GiftBox":12,"Pondfish Scales":30,"Bronze Scales":53,"PureWater":0},{"Vajra":22,"StuffTheSpire:BottledEssence":1,"StuffTheSpire:GrapeVine":5,"Sling":19,"conspire:TopHat":1,"conspire:InfiniteJournal":1,"Blood Vial":21,"StuffTheSpire:Experiment12":26,"Sundial":14,"conspire:DecoderRing":12,"StuffTheSpire:Nightcore":5,"Replay:Bottled Steam":16,"conspire:Dentures":4,"Gremlin Food":14,"BargainBundle":12,"Replay:Fungal Core":17,"Oddly Smooth Stone":12,"conspire:RunicOctahedron":10,"Replay:WaspNest":21,"Pen Nib":28,"Letter Opener":13,"infinitespire:Lucky Rock":16,"hubris:Towel":14,"Replay:Baseball":0,"conspire:GiftBox":8,"Pondfish Scales":16,"Bronze Scales":27,"PureWater":0},{"Vajra":118,"StuffTheSpire:BottledEssence":1,"StuffTheSpire:GrapeVine":16,"Sling":94,"conspire:TopHat":1,"conspire:InfiniteJournal":1,"Blood Vial":109,"StuffTheSpire:Experiment12":140,"Sundial":54,"conspire:DecoderRing":43,"StuffTheSpire:Nightcore":16,"Replay:Bottled Steam":72,"conspire:Dentures":9,"Gremlin Food":54,"BargainBundle":43,"Replay:Fungal Core":84,"Oddly Smooth Stone":43,"conspire:RunicOctahedron":36,"Replay:WaspNest":109,"Pen Nib":154,"Letter Opener":47,"infinitespire:Lucky Rock":72,"hubris:Towel":54,"Replay:Baseball":0,"conspire:GiftBox":25,"Pondfish Scales":72,"Bronze Scales":149,"PureWater":0}]},"card_choices":[{"not_picked":["Nirvana","Replay:ManipulateFuture"],"picked":"InnerPeace","floor":1},{"not_picked":["CutThroughFate","Replay:AtTheReady"],"picked":"PathToVictory","floor":3},{"not_picked":["CrushJoints","Swivel"],"picked":"Prostrate","floor":4},{"not_picked":["CutThroughFate","Swivel"],"picked":"Adaptation","floor":6},{"not_picked":["PathToVictory","ClearTheMind"],"picked":"Replay:Vibes","floor":8},{"not_picked":["FollowUp","Crescendo"],"picked":"Judgement","floor":10},{"not_picked":["TalkToTheHand","ReachHeaven"],"picked":"PathToVictory","floor":11},{"not_picked":["Vault","Brilliance"],"picked":"Alpha","floor":12},{"not_picked":["Replay:BluntJabs","ConjureBlade"],"picked":"LikeWater","floor":12},{"not_picked":["Evaluate","FlyingSleeves"],"picked":"Replay:Hum","floor":14},{"not_picked":["MasterReality","Vault"],"picked":"Alpha","floor":16},{"not_picked":["CarveReality","Evaluate"],"picked":"ClearTheMind","floor":18},{"not_picked":["MentalFortress","ThirdEye+1"],"picked":"Replay:Vibes","floor":19},{"not_picked":["CarveReality+1","Wallop"],"picked":"Consecrate","floor":21},{"not_picked":["CutThroughFate","LikeWater"],"picked":"Halt","floor":25},{"not_picked":["Adaptation","Replay:AtTheReady+1"],"picked":"Replay:DivineShield+1","floor":29},{"not_picked":["PathToVictory","Replay:AtTheReady"],"picked":"Worship","floor":30},{"not_picked":["Judgement","Scrawl"],"picked":"DeusExMachina","floor":33},{"not_picked":["ClearTheMind+1","FlyingSleeves"],"picked":"Replay:ManipulateFuture+1","floor":35},{"not_picked":["WheelKick+1","EmptyBody"],"picked":"Alpha","floor":36},{"not_picked":["FollowUp","Meditate+1"],"picked":"Indignation","floor":39},{"not_picked":["Conclude+1","Indignation+1"],"picked":"Consecrate+1","floor":40},{"not_picked":["Replay:Anticipation+1","WheelKick"],"picked":"Halt","floor":44},{"not_picked":["Protect","Replay:Anticipation"],"picked":"DeusExMachina","floor":45},{"not_picked":["CarveReality+1","Evaluate+1"],"picked":"FlurryOfBlows","floor":46},{"not_picked":["Perseverance","Replay:Hum"],"picked":"Crescendo+1","floor":47},{"not_picked":["Establishment","BowlingBash+1"],"picked":"PathToVictory+1","floor":48},{"not_picked":["Replay:BluntJabs","CrushJoints+1"],"picked":"InnerPeace","floor":54}],"player_experience":227300,"relics_obtained":[{"floor":6,"key":"conspire:Dentures"},{"floor":8,"key":"StuffTheSpire:GrapeVine"},{"floor":9,"key":"StuffTheSpire:Nightcore"},{"floor":12,"key":"conspire:GiftBox"},{"floor":25,"key":"Sundial"},{"floor":26,"key":"Gremlin Food"},{"floor":30,"key":"Pondfish Scales"},{"floor":31,"key":"infinitespire:Lucky Rock"},{"floor":32,"key":"Replay:Bottled Steam"},{"floor":40,"key":"Blood Vial"},{"floor":43,"key":"Replay:WaspNest"},{"floor":44,"key":"Vajra"},{"floor":48,"key":"StuffTheSpire:Experiment12"},{"floor":54,"key":"Pen Nib"}],"event_choices":[{"damage_healed":0,"gold_gain":75,"player_choice":"Gather Gold","damage_taken":11,"max_hp_gain":0,"max_hp_loss":0,"event_name":"World of Goop","floor":7,"gold_loss":0},{"damage_healed":0,"gold_gain":0,"player_choice":"Stole Relic","damage_taken":0,"relics_obtained":["Letter Opener"],"max_hp_gain":0,"max_hp_loss":0,"event_name":"Addict","floor":22,"gold_loss":0,"cards_obtained":["Shame"]},{"damage_healed":0,"gold_gain":0,"player_choice":"Became a Ghost","damage_taken":0,"max_hp_gain":0,"max_hp_loss":151,"event_name":"Ghosts","floor":23,"gold_loss":0,"cards_obtained":["Ghostly","Ghostly","Ghostly","Ghostly","Ghostly"]},{"cards_removed":["Adaptation"],"damage_healed":0,"gold_gain":0,"player_choice":"Removed Power","damage_taken":0,"max_hp_gain":0,"max_hp_loss":0,"event_name":"Falling","floor":42,"gold_loss":0}],"is_beta":false,"boss_relics":[{"not_picked":["Replay:Bronze Core","Tiny House"],"picked":"conspire:RunicOctahedron"},{"not_picked":["hubris:CrackedHourglass","Pandora\u0027s Box"],"picked":"Replay:Fungal Core"}],"items_purged_floors":[20],"is_endless":false,"potions_floor_spawned":[3,4,8,11,16,21,25,29,35,40,45,47,54],"ascension_level":0}}