{"host":"vhvm1b4sel61ztfv","time":1608820224,"event":{"mods":["BaseMod","Minty Spire (QoL Compilation)","Replay The Spire","StSLib"],"gold_per_floor":[19,19,37,37,56,56,70,70,117,136,154,154,154,154,154,251,251,269,29,42,58,58,84,84,97,123,123,148,2,2,22,22,122,122,142,142,152,152,152,152,171,191,218,230,292,304,330,361,373,385,385],"floor_reached":50,"playtime":2520,"items_purged":[],"score":499,"play_id":"fce426a2-dc78-4ad5-8cc7-095308db8fbd","local_time":"20201224093024","is_ascension_mode":false,"campfire_choices":[{"data":"Electrodynamics","floor":6,"key":"SMITH"},{"data":"Fusion","floor":8,"key":"SMITH"},{"data":"Static Discharge","floor":12,"key":"SMITH"},{"floor":15,"key":"DIG"},{"floor":24,"key":"REST"},{"floor":27,"key":"REST"},{"floor":32,"key":"REST"},{"floor":46,"key":"REST"},{"floor":49,"key":"REST"}],"circlet_count":0,"master_deck":["Strike_B+1","Strike_B+1","Strike_B+1","Defend_B","Defend_B","Defend_B+1","Defend_B","Zap","Dualcast","Electrodynamics+1","Gash+1","Gash+1","Self Repair","Fusion+1","Ball Lightning","Static Discharge+1","Creative AI","Glacier+1","Static Discharge","Panic Button","Stack+1","Sweeping Beam","Defragment+1","Self Repair","Defragment+1","Thunder Strike","Gash","Seek","Chill","Writhe","Gash+1"],"relics":["Cracked Core","Juzu Bracelet","Potion Belt","Whetstone","Nuclear Battery","Gremlin Food","Thread and Needle","Bag of Marbles","Vajra","Black Star","MawBank","Ring of Shattering","StoneCalendar"],"acts_visited":["Exordium","TheCity","TheBeyond"],"potions_floor_usage":[10,16,16,23,23,33,33,45,45,50,50],"damage_taken":[{"damage":0,"enemies":"Small Slimes","floor":1,"turns":2},{"damage":1,"enemies":"Cultist","floor":3,"turns":3},{"damage":1,"enemies":"Jaw Worm","floor":5,"turns":3},{"damage":12,"enemies":"Large Slime","floor":7,"turns":4},{"damage":13,"enemies":"Exordium Thugs","floor":10,"turns":3},{"damage":2,"enemies":"2 Fungi Beasts","floor":11,"turns":2},{"damage":38,"enemies":"The Guardian","floor":16,"turns":9},{"damage":20,"enemies":"Chosen","floor":18,"turns":4},{"damage":15,"enemies":"Spheric Guardian","floor":20,"turns":3},{"damage":4,"enemies":"3 Cultists","floor":21,"turns":3},{"damage":20,"enemies":"Slavers","floor":23,"turns":2},{"damage":18,"enemies":"Snake Plant","floor":25,"turns":4},{"damage":13,"enemies":"Replay:Snechameleon","floor":28,"turns":4},{"damage":18,"enemies":"Sentry and Sphere","floor":31,"turns":4},{"damage":31,"enemies":"Collector","floor":33,"turns":6},{"damage":16,"enemies":"Orb Walker","floor":35,"turns":5},{"damage":24,"enemies":"3 Darklings","floor":37,"turns":3},{"damage":0,"enemies":"4 Shapes","floor":41,"turns":3},{"damage":23,"enemies":"Transient","floor":42,"turns":5},{"damage":13,"enemies":"Mind Bloom Boss Battle","floor":45,"turns":7},{"damage":13,"enemies":"Jaw Worm Horde","floor":47,"turns":2},{"damage":11,"enemies":"Maw","floor":48,"turns":8},{"damage":111,"enemies":"Awakened One","floor":50,"turns":10}],"seed_played":"-5207610284208250220","potions_obtained":[{"floor":5,"key":"LifebloodPotion"},{"floor":7,"key":"Regen Potion"},{"floor":10,"key":"Energy Potion"},{"floor":18,"key":"LifebloodPotion"},{"floor":20,"key":"Fire Potion"},{"floor":25,"key":"Reflective Coating"},{"floor":28,"key":"EssenceOfSteel"},{"floor":31,"key":"Death Potion"},{"floor":41,"key":"Languid Potion"},{"floor":42,"key":"Swift Potion"},{"floor":47,"key":"Explosive Potion"}],"is_trial":false,"path_per_floor":["M","?","M","$","M","R","M","R","T","M","M","R","?","?","R","B",null,"M","$","M","M","?","E","R","M","T","R","E","$","$","M","R","B",null,"M","?","M","?","?","?","M","M","T","?","?","R","M","M","R","B"],"character_chosen":"DEFECT","items_purchased":["Gremlin Food","Static Discharge","Panic Button","Thunder Strike"],"campfire_rested":5,"item_purchase_floors":[19,19,19,29],"current_hp_per_floor":[75,75,74,74,73,73,68,68,68,62,67,67,60,75,75,49,75,62,62,54,50,50,37,59,48,48,70,64,64,64,53,75,44,75,73,73,63,63,63,75,75,59,59,59,60,75,62,65,75,0,0],"gold":385,"neow_bonus":"THREE_RARE_CARDS","is_daily":false,"chose_seed":false,"campfire_upgraded":3,"win_rate":0.0,"timestamp":1608820224,"path_taken":["M","?","?","?","M","R","M","R","T","M","M","R","?","?","R","BOSS","M","$","M","M","?","E","R","M","T","R","E","?","$","M","R","BOSS","M","?","M","?","?","?","M","M","T","?","?","R","M","M","R","BOSS"],"items_purchased_type":["Relic","Card","Card","Card"],"build_version":"2020-12-22","purchased_purges":0,"victory":false,"max_hp_per_floor":[75,75,75,75,75,75,75,75,75,75,75,75,75,75,75,75,75,75,75,75,75,75,75,75,75,75,75,75,75,75,75,75,75,75,75,75,75,75,75,75,75,75,75,75,75,75,75,75,75,75,75],"card_choices":[{"not_picked":["ReplayTheSpireMod:Omega Cannon","Seek"],"picked":"Electrodynamics","floor":0},{"not_picked":["Compile Driver","Conserve Battery"],"picked":"Gash","floor":1},{"not_picked":["Leap","Skim"],"picked":"Gash","floor":3},{"not_picked":["Cold Snap","Sweeping Beam"],"picked":"Self Repair","floor":5},{"not_picked":["Rip and Tear","Rebound"],"picked":"Fusion","floor":7},{"not_picked":["Compile Driver","Doom and Gloom"],"picked":"Ball Lightning","floor":10},{"not_picked":["Aggregate","Streamline"],"picked":"Static Discharge","floor":11},{"not_picked":["Mirror Shield","ReplayTheSpireMod:Omega Cannon"],"picked":"Creative AI","floor":16},{"not_picked":["Go for the Eyes+1","Cold Snap"],"picked":"Glacier+1","floor":18},{"not_picked":["Redo","Streamline"],"picked":"Stack+1","floor":20},{"not_picked":["Rip and Tear+1","Beam Cell"],"picked":"Sweeping Beam","floor":21},{"not_picked":["Gash+1","Time Bomb"],"picked":"Defragment","floor":23},{"not_picked":["Compile Driver","Go for the Eyes"],"picked":"Self Repair","floor":25},{"not_picked":["Conserve Battery","ReplayTheSpireMod:Repulse"],"picked":"Defragment+1","floor":28},{"not_picked":["Compile Driver","BasicCrystalCard"],"picked":"Gash","floor":31},{"not_picked":["Machine Learning","Mirror Shield"],"picked":"Seek","floor":33},{"not_picked":["Lockon","Cold Snap+1","Stack+1"],"picked":"SKIP","floor":35},{"not_picked":["ReplayGash","Streamline"],"picked":"Chill","floor":37},{"not_picked":["Ball Lightning","ReplayTheSpireMod:GoodbyeWorld","Auto Shields+1"],"picked":"SKIP","floor":41},{"not_picked":["Barrage+1","Auto Shields","Coolheaded"],"picked":"SKIP","floor":42},{"not_picked":["Cold Snap","Steam"],"picked":"Gash+1","floor":45},{"not_picked":["Melter+1","Conserve Battery","Cold Snap"],"picked":"SKIP","floor":47},{"not_picked":["Consume+1","Sweeping Beam+1","BasicCrystalCard+1"],"picked":"SKIP","floor":48}],"player_experience":65523,"relics_obtained":[{"floor":9,"key":"Juzu Bracelet"},{"floor":15,"key":"Whetstone"},{"floor":23,"key":"Thread and Needle"},{"floor":26,"key":"Bag of Marbles"},{"floor":28,"key":"Vajra"},{"floor":43,"key":"MawBank"},{"floor":44,"key":"Ring of Shattering"},{"floor":45,"key":"StoneCalendar"}],"event_choices":[{"damage_healed":0,"gold_gain":0,"player_choice":"Ignored","damage_taken":0,"max_hp_gain":0,"max_hp_loss":0,"event_name":"Purifier","floor":2,"gold_loss":0},{"damage_healed":0,"gold_gain":0,"player_choice":"Success","damage_taken":7,"relics_obtained":["Potion Belt"],"max_hp_gain":0,"max_hp_loss":0,"event_name":"Scrap Ooze","floor":13,"gold_loss":0},{"damage_healed":25,"gold_gain":0,"player_choice":"Banana","damage_taken":0,"max_hp_gain":0,"max_hp_loss":0,"event_name":"Big Fish","floor":14,"gold_loss":0},{"damage_healed":0,"gold_gain":0,"player_choice":"Ignored","damage_taken":0,"max_hp_gain":0,"max_hp_loss":0,"event_name":"N\u0027loth","floor":22,"gold_loss":0},{"damage_healed":0,"gold_gain":0,"player_choice":"Ignored","damage_taken":0,"max_hp_gain":0,"max_hp_loss":0,"event_name":"Mysterious Sphere","floor":36,"gold_loss":0},{"damage_healed":0,"gold_gain":0,"player_choice":"Memory 1","damage_taken":0,"max_hp_gain":0,"max_hp_loss":0,"event_name":"SensoryStone","floor":38,"gold_loss":0},{"cards_removed":["Strike_B"],"damage_healed":0,"gold_gain":0,"player_choice":"Purged","damage_taken":0,"max_hp_gain":0,"max_hp_loss":0,"event_name":"Purifier","floor":39,"gold_loss":0},{"damage_healed":19,"gold_gain":0,"player_choice":"Writhe","damage_taken":0,"max_hp_gain":0,"max_hp_loss":0,"event_name":"Winding Halls","floor":40,"gold_loss":0,"cards_obtained":["Writhe"]},{"damage_healed":0,"gold_gain":0,"player_choice":"Fight","damage_taken":0,"max_hp_gain":0,"max_hp_loss":0,"event_name":"MindBloom","floor":45,"gold_loss":0}],"is_beta":false,"boss_relics":[{"not_picked":["Snecko Eye","Ring of Chaos"],"picked":"Nuclear Battery"},{"not_picked":["Philosopher\u0027s Stone","Painkiller Herb"],"picked":"Black Star"}],"items_purged_floors":[],"is_endless":false,"potions_floor_spawned":[5,7,10,18,20,25,28,31,41,42,47],"killed_by":"Awakened One","ascension_level":0}}