{"host":"cfqt5rt8addb95si","time":1608815433,"event":{"mods":["Act Like it!","BaseMod","Better Vampires","Challenge The Spire","Colored Powertips","Conspire","Ironclad Rager","Marisa（F雨　魔理沙）","Mimic Mod","Minty Spire (QoL Compilation)","No Card Rewards","Quick Restart","Relic Stats","Remilia（蕾米莉亚）","Reworked Bosses","Shop Mod","The Construct","The Disciple","The IronCluck","The Servant 0.9.4","Voiceroid Mod","【东方二次创作】八云紫mod"],"gold_per_floor":[114,132,149,168,25,25,25,25,25,25,61,80,103,76,76,76,76],"floor_reached":16,"playtime":1000,"items_purged":[],"score":102,"play_id":"2e7f3a83-8b6b-4aa1-b1ba-15180cebb9fd","local_time":"20201224211033","is_ascension_mode":false,"campfire_choices":[{"data":"UpSweep","floor":6,"key":"SMITH"},{"floor":8,"key":"REST"},{"data":"Strike_MRS","floor":10,"key":"SMITH"},{"floor":15,"key":"REST"}],"circlet_count":0,"master_deck":["Strike_MRS","Strike_MRS+1","Strike_MRS","Strike_MRS","Defend_MRS","Defend_MRS","Defend_MRS+1","Defend_MRS+1","MasterSpark","UpSweep+1","WitchOfGreed"],"relics":["MiniHakkero","MerchantsRug","Golden Idol","War Paint","Ornamental Fan"],"acts_visited":["Exordium"],"potions_floor_usage":[16,16,16],"damage_taken":[{"damage":1,"enemies":"Cultist","floor":1,"turns":3},{"damage":1,"enemies":"Jaw Worm","floor":2,"turns":3},{"damage":0,"enemies":"Small Slimes","floor":3,"turns":3},{"damage":19,"enemies":"Exordium Wildlife","floor":4,"turns":3},{"damage":15,"enemies":"3 Sentries","floor":11,"turns":8},{"damage":4,"enemies":"2 Fungi Beasts","floor":12,"turns":3},{"damage":6,"enemies":"Exordium Thugs","floor":13,"turns":4},{"damage":68,"enemies":"The Guardian","floor":16,"turns":9}],"seed_played":"7636103101648993287","potions_obtained":[{"floor":11,"key":"Swift Potion"},{"floor":12,"key":"AttackPotion"},{"floor":13,"key":"BottledSpark"}],"is_trial":false,"path_per_floor":["M","M","M","M","$","R","?","R","T","R","E","M","M","$","R","B"],"character_chosen":"MARISA","items_purchased":["MerchantsRug","WitchOfGreed"],"campfire_rested":2,"item_purchase_floors":[5,14],"current_hp_per_floor":[81,80,80,61,61,61,41,65,65,65,50,46,40,40,64,0,0],"gold":76,"neow_bonus":"TEN_PERCENT_HP_BONUS","is_daily":false,"chose_seed":false,"campfire_upgraded":2,"win_rate":0.0,"timestamp":1608815433,"path_taken":["M","M","M","?","$","R","?","R","T","R","E","M","M","$","R","BOSS"],"items_purchased_type":["Relic","Card"],"build_version":"2020-12-22","purchased_purges":0,"victory":false,"max_hp_per_floor":[82,82,82,82,82,82,82,82,82,82,82,82,82,82,82,82,82],"relic_stats":{"counters":[8,36],"Golden Idol":20,"Ornamental Fan":[24],"War Paint":["Defend_MRS","Defend_MRS"],"obtain_stats":[{"MerchantsRug":5,"Golden Idol":7,"Ornamental Fan":11,"MiniHakkero":0,"War Paint":9},{"MerchantsRug":4,"Golden Idol":4,"Ornamental Fan":5,"MiniHakkero":0,"War Paint":4},{"MerchantsRug":12,"Golden Idol":12,"Ornamental Fan":20,"MiniHakkero":0,"War Paint":12}]},"card_choices":[],"player_experience":147,"relics_obtained":[{"floor":9,"key":"War Paint"},{"floor":11,"key":"Ornamental Fan"}],"event_choices":[{"damage_healed":0,"gold_gain":0,"player_choice":"Take Damage","damage_taken":20,"relics_obtained":["Golden Idol"],"max_hp_gain":0,"max_hp_loss":0,"event_name":"Golden Idol","floor":7,"gold_loss":0}],"is_beta":false,"boss_relics":[],"items_purged_floors":[],"is_endless":false,"potions_floor_spawned":[11,12,13],"killed_by":"The Guardian","ascension_level":0}}