{"host":"CarrotHands","time":1608786475,"event":{"mods":["BaseMod","Minty Spire (QoL Compilation)","Relic Stats","StSLib"],"gold_per_floor":[119,194,214,231,242,242,268,24,105,130,130,405,56,70,70,70,70],"floor_reached":16,"playtime":713,"items_purged":["Writhe","Regret"],"score":220,"play_id":"0a8390ae-8bec-4344-a53b-b852f92322de","local_time":"20201223210755","is_ascension_mode":true,"campfire_choices":[{"data":"Streamline","floor":6,"key":"SMITH"},{"data":"Creative AI","floor":11,"key":"SMITH"},{"data":"Consume","floor":15,"key":"SMITH"}],"circlet_count":0,"master_deck":["AscendersBane","Strike_B","Strike_B","Strike_B","Strike_B","Defend_B+1","Defend_B","Defend_B","Defend_B","Zap","Dualcast+1","Cold Snap","Hello World","Loop","Streamline+1","Creative AI+1","Consume+1","Hologram"],"relics":["Cracked Core","StoneCalendar","Shovel","Lee\u0027s Waffle","Meat on the Bone","War Paint","Membership Card","Bag of Preparation"],"acts_visited":["Exordium"],"potions_floor_usage":[7,10],"damage_taken":[{"damage":0,"enemies":"2 Louse","floor":1,"turns":2},{"damage":0,"enemies":"Cultist","floor":3,"turns":4},{"damage":5,"enemies":"Jaw Worm","floor":4,"turns":3},{"damage":12,"enemies":"Blue Slaver","floor":5,"turns":3},{"damage":9,"enemies":"3 Sentries","floor":7,"turns":7},{"damage":42,"enemies":"Gremlin Nob","floor":10,"turns":5},{"damage":0,"enemies":"2 Fungi Beasts","floor":14,"turns":3},{"damage":51,"enemies":"Hexaghost","floor":16,"turns":9}],"seed_played":"-1138505886167330525","potions_obtained":[{"floor":1,"key":"PotionOfCapacity"},{"floor":5,"key":"FocusPotion"},{"floor":7,"key":"Weak Potion"}],"is_trial":false,"path_per_floor":["M","?","M","M","M","R","E","$","T","E","R","?","$","M","R","B"],"character_chosen":"DEFECT","items_purchased":["Lee\u0027s Waffle","Membership Card","Consume","Bag of Preparation","Hologram"],"campfire_rested":0,"item_purchase_floors":[8,13,13,13,13],"current_hp_per_floor":[64,53,53,48,36,36,27,78,78,48,48,48,48,48,48,0,0],"gold":70,"neow_bonus":"ONE_RARE_RELIC","is_daily":false,"chose_seed":false,"campfire_upgraded":3,"win_rate":0.0,"timestamp":1608786475,"path_taken":["M","?","M","M","M","R","E","$","T","E","R","?","$","?","R","BOSS"],"items_purchased_type":["Relic","Relic","Card","Relic","Card"],"build_version":"2020-12-18","purchased_purges":2,"victory":false,"max_hp_per_floor":[71,71,71,71,71,71,71,78,78,78,78,78,78,78,78,78,78],"relic_stats":{"Lee\u0027s Waffle":51,"Shovel":0,"counters":[8,35],"StoneCalendar":[40],"Bag of Preparation":[4],"War Paint":["Dualcast","Defend_B"],"obtain_stats":[{"Lee\u0027s Waffle":8,"Shovel":7,"StoneCalendar":0,"Bag of Preparation":13,"Membership Card":13,"War Paint":10,"Cracked Core":0,"Meat on the Bone":9},{"Lee\u0027s Waffle":5,"Shovel":5,"StoneCalendar":0,"Bag of Preparation":6,"Membership Card":6,"War Paint":6,"Cracked Core":0,"Meat on the Bone":5},{"Lee\u0027s Waffle":19,"Shovel":19,"StoneCalendar":0,"Bag of Preparation":23,"Membership Card":23,"War Paint":23,"Cracked Core":0,"Meat on the Bone":19}],"Meat on the Bone":12},"card_choices":[{"not_picked":["Compile Driver","Conserve Battery"],"picked":"Cold Snap","floor":1},{"not_picked":["Turbo","Reprogram"],"picked":"Hello World","floor":3},{"not_picked":["Leap","Self Repair"],"picked":"Loop","floor":4},{"not_picked":["Amplify","Gash"],"picked":"Streamline","floor":5},{"not_picked":["Leap","Steam","Rebound"],"picked":"SKIP","floor":7},{"not_picked":["Beam Cell","Cold Snap"],"picked":"Creative AI","floor":10},{"not_picked":["White Noise","Gash","Hologram"],"picked":"SKIP","floor":14}],"player_experience":3009936,"relics_obtained":[{"floor":7,"key":"Shovel"},{"floor":9,"key":"Meat on the Bone"},{"floor":10,"key":"War Paint"}],"event_choices":[{"damage_healed":0,"gold_gain":75,"player_choice":"Gather Gold","damage_taken":11,"max_hp_gain":0,"max_hp_loss":0,"event_name":"World of Goop","floor":2,"gold_loss":0},{"damage_healed":0,"gold_gain":275,"player_choice":"Desecrate","damage_taken":0,"max_hp_gain":0,"max_hp_loss":0,"event_name":"Golden Shrine","floor":12,"gold_loss":0,"cards_obtained":["Regret"]}],"is_beta":true,"boss_relics":[],"items_purged_floors":[8,13],"is_endless":false,"potions_floor_spawned":[1,5,7],"killed_by":"Hexaghost","ascension_level":20}}