{"host":"jpcy2bclvs7juczu","time":1608846337,"event":{"mods":["AchievementEnabler","Alarm Clock","BaseMod","Block Reminder","Colored Map","Colored Powertips","Curses Come First","Filter the Spire","Minty Spire (QoL Compilation)","Quick Restart","Relic Stats","StSLib","ojb\u0027s Better Paths Mod","ojb\u0027s Info Mod","slay the spire mod where everything is the same but ironclad has a cowboy hat"],"gold_per_floor":[217,217,55,68,138,138,157,190,213,243,253,265,265,295,295,295,295],"floor_reached":16,"playtime":1726,"items_purged":[],"score":220,"play_id":"53872d89-24a1-4aa4-b8ad-ee66d2716b07","local_time":"20201224214537","is_ascension_mode":true,"campfire_choices":[{"data":"Clothesline","floor":6.0,"key":"SMITH"},{"data":"Metallicize","floor":13,"key":"SMITH"},{"floor":15,"key":"RECALL"}],"circlet_count":0,"master_deck":["AscendersBane","Strike_R","Strike_R","Strike_R","Strike_R","Strike_R","Defend_R","Defend_R","Defend_R","Defend_R","Bash","Pommel Strike","Clothesline+1","Flame Barrier","Metallicize+1","Shrug It Off"],"relics":["Burning Blood","ClockworkSouvenir","Boot","Bag of Preparation","PreservedInsect"],"acts_visited":["Exordium"],"potions_floor_usage":[12,14,14],"damage_taken":[{"damage":11.0,"enemies":"Jaw Worm","floor":1.0,"turns":5.0},{"damage":3.0,"enemies":"2 Louse","floor":4.0,"turns":3.0},{"damage":1.0,"enemies":"Cultist","floor":7.0,"turns":3.0},{"damage":32.0,"enemies":"Lagavulin","floor":8.0,"turns":6.0},{"damage":8,"enemies":"Looter","floor":11,"turns":4},{"damage":1,"enemies":"Lots of Slimes","floor":12,"turns":2},{"damage":20,"enemies":"3 Sentries","floor":14,"turns":9},{"damage":0,"enemies":"The Guardian","floor":16,"turns":1}],"seed_played":"3743201435136349784","potions_obtained":[{"floor":1.0,"key":"SteroidPotion"},{"floor":8.0,"key":"Explosive Potion"},{"floor":11,"key":"BlessingOfTheForge"},{"floor":12,"key":"Strength Potion"}],"is_trial":false,"path_per_floor":["M","?","$","M","?","R","M","E","T","?","M","M","R","E","R","B"],"character_chosen":"IRONCLAD","items_purchased":["ClockworkSouvenir"],"campfire_rested":0,"item_purchase_floors":[3],"current_hp_per_floor":[63,63,63,66,66,66,71,45,45,45,43,48,48,34,34,34,34],"gold":295,"neow_bonus":"HUNDRED_GOLD","is_daily":false,"chose_seed":false,"campfire_upgraded":2,"win_rate":0.0,"timestamp":1608846337,"path_taken":["M","?","$","M","?","R","M","E","T","?","M","M","R","E","R","BOSS"],"items_purchased_type":["Relic"],"build_version":"2020-12-22","purchased_purges":0,"victory":false,"max_hp_per_floor":[75,75,75,75,75,75,75,75,75,75,75,75,75,75,75,75,75],"relic_stats":{"counters":[8,32],"PreservedInsect":0,"Bag of Preparation":[6],"Boot":[0],"obtain_stats":[{"PreservedInsect":14,"Bag of Preparation":9,"Boot":8,"Burning Blood":0,"ClockworkSouvenir":3},{"PreservedInsect":7,"Bag of Preparation":4,"Boot":4,"Burning Blood":0,"ClockworkSouvenir":1},{"PreservedInsect":32,"Bag of Preparation":17,"Boot":17,"Burning Blood":0,"ClockworkSouvenir":5}],"Burning Blood":42},"card_choices":[{"not_picked":["Blood for Blood","Rage"],"picked":"Pommel Strike","floor":1.0},{"not_picked":["Wild Strike","Armaments"],"picked":"Clothesline","floor":4.0},{"not_picked":["Infernal Blade","True Grit"],"picked":"Flame Barrier","floor":7.0},{"not_picked":["Sever Soul","Battle Trance"],"picked":"Metallicize","floor":8.0},{"not_picked":["Metallicize","Clothesline"],"picked":"Shrug It Off","floor":11},{"not_picked":["Heavy Blade","Havoc","Thunderclap"],"picked":"SKIP","floor":12},{"not_picked":["Sword Boomerang","Perfected Strike","Shrug It Off"],"picked":"SKIP","floor":14}],"player_experience":180013,"relics_obtained":[{"floor":8.0,"key":"Boot"},{"floor":9.0,"key":"Bag of Preparation"},{"floor":14,"key":"PreservedInsect"}],"event_choices":[{"damage_healed":0.0,"max_hp_gain":0.0,"max_hp_loss":0.0,"gold_gain":0.0,"event_name":"The Cleric","player_choice":"Leave","floor":2.0,"gold_loss":0.0,"damage_taken":0.0},{"damage_healed":0.0,"max_hp_gain":0.0,"max_hp_loss":0.0,"gold_gain":70.0,"event_name":"Golden Wing","player_choice":"Gained Gold","floor":5.0,"gold_loss":0.0,"damage_taken":0.0},{"damage_healed":0,"gold_gain":30,"player_choice":"Searched \u00271\u0027 times","damage_taken":0,"max_hp_gain":0,"max_hp_loss":0,"event_name":"Dead Adventurer","floor":10,"gold_loss":0}],"is_beta":false,"boss_relics":[],"items_purged_floors":[],"is_endless":false,"potions_floor_spawned":[1,8,11,12],"killed_by":"The Guardian","ascension_level":20}}