{"host":"ssbj2e5691x5ub3h","time":1608828574,"event":{"mods":["BaseMod","Duelist Mod","Minty Spire (QoL Compilation)","StSLib"],"gold_per_floor":[139,156,156,168,179,179,207,207,207,207,132,157,200,211,211,330,330,364,398,425,444,470,496,496,496],"floor_reached":24,"playtime":1407,"items_purged":["theDuelist:Sparks"],"score":290,"play_id":"4202e4a9-a00d-4b56-8df0-7913af4b79bd","local_time":"20201224144934","is_ascension_mode":true,"campfire_choices":[{"data":"theDuelist:BerserkScales","floor":6,"key":"SMITH"},{"data":"theDuelist:DragonCaptureJar","floor":8,"key":"SMITH"},{"floor":15,"key":"REST"}],"circlet_count":0,"master_deck":["theDuelist:BabyDragon","theDuelist:CastleWalls","theDuelist:CastleWalls","theDuelist:CaveDragon","theDuelist:CaveDragon","theDuelist:LesserDragon","theDuelist:LesserDragon","theDuelist:YamataDragon","theDuelist:BerserkScales+1","theDuelist:DragonPiper","theDuelist:DragonCaptureJar+1","theDuelist:AncientRules","theDuelist:DragonTreasure","theDuelist:TyrantWing","theDuelist:BeserkDragon","theDuelist:BusterBlader","theDuelist:ChimeratechOverdragon","theDuelist:SnowDragon","theDuelist:TwinBarrelDragon","theDuelist:ArmageddonDragonEmp","theDuelist:QueenDragunDjinn","theDuelist:TrihornedDragon"],"relics":["theDuelist:MillenniumPuzzle","theDuelist:CardPoolRelic","theDuelist:CardPoolBasicRelic","theDuelist:BoosterPackPoolRelic","theDuelist:CardPoolAddRelic","theDuelist:CardPoolMinusRelic","theDuelist:CardPoolSaveRelic","theDuelist:CardPoolOptionsRelic","Bottled Lightning","theDuelist:BoosterExtraAllRaresRelic","theDuelist:ElectricBurst","theDuelist:GamblerChip","Happy Flower"],"acts_visited":["Exordium","TheCity"],"potions_floor_usage":[23],"damage_taken":[{"damage":0,"enemies":"Small Slimes","floor":1,"turns":2},{"damage":6,"enemies":"Jaw Worm","floor":2,"turns":3},{"damage":0,"enemies":"Cultist","floor":4,"turns":3},{"damage":3,"enemies":"Red Slaver","floor":5,"turns":3},{"damage":15,"enemies":"3 Sentries","floor":7,"turns":8},{"damage":12,"enemies":"Lots of Slimes","floor":12,"turns":4},{"damage":5,"enemies":"Lagavulin","floor":13,"turns":7},{"damage":7,"enemies":"Blue Slaver","floor":14,"turns":4},{"damage":6,"enemies":"Slime Boss","floor":16,"turns":13},{"damage":0,"enemies":"Chosen","floor":18,"turns":5},{"damage":0,"enemies":"3 Byrds","floor":19,"turns":4},{"damage":6,"enemies":"Snake Plant","floor":20,"turns":4},{"damage":20,"enemies":"Shelled Parasite and Fungi","floor":21,"turns":2},{"damage":31,"enemies":"Cultist and Chosen","floor":22,"turns":7},{"damage":10,"enemies":"Gremlin Leader","floor":23,"turns":3},{"damage":11,"enemies":"Centurion and Healer","floor":24,"turns":1}],"seed_played":"-5253208081864484807","potions_obtained":[{"floor":12,"key":"Energy Potion"},{"floor":14,"key":"theDuelist:MayhemPotion"},{"floor":16,"key":"theDuelist:BottledKuriboh"},{"floor":20,"key":"theDuelist:BabyPotion"},{"floor":23,"key":"PowerPotion"}],"is_trial":false,"path_per_floor":["M","M","?","M","M","R","E","R","T","?","$","M","E","M","R","B",null,"M","M","M","M","M","E","M"],"character_chosen":"THE_DUELIST","items_purchased":[],"campfire_rested":1,"item_purchase_floors":[],"current_hp_per_floor":[80,74,74,74,71,71,56,56,56,56,56,44,39,32,56,50,73,73,73,67,47,16,6,0,0],"gold":496,"neow_bonus":"ONE_RANDOM_RARE_CARD","is_daily":false,"chose_seed":false,"campfire_upgraded":2,"win_rate":0.0,"timestamp":1608828574,"path_taken":["M","M","?","M","M","R","E","R","T","?","?","M","E","M","R","BOSS","M","M","M","M","M","E","M"],"items_purchased_type":[],"build_version":"2020-12-22","purchased_purges":1,"victory":false,"max_hp_per_floor":[80,80,80,80,80,80,80,80,80,80,80,80,80,80,80,80,80,80,80,80,80,80,80,80,80],"card_choices":[{"not_picked":["theDuelist:YamataDragon","theDuelist:BlackStego","theDuelist:CloudianGhost","theDuelist:CyberDragon"],"picked":"theDuelist:DragonPiper","floor":1},{"not_picked":["theDuelist:TyrantWing","theDuelist:SpiralSpearStrike+1","theDuelist:FireDarts","theDuelist:DefenseZone+1"],"picked":"theDuelist:DragonCaptureJar","floor":2},{"not_picked":["theDuelist:MadSwordBeast","theDuelist:BlackStego","theDuelist:BarrelDragon","theDuelist:TrihornedDragon","theDuelist:BlackTyranno"],"picked":"SKIP","floor":4},{"not_picked":["theDuelist:StampingDestruction","theDuelist:Earthquake","theDuelist:DragonShield","theDuelist:BerserkerSoul"],"picked":"theDuelist:AncientRules","floor":5},{"not_picked":["theDuelist:RedDragonArchfiend","theDuelist:InfernityDoomDragon","theDuelist:CyberLaserDragon","theDuelist:CurseDragon","theDuelist:BarrelDragon"],"picked":"SKIP","floor":7},{"not_picked":["theDuelist:SpiralSpearStrike+1","theDuelist:FireDarts","theDuelist:DragonShield+1","theDuelist:DefenseZone+1"],"picked":"theDuelist:TyrantWing","floor":12},{"not_picked":["theDuelist:YamataDragon","theDuelist:Pyrorex","theDuelist:CurseDragon","theDuelist:BlackStego"],"picked":"theDuelist:BeserkDragon","floor":13},{"not_picked":["theDuelist:Kabazauls","theDuelist:CyberValley","theDuelist:BlackStego","theDuelist:SpiralSpearStrike"],"picked":"theDuelist:BusterBlader","floor":14},{"not_picked":["theDuelist:VoidOgreDragon","theDuelist:SeismicShockwave","theDuelist:LostWorld","theDuelist:BlasterDragonInfernos"],"picked":"theDuelist:ChimeratechOverdragon","floor":16},{"not_picked":["theDuelist:Beatraptor","theDuelist:CaveDragon","theDuelist:DarkHorus","theDuelist:BlueEyes"],"picked":"theDuelist:SnowDragon","floor":18},{"not_picked":["theDuelist:Hydrogeddon","theDuelist:Earthquake+1","theDuelist:BlackPtera","theDuelist:MadSwordBeast"],"picked":"theDuelist:TwinBarrelDragon","floor":19},{"not_picked":["theDuelist:VoidOgreDragon","theDuelist:Lancephorhynchus","theDuelist:LeviaDragon+1","theDuelist:BlackVeloci"],"picked":"theDuelist:ArmageddonDragonEmp","floor":20},{"not_picked":["theDuelist:SeismicShockwave","theDuelist:DragonMastery","theDuelist:BerserkScales","theDuelist:ArmedProtectorDragon+1"],"picked":"theDuelist:QueenDragunDjinn","floor":21},{"not_picked":["theDuelist:VeilDarkness","theDuelist:BlackTyranno","theDuelist:EvilMind","theDuelist:DarkHorus"],"picked":"theDuelist:TrihornedDragon","floor":22},{"not_picked":["theDuelist:CyberDragonVier","theDuelist:SphereChaos+1","theDuelist:DefenseZone","theDuelist:StarlightRoad+1"],"picked":"theDuelist:CyberValley","floor":23}],"player_experience":208379,"relics_obtained":[{"floor":7,"key":"Bottled Lightning"},{"floor":9,"key":"theDuelist:BoosterExtraAllRaresRelic"},{"floor":13,"key":"theDuelist:ElectricBurst"},{"floor":23,"key":"Happy Flower"}],"event_choices":[{"damage_healed":0,"gold_gain":0,"player_choice":"Leave","duelist":true,"damage_taken":0,"max_hp_gain":0,"max_hp_loss":0,"event_name":"Card Trader","floor":3,"gold_loss":0},{"damage_healed":0,"gold_gain":0,"cards_transformed":["theDuelist:Sparks"],"player_choice":"Change","damage_taken":0,"max_hp_gain":0,"max_hp_loss":0,"event_name":"Living Wall","floor":10,"gold_loss":0,"cards_obtained":["theDuelist:DragonTreasure"]}],"is_beta":false,"boss_relics":[{"not_picked":["SlaversCollar","Snecko Eye"],"picked":"theDuelist:GamblerChip"}],"items_purged_floors":[11],"is_endless":false,"potions_floor_spawned":[12,14,16,20,21,22,23],"killed_by":"Centurion and Healer","ascension_level":5}}