{"host":"sc0o2qwpf9j16a4i","time":1608847700,"event":{"mods":["AchievementEnabler","BaseMod","BetterRewards","Block Reminder","Colored Map","Colored Powertips","Custom Start","Highlight Path","Minty Spire (QoL Compilation)","Relic Stats"],"gold_per_floor":[119,119,132,148,198,198,198,198],"floor_reached":7,"playtime":191,"items_purged":["Strike_R"],"score":82,"play_id":"6f452145-1178-47a3-b038-616be4807980","local_time":"20201225000820","is_ascension_mode":true,"campfire_choices":[{"floor":6,"key":"REST"}],"circlet_count":0,"master_deck":["AscendersBane","Strike_R","Strike_R","Strike_R","Strike_R","Defend_R","Defend_R","Defend_R","Defend_R","Bash","Sword Boomerang","Metallicize"],"relics":["Burning Blood","Pen Nib","Omamori"],"acts_visited":["Exordium"],"potions_floor_usage":[],"damage_taken":[{"damage":11,"enemies":"Jaw Worm","floor":1,"turns":5},{"damage":4,"enemies":"Small Slimes","floor":3,"turns":3},{"damage":8,"enemies":"Cultist","floor":4,"turns":5},{"damage":75,"enemies":"Lagavulin","floor":7,"turns":11}],"seed_played":"7992060213998498052","potions_obtained":[{"floor":1,"key":"Dexterity Potion"},{"floor":4,"key":"Ancient Potion"}],"is_trial":false,"path_per_floor":["M","?","M","M","?","R","E"],"character_chosen":"IRONCLAD","items_purchased":["Pen Nib"],"campfire_rested":1,"item_purchase_floors":[0],"current_hp_per_floor":[55,37,39,37,37,59,0,0],"gold":198,"neow_bonus":"","is_daily":false,"chose_seed":false,"campfire_upgraded":0,"win_rate":0.0,"timestamp":1608847700,"path_taken":["M","?","M","M","?","R","E"],"items_purchased_type":["Relic"],"build_version":"2020-12-22","purchased_purges":1,"victory":false,"max_hp_per_floor":[75,75,75,75,75,75,75,75],"relic_stats":{"counters":[11,43],"Pen Nib":[3],"obtain_stats":[{"Anchor":13,"NeowsBlessing":0,"Blue Candle":3,"Pen Nib":0,"Omamori":2,"Whetstone":7,"Bottled Tornado":9,"MawBank":14,"Burning Blood":0},{"Anchor":6,"NeowsBlessing":0,"Blue Candle":1,"Pen Nib":7,"Omamori":8,"Whetstone":3,"Bottled Tornado":3,"MawBank":6,"Burning Blood":0},{"Anchor":13,"NeowsBlessing":0,"Blue Candle":1,"Pen Nib":19,"Omamori":24,"Whetstone":3,"Bottled Tornado":3,"MawBank":13,"Burning Blood":0}],"Burning Blood":48},"card_choices":[{"not_picked":["Heavy Blade","Sentinel","Havoc"],"picked":"SKIP","floor":1},{"not_picked":["Warcry","Clothesline"],"picked":"Sword Boomerang","floor":3},{"not_picked":["Headbutt","Seeing Red"],"picked":"Metallicize","floor":4}],"player_experience":358672,"relics_obtained":[],"event_choices":[{"damage_healed":0,"gold_gain":0,"player_choice":"Success","damage_taken":18,"relics_obtained":["Omamori"],"max_hp_gain":0,"max_hp_loss":0,"event_name":"Scrap Ooze","floor":2,"gold_loss":0},{"damage_healed":0,"gold_gain":50,"player_choice":"Pray","damage_taken":0,"max_hp_gain":0,"max_hp_loss":0,"event_name":"Golden Shrine","floor":5,"gold_loss":0}],"is_beta":false,"boss_relics":[],"items_purged_floors":[0],"is_endless":false,"potions_floor_spawned":[1,4],"killed_by":"Lagavulin","ascension_level":20}}