{"host":"yajbwjoofeeg2olc","time":1608809351,"event":{"mods":["AchievementEnabler","Aspiration","Bard","BaseMod","Beaked The Cultist","Better Altar","Better Match","Better Note","Better Sensory Stone","Better Skull","Better Third Choice","BetterRewards","CCEM","Clockwork Mod","Colored Map","Conspire","GifTheSpireLib","Gremlin Mod","Halation","Hermit","Highlight Path","Hubris","Hunter ??","Jorbs\u0027s Wanderer Trilogy","Mad Scientist","Mimic Mod","Minty Spire (QoL Compilation)","Permanent Neow","Replay The Spire","Shade Mod","Shop Mod","Spicy Shops","StSLib","Stuff the Spire","The Administrix","The Alterego","The Animator","The Construct","The Cursed","The Death Knight","The Disciple","The Exalted","The Forsaken","The Mystic","The Necromancer","The Problem Sleuth","The Runesmith","The Spell Scribe","The Witch","TheHero"],"gold_per_floor":[131,131,131,141,168,197,197,225,225,240,33,46,93,93,93,93,93],"floor_reached":16,"playtime":1758,"items_purged":[],"score":120,"play_id":"5008deb1-55f7-478c-92cd-c650862eeddf","local_time":"20201224112911","is_ascension_mode":false,"campfire_choices":[{"data":"animator:DolaCouronne","floor":7,"key":"SMITH"},{"floor":15,"key":"REST"}],"circlet_count":0,"master_deck":["animator:Strike_NoGameNoLife","animator:Defend_NoGameNoLife","animator:Strike","animator:Strike","animator:Strike","animator:Defend","animator:Defend","animator:Defend","animator:DolaSchwi+1","animator:DolaCouronne+1","animator:SuzuneAmano","animator:Sebas","animator:ChlammyZell","animator:Jibril","animator:Layla","animator:Tatsumaki","animator:WinryRockbell","animator:Entoma","animator:FielNirvalen","animator:Witch"],"relics":["animator:LivingPicture","animator:TheMissingPiece","animator:PurgingStone","animator:AlchemistGlove","aspiration:EmptySkull","Dream Catcher","hubris:Towel"],"acts_visited":["Exordium"],"potions_floor_usage":[16,16],"damage_taken":[{"damage":1,"enemies":"conspire:RoseBush","floor":1,"turns":4},{"damage":0,"enemies":"Cultist","floor":4,"turns":3},{"damage":0,"enemies":"Small Slimes","floor":5,"turns":3},{"damage":3,"enemies":"Lagavulin","floor":6,"turns":7},{"damage":14,"enemies":"Gremlin Nob","floor":8,"turns":3},{"damage":5,"enemies":"Exordium Wildlife","floor":10,"turns":4},{"damage":5,"enemies":"conspire:2 RoseBushes","floor":12,"turns":3},{"damage":18,"enemies":"Lagavulin","floor":13,"turns":4},{"damage":42,"enemies":"Hexaghost","floor":16,"turns":7}],"seed_played":"-2152991259520297579","potions_obtained":[{"floor":1,"key":"SneckoOil"},{"floor":8,"key":"Adrenaline Potion"},{"floor":10,"key":"Dexterity Potion"},{"floor":13,"key":"Toxic Potion"}],"is_trial":false,"path_per_floor":["M","?","?","M","M","E","R","E","T","M","$","M","E","?","R","B"],"character_chosen":"THE_ANIMATOR","items_purchased":["animator:WinryRockbell"],"campfire_rested":1,"item_purchase_floors":[11],"current_hp_per_floor":[65,65,65,65,65,63,63,49,49,44,44,39,21,21,41,0,0],"gold":93,"neow_bonus":"UPGRADE_CARD","is_daily":false,"chose_seed":false,"campfire_upgraded":1,"win_rate":0.0,"timestamp":1608809351,"path_taken":["M","?","?","M","M","E","R","E","T","?","?","M","E","?","R","BOSS"],"items_purchased_type":["Card"],"build_version":"2020-12-22","purchased_purges":0,"victory":false,"max_hp_per_floor":[66,66,66,66,66,67,67,67,67,67,67,67,67,67,67,67,67],"card_choices":[{"not_picked":["animator:Assassin","animator:PandorasActor"],"picked":"animator:SuzuneAmano","floor":1},{"not_picked":["animator:Fredrika","animator:ChlammyZell"],"picked":"animator:Sebas","floor":4},{"not_picked":["animator:Scar","animator:SakuraMatou"],"picked":"animator:ChlammyZell","floor":5},{"not_picked":["animator:IzunaHatsuse","animator:DolaSchwi"],"picked":"animator:Jibril","floor":6},{"not_picked":["animator:Guy","animator:SayakaMiki"],"picked":"animator:Layla","floor":8},{"not_picked":["animator:MamiTomoe","animator:Assassin"],"picked":"animator:Tatsumaki","floor":10},{"not_picked":["animator:MaesHughes","animator:ElricAlphonse"],"picked":"animator:Entoma","floor":12},{"not_picked":["animator:DolaCouronne","animator:DolaSchwi"],"picked":"animator:FielNirvalen","floor":13},{"not_picked":["animator:Guy","animator:Assassin"],"picked":"animator:Witch","floor":15}],"player_experience":257456,"relics_obtained":[{"floor":6,"key":"animator:AlchemistGlove"},{"floor":8,"key":"aspiration:EmptySkull"},{"floor":13,"key":"Dream Catcher"}],"event_choices":[{"damage_healed":0,"gold_gain":0,"player_choice":"Disagree","damage_taken":0,"max_hp_gain":0,"max_hp_loss":0,"event_name":"conspire:LoneGhost","floor":2,"gold_loss":0},{"damage_healed":0,"gold_gain":0,"player_choice":"Bought 0 Potions","damage_taken":0,"max_hp_gain":0,"max_hp_loss":0,"event_name":"The Woman in Blue","floor":3,"gold_loss":0}],"is_beta":false,"boss_relics":[],"items_purged_floors":[],"is_endless":false,"potions_floor_spawned":[1,8,10,13],"killed_by":"Hexaghost","ascension_level":0}}