{"host":"o3b7ow6d1xe49css","time":1608769856,"event":{"mods":["Act Like it!","Aspiration","BaseMod","Bestiary","Better Altar","Better Match","Better Note","Better Sensory Stone","Better Skull","Better Third Choice","Colored Powertips","Conspire","Energized Spire","Force Act Four","GifTheSpireLib","Halation","Hermit","Hubris","Infinite Spire","Lobotomy","Minty Spire (QoL Compilation)","Quick Restart","Replay The Spire","Spicy Shops","Spikes Relics","StSLib","Stuff the Spire","The Blue Laboratory","Wandering Minibosses","vexMod"],"gold_per_floor":[115,131,147,164,239,239,264,297,297,324,324,353,386,13,13,110,110,124,138,138,138,149,149,179,179,179,208,208,239,267,99,99,202,202,220,220,234,134,151,182,182,216,243,273,97,122,122,156,156,257,257,257,119,160,261],"floor_reached":56,"playtime":1990,"items_purged":["Strike_G","Strike_G","infinitespire:Pacifist","Neutralize"],"score":2608,"play_id":"34c2e66b-2b96-4d9e-8d27-44afa78625ea","local_time":"20201223153056","daily_mods":["Heirloom","Flight","Elite Swarm"],"is_ascension_mode":true,"campfire_choices":[{"data":"Blade Dance","floor":6,"key":"SMITH"},{"data":"Adrenaline","floor":11,"key":"SMITH"},{"data":"Burst","floor":15,"key":"SMITH"},{"data":"Accuracy","floor":23,"key":"SMITH"},{"data":"Adrenaline","floor":25,"key":"SMITH"},{"data":"After Image","floor":28,"key":"SMITH"},{"data":"Infinite Blades","floor":32,"key":"SMITH"},{"data":"After Image","floor":41,"key":"SMITH"},{"data":"Wraith Form v2","floor":47,"key":"SMITH"},{"floor":49,"key":"RECALL"},{"data":"Master of Strategy","floor":52,"key":"SMITH"}],"circlet_count":0,"master_deck":["Survivor","UniverseFragment","Accuracy+1","Scorched","aspiration:Lunge","OldLady","Dash","OSAHOGD","Blade Dance+1","Glass Knife","Adrenaline+1","Malaise","Die Die Die","GreedKing","Storm of Steel","Prepared","conspire:DoublingDagger+1","Cloak And Dagger","Prepared","Adrenaline+1","infinitespire:Starlight+1","Bullet Time+1","Adrenaline+1","Infinite Blades+1","Wraith Form v2+1","Dash","Well Laid Plans","After Image","Eviscerate","After Image+1","Fluid Movement","hubris:SlightOfHand","Cloak And Dagger+1","Cloak And Dagger+1","Wraith Form v2+1","Master of Strategy+1","Dagger Spray","Hidden Blade","Adrenaline"],"relics":["Ring of the Snake","Ring of Chaos","Prayer Wheel","CogitoBucket","Nunchaku","Bottled Tornado","StuffTheSpire:CocoNut","ReplayFunnel","hubris:SlimyHat","StuffTheSpire:DarkSteelAnvil","conspire:TreasureMap","hubris:OldNail","hubris:TerracottaHorce","BehaviorAdjustment","ReplayTheSpireMod:ShopPack","Kunai","Ancient Tea Set","hubris:ToyBattleship","Gremlin Horn","ReplayTheSpireMod:CursedCoin","Pandora\u0027s Box","ResearcherNote","Bag of Preparation","Torii","BicycleWheel","Bronze Scales","aspiration:Lifesprig","Quantum Egg","StuffTheSpire:Mouthbags","vexMod:ImprovementManual","Ring of Chaos","CeramicFish"],"acts_visited":["Exordium","TheCity","TheBeyond","Exordium","TheEnding"],"potions_floor_usage":[7,13,13,22,24,27,30,35,39,39,40,55,55,55],"damage_taken":[{"damage":0,"enemies":"Jaw Worm","floor":1,"turns":5},{"damage":2,"enemies":"Cultist","floor":2,"turns":5},{"damage":0,"enemies":"Small Slimes","floor":3,"turns":3},{"damage":0,"enemies":"Looter","floor":4,"turns":1},{"damage":19,"enemies":"Lagavulin","floor":7,"turns":5},{"damage":4,"enemies":"3 Sentries","floor":8,"turns":3},{"damage":0,"enemies":"Gremlin Nob","floor":10,"turns":2},{"damage":0,"enemies":"3 Sentries","floor":12,"turns":2},{"damage":0,"enemies":"Lagavulin","floor":13,"turns":4},{"damage":4,"enemies":"Fading Forest","floor":16,"turns":11},{"damage":5,"enemies":"2 Thieves","floor":18,"turns":5},{"damage":0,"enemies":"Spheric Guardian","floor":19,"turns":1},{"damage":0,"enemies":"Snake Plant","floor":22,"turns":3},{"damage":14,"enemies":"Slavers","floor":24,"turns":3},{"damage":0,"enemies":"Gremlin Leader","floor":27,"turns":2},{"damage":10,"enemies":"Nightmare","floor":29,"turns":4},{"damage":0,"enemies":"Slavers","floor":30,"turns":1},{"damage":13,"enemies":"hubris:MusketHawk","floor":33,"turns":3},{"damage":2,"enemies":"Orb Walker","floor":35,"turns":3},{"damage":0,"enemies":"3 Shapes","floor":37,"turns":2},{"damage":22,"enemies":"Writhing Mass","floor":39,"turns":2},{"damage":0,"enemies":"Nightmare","floor":40,"turns":2},{"damage":0,"enemies":"Reptomancer","floor":42,"turns":1},{"damage":0,"enemies":"Nemesis","floor":44,"turns":3},{"damage":0,"enemies":"R_Hoarder","floor":46,"turns":3},{"damage":3,"enemies":"Reptomancer","floor":48,"turns":2},{"damage":0,"enemies":"Donu and Deca","floor":50,"turns":2},{"damage":0,"enemies":"Shield and Spear","floor":54,"turns":1},{"damage":9,"enemies":"The Heart","floor":55,"turns":3}],"seed_played":"-9019122933025526596","potions_obtained":[{"floor":3,"key":"Weak Potion"},{"floor":10,"key":"blueLaboratory:BottleOfVodka"},{"floor":12,"key":"SpeedPotion"},{"floor":13,"key":"Energy Potion"},{"floor":16,"key":"Energy Potion"},{"floor":18,"key":"Weak Potion"},{"floor":19,"key":"blueLaboratory:HorrorPotion"},{"floor":24,"key":"Explosive Potion"},{"floor":33,"key":"blueLaboratory:LouseDecoction"},{"floor":37,"key":"blueLaboratory:EmptyBottle"},{"floor":39,"key":"Flashbang"},{"floor":44,"key":"blueLaboratory:Moonshine"},{"floor":46,"key":"Cursed Concoction"},{"floor":48,"key":"Dexterity Potion"},{"floor":50,"key":"PowerPotion"}],"is_trial":true,"path_per_floor":["M","M","M","M","?","R","E","E","T","E","R","E","E","$","R","B",null,"M","M","AVR","?","M","R","E","R","T","E","R","NM","E","$","R","B",null,"M","AVR","M","NS","M","NM","R","E","T","E","$","E","R","E","R","B",null,"R","$","E","B",null],"character_chosen":"THE_SILENT","items_purchased":["conspire:TreasureMap","hubris:OldNail","ReplayTheSpireMod:CursedCoin","Infinite Blades","GamblersBrew","Master of Strategy","Hidden Blade"],"campfire_rested":0,"item_purchase_floors":[14,14,31,31,31,45,53],"current_hp_per_floor":[70,68,68,68,57,57,38,34,41,41,41,41,41,41,41,53,71,66,66,66,66,66,66,52,52,52,52,52,42,42,42,42,39,68,66,66,76,76,54,54,54,64,64,74,74,77,77,74,74,77,77,77,77,77,77],"gold":261,"neow_bonus":"","is_daily":false,"chose_seed":false,"campfire_upgraded":10,"win_rate":0.0,"timestamp":1608769856,"path_taken":["M","M","M","M","?","R","E","E","T","E","R","E","E","$","R","BOSS","M","M","AVR","?","M","R","E","R","T","E","R","NM","E","$","R","BOSS","M","AVR","M","NS","M","NM","R","E","T","E","?","E","R","E","R","BOSS","R","$","E","BOSS"],"items_purchased_type":["Relic","Relic","Relic","Card","Potion","Card","Card"],"build_version":"2020-12-22","purchased_purges":4,"victory":true,"max_hp_per_floor":[70,70,70,70,70,70,70,70,77,77,77,77,77,77,77,77,77,77,77,77,77,77,77,77,77,77,77,77,77,77,77,77,77,77,77,77,77,77,77,77,77,77,77,77,77,77,77,77,77,77,77,77,77,77,77],"card_choices":[{"not_picked":["VoidDream","NothingThere","MHz"],"picked":"Singing Bowl","floor":1},{"not_picked":["Variant","Scorched"],"picked":"UniverseFragment","floor":1},{"not_picked":["Sucker Punch","Fluid Movement"],"picked":"Accuracy","floor":1},{"not_picked":["StuffTheSpire:BumpUp","Leg Sweep","Outmaneuver"],"picked":"SKIP","floor":1},{"not_picked":["WallGazer","MHz","SpiderBud"],"picked":"Singing Bowl","floor":2},{"not_picked":["Wellcheers","WallGazer"],"picked":"Scorched","floor":2},{"not_picked":["Well Laid Plans","Dash"],"picked":"aspiration:Lunge","floor":2},{"not_picked":["PiercingWail","Bane","Poisoned Stab"],"picked":"SKIP","floor":2},{"not_picked":["Murderer","CherryBlossoms"],"picked":"OldLady","floor":3},{"not_picked":["Outmaneuver","Endless Agony"],"picked":"Dash","floor":3},{"not_picked":["Quick Slash","StuffTheSpire:ClusterCrunch","hubris:SlightOfHand"],"picked":"SKIP","floor":3},{"not_picked":["MeatLantern","LittlePrince","BeautyBeast"],"picked":"Singing Bowl","floor":4},{"not_picked":["Scarecrow","Wellcheers"],"picked":"OSAHOGD","floor":4},{"not_picked":["Acrobatics","StuffTheSpire:Repulse"],"picked":"Dagger Spray","floor":4},{"not_picked":["Quick Slash","Flying Knee"],"picked":"Blade Dance","floor":4},{"not_picked":["MHz","CrumblingArmor","NakedNest"],"picked":"Singing Bowl","floor":7},{"not_picked":["aspiration:Lunge","ReplayTheSpireMod:Necrosis"],"picked":"Glass Knife","floor":7},{"not_picked":["Bloodbath","GalaxyChild","CherryBlossoms"],"picked":"Singing Bowl","floor":8},{"not_picked":["Tools of the Trade","ReplayTheSpireMod:Necrosis"],"picked":"Adrenaline","floor":8},{"not_picked":["VoidDream","Variant","BeautyBeast"],"picked":"Singing Bowl","floor":10},{"not_picked":["Tools of the Trade","Burst"],"picked":"Malaise","floor":10},{"not_picked":["Wellcheers","FairyFestival","MHz"],"picked":"Singing Bowl","floor":12},{"not_picked":["aspiration:Lunge","Corpse Explosion"],"picked":"Die Die Die","floor":12},{"not_picked":["SnowQueen","SpiderBud"],"picked":"GreedKing","floor":13},{"not_picked":["Unload","Envenom"],"picked":"Burst","floor":13},{"not_picked":["BigBadWolf","BeautyBeast","BigBird"],"picked":"Singing Bowl","floor":16},{"not_picked":["Corpse Explosion","Die Die Die"],"picked":"Storm of Steel","floor":16},{"not_picked":["VoidDream","BlackSwan","Murderer"],"picked":"Singing Bowl","floor":18},{"not_picked":["StuffTheSpire:Fury+1","StuffTheSpire:Python"],"picked":"Prepared","floor":18},{"not_picked":["Sucker Punch","hubris:SlightOfHand"],"picked":"conspire:DoublingDagger+1","floor":18},{"not_picked":["Dodge and Roll","StuffTheSpire:ClusterCrunch+1"],"picked":"Cloak And Dagger","floor":19},{"not_picked":["WallGazer","LaLuna","MeatLantern"],"picked":"Singing Bowl","floor":19},{"not_picked":["Underhanded Strike+1","Poisoned Stab","StuffTheSpire:Python"],"picked":"SKIP","floor":19},{"not_picked":["SpiderBud","QueenOfHatred","LittlePrince"],"picked":"Singing Bowl","floor":22},{"not_picked":["ReplayTheSpireMod:Shiv Toss+1","Poisoned Stab"],"picked":"Prepared","floor":22},{"not_picked":["Sneak Up","Predator","Underhanded Strike+1"],"picked":"SKIP","floor":22},{"not_picked":["Wellcheers","BlueStar","Bloodbath"],"picked":"Singing Bowl","floor":24},{"not_picked":["ReplayTheSpireMod:Necrosis","A Thousand Cuts"],"picked":"Adrenaline","floor":24},{"not_picked":["SpiderBud","BodiesMountain","LittlePrince"],"picked":"Singing Bowl","floor":27},{"not_picked":["Glass Knife","Night Terror"],"picked":"After Image","floor":27},{"not_picked":["infinitespire:Punishment","hubris:InfiniteBlow+121"],"picked":"infinitespire:Starlight","floor":29},{"not_picked":["A Thousand Cuts","Grand Finale"],"picked":"Bullet Time","floor":29},{"not_picked":["HeroicMonk","Alriune","FairyFestival"],"picked":"Singing Bowl","floor":29},{"not_picked":["HappyTeddy","CherryBlossoms","ShyLook"],"picked":"Singing Bowl","floor":30},{"not_picked":["After Image","ReplayTheSpireMod:From All Sides"],"picked":"Adrenaline","floor":30},{"not_picked":["PunishingBird","SingingMachine","QueenOfHatred"],"picked":"Singing Bowl","floor":33},{"not_picked":["Doppelganger","Tools of the Trade"],"picked":"Wraith Form v2","floor":33},{"not_picked":["MeltingLove","LittlePrince","Variant"],"picked":"Singing Bowl","floor":35},{"not_picked":["Slice","Prepared+1"],"picked":"Cloak And Dagger","floor":35},{"not_picked":["Poisoned Stab","Blur+1","StuffTheSpire:BumpUp+1"],"picked":"SKIP","floor":35},{"not_picked":["FairyFestival","NakedNest","BlueStar"],"picked":"Singing Bowl","floor":37},{"not_picked":["Dagger Throw","Underhanded Strike","StuffTheSpire:Injection"],"picked":"SKIP","floor":37},{"not_picked":["StuffTheSpire:MirrorStance","hubris:SlightOfHand+1","Predator+1"],"picked":"SKIP","floor":37},{"not_picked":["FieryBird","CherryBlossoms","DreamingCurrent"],"picked":"Singing Bowl","floor":39},{"not_picked":["Dodge and Roll+1","Pace"],"picked":"Cloak And Dagger+1","floor":39},{"not_picked":["Well Laid Plans+1","Prepared","Venomology"],"picked":"SKIP","floor":39},{"not_picked":["MeltingLove","BeautyBeast","LittleHelper"],"picked":"Singing Bowl","floor":40},{"not_picked":["Malaise","ReplayTheSpireMod:Necrosis","Glass Knife"],"picked":"SKIP","floor":40},{"not_picked":["BigBadWolf","LittleHelper","HappyTeddy"],"picked":"Singing Bowl","floor":42},{"not_picked":["Atom Bomb","Envenom","Corpse Explosion"],"picked":"SKIP","floor":42},{"not_picked":["Porccubus","SnowQueen","MeltingLove"],"picked":"Singing Bowl","floor":44},{"not_picked":["Replay:Bag of Tricks","StuffTheSpire:FinalStruggle","Wraith Form v2"],"picked":"SKIP","floor":44},{"not_picked":["Replay:Bag of Tricks","StuffTheSpire:FinalStruggle"],"picked":"Wraith Form v2","floor":44},{"not_picked":["Woodsman","BodiesMountain","SingingMachine"],"picked":"Singing Bowl","floor":46},{"not_picked":["Atom Bomb","Die Die Die","A Thousand Cuts"],"picked":"SKIP","floor":46},{"not_picked":["HeroicMonk","BigBadWolf","SnowQueen"],"picked":"Singing Bowl","floor":48},{"not_picked":["Poison Darts","Burst","Atom Bomb"],"picked":"SKIP","floor":48},{"not_picked":["Rudolta","NakedNest","NothingThere"],"picked":"Singing Bowl","floor":50},{"not_picked":["MeltingLove","CENSORED","LongBird"],"picked":"Singing Bowl","floor":54},{"not_picked":["Die Die Die","Poison Darts"],"picked":"Adrenaline","floor":54},{"not_picked":["HeroicMonk","GalaxyChild","Mercenary"],"picked":"Singing Bowl","floor":55}],"player_experience":1844557,"relics_obtained":[{"floor":7,"key":"Nunchaku"},{"floor":8,"key":"Bottled Tornado"},{"floor":9,"key":"StuffTheSpire:CocoNut"},{"floor":10,"key":"ReplayFunnel"},{"floor":12,"key":"hubris:SlimyHat"},{"floor":13,"key":"StuffTheSpire:DarkSteelAnvil"},{"floor":24,"key":"Kunai"},{"floor":27,"key":"Ancient Tea Set"},{"floor":29,"key":"hubris:ToyBattleship"},{"floor":30,"key":"Gremlin Horn"},{"floor":40,"key":"Torii"},{"floor":42,"key":"BicycleWheel"},{"floor":43,"key":"Bronze Scales"},{"floor":44,"key":"aspiration:Lifesprig"},{"floor":46,"key":"Quantum Egg"},{"floor":48,"key":"StuffTheSpire:Mouthbags"},{"floor":54,"key":"CeramicFish"}],"event_choices":[{"damage_healed":0,"gold_gain":75,"player_choice":"Gold","damage_taken":11,"max_hp_gain":0,"max_hp_loss":0,"event_name":"betterThird:BetterGoop","floor":5,"gold_loss":0},{"cards_removed":["Strike_G"],"damage_healed":0,"gold_gain":0,"player_choice":"Give","damage_taken":0,"max_hp_gain":0,"max_hp_loss":0,"event_name":"betterNote:BetterNote","floor":21,"gold_loss":0,"cards_obtained":["Strike_P"]}],"is_beta":false,"boss_relics":[{"not_picked":["Sandwich","halation:SmartPhone"],"picked":"hubris:TerracottaHorce"},{"not_picked":["ChewingGum","Philosopher\u0027s Stone"],"picked":"Pandora\u0027s Box"},{"not_picked":["hubris:ScarierMask","vexMod:MysteryBossChallenge"],"picked":"vexMod:ImprovementManual"}],"items_purged_floors":[14,20,31,36],"is_endless":true,"potions_floor_spawned":[3,10,12,13,16,18,19,24,33,37,39,44,46,48,50],"ascension_level":10}}