{"host":"xgnmnr8f8w1a0eo3","time":1608793156,"event":{"mods":["BaseMod","Downfall","Highlight Path","Minty Spire (QoL Compilation)","Permanent Neow","Relic Stats","StSLib","everything is the same but u backflip on backflip"],"gold_per_floor":[0,10,10,27,39,39,39,39,73,86,106,66,66,76,88,185,185,185,203,222,222,322,349,372,372,372,148,175,175,191,201,214,313,313,313,328,339,6,25,43,43,343,343,358,387,487,262,278,294,294,294,326,74,74,74],"floor_reached":56,"playtime":5372,"items_purged":["Shame","Pain"],"score":1453,"play_id":"18f88aee-81f9-406b-bc42-d36579243b91","local_time":"20201224015916","is_ascension_mode":true,"campfire_choices":[{"data":"champ:Taunt","floor":1.0,"key":"SMITH"},{"floor":13.0,"key":"REST"},{"data":"champ:FocusedGladiator","floor":18.0,"key":"SMITH"},{"data":"champ:PerfectedStrike","floor":26.0,"key":"SMITH"},{"data":"champ:PerfectedStrike","floor":29.0,"key":"SMITH"},{"data":"champ:RapidStrikes","floor":35.0,"key":"SMITH"},{"floor":43,"key":"RECALL"},{"data":"champ:SwordSigil","floor":47,"key":"SMITH"},{"data":"champ:Aggression","floor":54,"key":"SMITH"}],"circlet_count":0,"master_deck":["champ:Strike","champ:Strike","champ:Defend","champ:Defend","champ:Defend","champ:Execute","champ:Taunt+1","champ:Aggression+1","champ:PerfectedStrike+1","champ:GladiatorsShout","champ:BladeFlurry","champ:SwordSigil+1","champ:PerfectedStrike+1","champ:FlashCut","champ:BladeFlurry","champ:FocusedGladiator+1","champ:HoldFirm","champ:RapidStrikes+1","champ:ShieldSlam","J.A.X.","champ:RageSigil","champ:RecklessLeap","champ:Shatter+1","champ:GladiatorsShout+1","champ:PreciseThrust","champ:FanOfKnives","champ:GladiatorStyle+1","champ:BerserkerStyle+1","champ:CalledShot+1","champ:Improvising+1","champ:ArenaPreparation","champ:PerfectedStrike"],"relics":["champ:ChampionCrown","WarpedTongs","Bottled Lightning","TungstenRod","Velvet Choker","Question Card","MutagenicStrength","Matryoshka","Akabeko","champ:DefensiveTrainingManual","Omamori","InkBottle","Frozen Egg 2","Calling Bell","Strawberry","Mummified Hand","StoneCalendar","Pantograph","Old Coin","Guardian:PocketSentry","downfall:HeartBlessingRed","downfall:HeartBlessingGreen","downfall:HeartBlessingBlue","champ:GladiatorsBookOfMartialProwess","Frozen Eye"],"acts_visited":["Exordium","TheCity","TheBeyond","TheEnding"],"potions_floor_usage":[50,52,55],"damage_taken":[{"damage":5.0,"enemies":"2 Louse","floor":2.0,"turns":2.0},{"damage":14.0,"enemies":"Cultist","floor":4.0,"turns":5.0},{"damage":8.0,"enemies":"Jaw Worm","floor":5.0,"turns":3.0},{"damage":31.0,"enemies":"3 Sentries","floor":9.0,"turns":8.0},{"damage":11.0,"enemies":"Blue Slaver","floor":10.0,"turns":2.0},{"damage":10.0,"enemies":"Large Slime","floor":11.0,"turns":5.0},{"damage":4.0,"enemies":"downfall:FleeingMerchant","floor":12.0,"turns":4.0},{"damage":1.0,"enemies":"2 Fungi Beasts","floor":14.0,"turns":4.0},{"damage":8.0,"enemies":"3 Louse","floor":15.0,"turns":2.0},{"damage":51.0,"enemies":"downfall:Ironclad","floor":16.0,"turns":7.0},{"damage":3.0,"enemies":"Chosen","floor":19.0,"turns":3.0},{"damage":17.0,"enemies":"Shell Parasite","floor":20.0,"turns":3.0},{"damage":29.0,"enemies":"downfall:Augmenter","floor":22.0,"turns":5.0},{"damage":24.0,"enemies":"Gremlin Leader","floor":23.0,"turns":5.0},{"damage":27.0,"enemies":"downfall:FleeingMerchant","floor":27.0,"turns":4.0},{"damage":30.0,"enemies":"Slavers","floor":28.0,"turns":4.0},{"damage":8.0,"enemies":"Snake Plant","floor":30.0,"turns":2.0},{"damage":25.0,"enemies":"Shelled Parasite and Fungi","floor":31.0,"turns":3.0},{"damage":3.0,"enemies":"3 Cultists","floor":32.0,"turns":4.0},{"damage":46.0,"enemies":"downfall:Silent","floor":33.0,"turns":7.0},{"damage":8.0,"enemies":"Orb Walker","floor":36.0,"turns":3.0},{"damage":47.0,"enemies":"3 Darklings","floor":37.0,"turns":3.0},{"damage":13.0,"enemies":"Spire Growth","floor":39.0,"turns":3.0},{"damage":30.0,"enemies":"Transient","floor":40.0,"turns":5.0},{"damage":26,"enemies":"3 Darklings","floor":44,"turns":3},{"damage":33,"enemies":"Giant Head","floor":45,"turns":6},{"damage":59,"enemies":"Maw","floor":48,"turns":3},{"damage":50,"enemies":"Jaw Worm Horde","floor":49,"turns":4},{"damage":61,"enemies":"downfall:Defect","floor":50,"turns":5},{"damage":53,"enemies":"downfall:CharBossMerchant","floor":52,"turns":4},{"damage":87,"enemies":"downfall:NeowBoss","floor":55,"turns":17}],"seed_played":"150408817245608871","potions_obtained":[{"floor":2.0,"key":"SpeedPotion"},{"floor":11.0,"key":"AttackPotion"},{"floor":14.0,"key":"GamblersBrew"},{"floor":15.0,"key":"DuplicationPotion"},{"floor":25.0,"key":"CultistPotion"},{"floor":28.0,"key":"Energy Potion"},{"floor":33.0,"key":"LiquidMemories"}],"is_trial":false,"path_per_floor":["R","M","?","M","M","?","T","?","E","M","M","$","R","M","M","B",null,"R","M","M","?","?","E","T","?","R","$","E","R","M","M","M","B",null,"R","M","M","?","M","M","T","?","R","M","E","?","R","M","M","B",null,"E","$","R","B",null],"character_chosen":"THE_CHAMP","items_purchased":["champ:FlashCut","Omamori","champ:PreciseThrust","InkBottle","Frozen Eye"],"campfire_rested":1,"item_purchase_floors":[12,27,27,27,53],"current_hp_per_floor":[108,108,108,99,94,94,94,104,73,67,57,58,93,92,84,38,118,118,115,98,98,73,69,69,69,69,74,56,56,60,50,49,23,125,125,117,90,141,128,134,134,134,134,108,95,95,105,99,69,46,151,118,118,118,116],"gold":74,"neow_bonus":"TWENTY_PERCENT_HP_BONUS","is_daily":false,"chose_seed":false,"campfire_upgraded":7,"win_rate":0.0,"timestamp":1608793156,"path_taken":["R","M","?","M","?","?","T","?","E","M","M","?","R","M","M","BOSS","BOSS","R","M","M","?","?","E","T","?","R","?","E","R","M","M","M","BOSS","R","M","M","?","M","M","T","?","R","M","E","?","R","M","M","BOSS","E","$","R","BOSS"],"items_purchased_type":["Card","Relic","Card","Relic","Relic"],"build_version":"2020-12-22","purchased_purges":2,"victory":true,"max_hp_per_floor":[108,108,108,108,108,108,108,118,118,118,118,118,118,118,118,118,118,118,118,118,118,118,118,118,118,118,118,118,118,118,118,118,118,125,125,125,125,141,141,141,141,141,141,141,141,141,151,151,151,151,151,151,151,151,151],"relic_stats":{"counters":[31,138],"Mummified Hand":[44],"Pantograph":50,"StoneCalendar":[52],"Question Card":23,"obtain_stats":[{"champ:ChampionCrown":0,"StoneCalendar":34,"downfall:HeartBlessingGreen":47,"Old Coin":42,"Frozen Eye":53,"Matryoshka":23,"champ:DefensiveTrainingManual":24,"Mummified Hand":34,"downfall:HeartBlessingBlue":47,"Strawberry":34,"Pantograph":41,"InkBottle":27,"downfall:HeartBlessingRed":47,"Velvet Choker":17,"Omamori":27,"Guardian:PocketSentry":45,"Frozen Egg 2":28,"Question Card":21,"Akabeko":24,"WarpedTongs":3,"champ:GladiatorsBookOfMartialProwess":52,"Calling Bell":34,"MutagenicStrength":22,"Bottled Lightning":7,"TungstenRod":9},{"champ:ChampionCrown":0,"StoneCalendar":20,"downfall:HeartBlessingGreen":26,"Old Coin":24,"Frozen Eye":30,"Matryoshka":14,"champ:DefensiveTrainingManual":14,"Mummified Hand":20,"downfall:HeartBlessingBlue":26,"Strawberry":20,"Pantograph":24,"InkBottle":15,"downfall:HeartBlessingRed":26,"Velvet Choker":10,"Omamori":15,"Guardian:PocketSentry":26,"Frozen Egg 2":16,"Question Card":12,"Akabeko":14,"WarpedTongs":1,"champ:GladiatorsBookOfMartialProwess":30,"Calling Bell":20,"MutagenicStrength":13,"Bottled Lightning":3,"TungstenRod":4},{"champ:ChampionCrown":0,"StoneCalendar":82,"downfall:HeartBlessingGreen":105,"Old Coin":96,"Frozen Eye":121,"Matryoshka":58,"champ:DefensiveTrainingManual":58,"Mummified Hand":82,"downfall:HeartBlessingBlue":105,"Strawberry":82,"Pantograph":96,"InkBottle":62,"downfall:HeartBlessingRed":105,"Velvet Choker":42,"Omamori":62,"Guardian:PocketSentry":105,"Frozen Egg 2":66,"Question Card":48,"Akabeko":58,"WarpedTongs":2,"champ:GladiatorsBookOfMartialProwess":121,"Calling Bell":82,"MutagenicStrength":53,"Bottled Lightning":10,"TungstenRod":18}],"TungstenRod":250,"InkBottle":[35],"WarpedTongs":[134]},"card_choices":[{"not_picked":["champ:Circumvent","champ:DefensiveStyle","champ:GladiatorsShout"],"picked":"SKIP","floor":2.0},{"not_picked":["champ:FalseCounter","champ:FaceSlap"],"picked":"champ:Aggression","floor":4.0},{"not_picked":["champ:RapidStrikes","champ:GutPunch"],"picked":"champ:PerfectedStrike","floor":5.0},{"not_picked":["champ:EnragedBash","champ:GutPunch"],"picked":"champ:GladiatorsShout","floor":9.0},{"not_picked":["champ:GladiatorsShout","champ:FaceSlap"],"picked":"champ:BladeFlurry","floor":10.0},{"not_picked":["champ:GladiatorsShout","champ:RageSigil"],"picked":"champ:SwordSigil","floor":11.0},{"not_picked":["champ:ShieldThrow","champ:BringItOn"],"picked":"champ:PerfectedStrike","floor":12.0},{"not_picked":["champ:FaceSlap","champ:Devastate"],"picked":"champ:BladeFlurry","floor":14.0},{"not_picked":["champ:Duel","champ:Haymaker"],"picked":"champ:FocusedGladiator","floor":15.0},{"not_picked":["champ:SwordThrow","champ:IgnorePain"],"picked":"champ:HoldFirm","floor":16.0},{"not_picked":["champ:GladiatorsShout","champ:TornadoPunch"],"picked":"champ:RapidStrikes","floor":19.0},{"not_picked":["champ:EndlessRage+1","champ:BladeFlurry","champ:BringItOn"],"picked":"SKIP","floor":20.0},{"not_picked":[],"picked":"J.A.X.","floor":22.0},{"not_picked":["champ:EndlessRage+1","champ:TornadoPunch","champ:ShieldThrow"],"picked":"champ:RageSigil","floor":22.0},{"not_picked":["champ:GutPunch+1","champ:Circumvent","champ:Devastate"],"picked":"champ:Shatter+1","floor":23.0},{"not_picked":["champ:FightOn","champ:HeartStrike+1","champ:DefensiveShout+1"],"picked":"champ:GladiatorsShout+1","floor":27.0},{"not_picked":["champ:DefensiveShout","champ:BerserkersShout+1","champ:CrookedStrike"],"picked":"champ:FanOfKnives","floor":28.0},{"not_picked":["champ:Duel","champ:DefensiveShout","champ:EndlessRage+1"],"picked":"champ:GladiatorStyle+1","floor":30.0},{"not_picked":["champ:EnGarde","champ:Balance","champ:BerserkersShout"],"picked":"champ:BerserkerStyle+1","floor":31.0},{"not_picked":["champ:FanOfKnives","champ:ArenaPreparation","champ:CrookedStrike+1"],"picked":"champ:CalledShot+1","floor":32.0},{"not_picked":["champ:HeavySlash","champ:CheapShot","champ:MurderStrike"],"picked":"champ:Improvising+1","floor":33.0},{"not_picked":["champ:AdrenalArmor+1","champ:FocusedGladiator","champ:GladiatorStyle+1"],"picked":"champ:ArenaPreparation","floor":36.0},{"not_picked":["champ:EnragedBash","champ:FalseCounter","champ:AdrenalArmor","champ:BerserkersShout+1"],"picked":"SKIP","floor":37.0},{"not_picked":["champ:SkillfulDodge","champ:Backstep+1","champ:GutPunch+1","champ:ShieldSigil+1"],"picked":"SKIP","floor":39.0},{"not_picked":["champ:TornadoPunch","champ:EnragedBash+1","champ:RageSigil","champ:BerserkersShout"],"picked":"SKIP","floor":40.0},{"not_picked":["champ:PreciseThrust+1","champ:StanceDance","champ:BringItOn+1"],"picked":"champ:PerfectedStrike","floor":44},{"not_picked":["champ:TornadoPunch+1","champ:VampiricStrike","champ:ShieldWall+1","champ:ArenaPreparation+1"],"picked":"SKIP","floor":45},{"not_picked":["champ:CrookedStrike+1","champ:GladiatorsShout+1","champ:FocusedBerserking","champ:GutPunch+1"],"picked":"SKIP","floor":48},{"not_picked":["champ:StanceDance+1","champ:ShieldWall+1","champ:PreciseThrust+1","champ:HeartStrike+1"],"picked":"SKIP","floor":49},{"not_picked":["champ:FlashCut","champ:ShieldSigil","champ:StanceDance","champ:Balance+1"],"picked":"SKIP","floor":52}],"player_experience":1152162,"relics_obtained":[{"floor":7.0,"key":"Bottled Lightning"},{"floor":9.0,"key":"TungstenRod"},{"floor":22.0,"key":"MutagenicStrength"},{"floor":23.0,"key":"Matryoshka"},{"floor":24.0,"key":"Akabeko"},{"floor":24.0,"key":"champ:DefensiveTrainingManual"},{"floor":28.0,"key":"Frozen Egg 2"},{"floor":34.0,"key":"Strawberry"},{"floor":34.0,"key":"Mummified Hand"},{"floor":34.0,"key":"StoneCalendar"},{"floor":41,"key":"Pantograph"},{"floor":42,"key":"Old Coin"},{"floor":45,"key":"Guardian:PocketSentry"},{"floor":52,"key":"champ:GladiatorsBookOfMartialProwess"}],"event_choices":[{"damage_healed":0.0,"max_hp_gain":0.0,"max_hp_loss":0.0,"gold_gain":0.0,"event_name":"Accursed Blacksmith","player_choice":"Rummage","floor":3.0,"gold_loss":0.0,"damage_taken":0.0,"relics_obtained":["WarpedTongs"],"cards_obtained":["Pain"]},{"damage_healed":0.0,"max_hp_gain":0.0,"max_hp_loss":0.0,"gold_gain":0.0,"event_name":"Addict","player_choice":"Stole Relic","floor":21.0,"gold_loss":0.0,"damage_taken":0.0,"relics_obtained":["Question Card"],"cards_obtained":["Shame"]}],"is_beta":false,"boss_relics":[{"not_picked":["Pandora\u0027s Box","Coffee Dripper"],"picked":"Velvet Choker"},{"not_picked":["champ:ChampionCrownUpgraded","champ:PowerArmor"],"picked":"Calling Bell"}],"items_purged_floors":[27,53],"is_endless":false,"potions_floor_spawned":[2,11,14,15,19,28,30,31,32,33,36,39,48],"ascension_level":4}}