{"host":"v1m5rkjj38qutr02","time":1608803720,"event":{"mods":["Act Like it!","BaseMod","Conspire","Gensokyo","GungeonMod","Hallownest","Minty Spire (QoL Compilation)","Replay The Spire","StSLib","The Bug Knight","Youmu£®ªÍ∆«—˝√Œ£©"],"gold_per_floor":[112,43,54,54,229,229,268,53,53,93,93,116,68,68,68,70,70],"floor_reached":16,"playtime":274,"items_purged":["Doubt"],"score":164,"play_id":"31bc9245-d0df-4ad5-9c1a-a72f25c242be","local_time":"20201224175520","is_ascension_mode":true,"campfire_choices":[{"data":"Storm","floor":6,"key":"SMITH"},{"floor":15,"key":"REST"}],"circlet_count":0,"master_deck":["Strike_B","Strike_B","Strike_B","Strike_B","Defend_B","Defend_B","Defend_B","Defend_B","Zap","Dualcast","Cold Snap","Storm+1","Ball Lightning","Injury","Creative AI","Aggregate","Loop","Redo"],"relics":["Cracked Core","NeowsBlessing","Golden Idol","DemoMod:PoisonVial","InkBottle","Replay:Bandana","Golden Egg"],"acts_visited":["Exordium"],"potions_floor_usage":[],"damage_taken":[{"damage":0,"enemies":"Small Slimes","floor":1,"turns":1},{"damage":0,"enemies":"2 Louse","floor":3,"turns":1},{"damage":0,"enemies":"Gremlin Nob","floor":7,"turns":1},{"damage":30,"enemies":"Lagavulin","floor":10,"turns":7},{"damage":6,"enemies":"Cultist","floor":12,"turns":5},{"damage":38,"enemies":"Slime Boss","floor":16,"turns":7}],"seed_played":"-853159938109363448","potions_obtained":[{"floor":3,"key":"SpeedPotion"},{"floor":12,"key":"BlessingOfTheForge"}],"is_trial":false,"path_per_floor":["M","$","M","?","?","R","E","$","T","E","?","M","$","?","R","B"],"character_chosen":"DEFECT","items_purchased":["Storm","Creative AI","Redo"],"campfire_rested":1,"item_purchase_floors":[2,8,13],"current_hp_per_floor":[75,75,75,75,75,75,75,75,75,45,45,39,39,39,61,23,23],"gold":70,"neow_bonus":"THREE_ENEMY_KILL","is_daily":false,"chose_seed":false,"campfire_upgraded":1,"win_rate":0.0,"timestamp":1608803720,"path_taken":["M","$","M","?","?","R","E","$","T","E","?","?","?","?","R","BOSS"],"items_purchased_type":["Card","Card","Card"],"build_version":"2020-12-22","purchased_purges":1,"victory":false,"max_hp_per_floor":[75,75,75,75,75,75,75,75,75,75,75,75,75,75,75,75,75],"card_choices":[{"not_picked":["Self Repair","Force Field"],"picked":"Cold Snap","floor":1},{"not_picked":["Compile Driver","Genetic Algorithm"],"picked":"Ball Lightning","floor":3},{"not_picked":["Stack","FTL","Ball Lightning"],"picked":"SKIP","floor":7},{"not_picked":["Storm","Steam"],"picked":"Aggregate","floor":10},{"not_picked":["Sweeping Beam","Leap"],"picked":"Loop","floor":12}],"player_experience":369621,"relics_obtained":[{"floor":7,"key":"DemoMod:PoisonVial"},{"floor":9,"key":"InkBottle"},{"floor":10,"key":"Replay:Bandana"}],"event_choices":[{"damage_healed":0,"gold_gain":0,"player_choice":"Take Wound","damage_taken":0,"relics_obtained":["Golden Idol"],"max_hp_gain":0,"max_hp_loss":0,"event_name":"Golden Idol","floor":4,"gold_loss":0,"cards_obtained":["Injury"]},{"damage_healed":0,"gold_gain":175,"player_choice":"AGREE","damage_taken":0,"max_hp_gain":0,"max_hp_loss":0,"event_name":"Liars Game","floor":5,"gold_loss":0,"cards_obtained":["Doubt"]},{"damage_healed":0,"gold_gain":0,"player_choice":"Bought 0 Potions","damage_taken":0,"max_hp_gain":0,"max_hp_loss":0,"event_name":"The Woman in Blue","floor":11,"gold_loss":0},{"damage_healed":0,"gold_gain":0,"player_choice":"Searched \u00271\u0027 times","damage_taken":0,"relics_obtained":["Golden Egg"],"max_hp_gain":0,"max_hp_loss":0,"event_name":"Dead Adventurer","floor":14,"gold_loss":0}],"is_beta":false,"boss_relics":[],"items_purged_floors":[8],"is_endless":false,"potions_floor_spawned":[3,12],"killed_by":"Slime Boss","ascension_level":5}}