{"host":"6ld56ls1xbe0aj21","time":1608783912,"event":{"mods":["AchievementEnabler","BaseMod","Colored Powertips","Minty Spire (QoL Compilation)","Quick Restart","Rare Cards Sparkle","StSLib","SuperFastMode","everything is the same but u backflip on backflip","slay the spire mod where everything is the same but ironclad has a cowboy hat"],"gold_per_floor":[112,37,37,49,49,49,84,84,133,144,219,235,268,48,48,149,149,163,163,8,18,53,78,78,78,78],"floor_reached":25,"playtime":1095,"items_purged":["Strike_B"],"score":311,"play_id":"f14461ef-4d11-4c4d-8c73-dffd92e223ef","local_time":"20201224152512","is_ascension_mode":true,"campfire_choices":[{"data":"Transmutation","floor":6.0,"key":"SMITH"},{"data":"White Noise","floor":8.0,"key":"SMITH"},{"data":"Loop","floor":15.0,"key":"SMITH"}],"circlet_count":0,"master_deck":["Strike_B+1","Strike_B+1","Defend_B+1","Defend_B+1","Defend_B+1","Zap","Dualcast","Transmutation+1","Undo","White Noise+1","Hologram","Cold Snap","Reboot","Loop+1","Chill","Genetic Algorithm","Fission","Streamline","Static Discharge","Hologram","Storm+1","Chill"],"relics":["Cracked Core","Toy Ornithopter","Art of War","Omamori","Vajra","Whetstone","Runic Capacitor","Runic Pyramid","PreservedInsect","Kunai"],"acts_visited":["TheCity"],"potions_floor_usage":[25,25],"damage_taken":[{"damage":0.0,"enemies":"Small Slimes","floor":1.0,"turns":2.0},{"damage":4.0,"enemies":"Cultist","floor":4.0,"turns":3.0},{"damage":5.0,"enemies":"Gremlin Nob","floor":7.0,"turns":3.0},{"damage":0.0,"enemies":"2 Louse","floor":10.0,"turns":1.0},{"damage":5.0,"enemies":"3 Sentries","floor":11.0,"turns":6.0},{"damage":0.0,"enemies":"2 Fungi Beasts","floor":12.0,"turns":2.0},{"damage":12.0,"enemies":"Gremlin Nob","floor":13.0,"turns":3.0},{"damage":12.0,"enemies":"Slime Boss","floor":16.0,"turns":12.0},{"damage":8.0,"enemies":"Chosen","floor":18.0,"turns":6.0},{"damage":25.0,"enemies":"2 Thieves","floor":21.0,"turns":3.0},{"damage":13.0,"enemies":"Shelled Parasite and Fungi","floor":22.0,"turns":5.0},{"damage":10.0,"enemies":"Book of Stabbing","floor":23.0,"turns":3.0},{"damage":24,"enemies":"Slavers","floor":25,"turns":2}],"seed_played":"-2501639817988608286","potions_obtained":[{"floor":1.0,"key":"Dexterity Potion"},{"floor":10.0,"key":"Energy Potion"},{"floor":12.0,"key":"Dexterity Potion"},{"floor":21.0,"key":"ColorlessPotion"},{"floor":23.0,"key":"FocusPotion"}],"is_trial":false,"path_per_floor":["M","$","?","M","?","R","E","R","T","M","E","M","E","$","R","B",null,"M","?","$","M","M","E","?","E"],"character_chosen":"DEFECT","items_purchased":["Runic Capacitor","Genetic Algorithm","PreservedInsect"],"campfire_rested":0,"item_purchase_floors":[14,14,20],"current_hp_per_floor":[50,50,50,46,46,46,41,41,41,41,36,36,29,29,29,17,61,53,53,53,28,20,10,10,0,0],"gold":78,"neow_bonus":"RANDOM_COLORLESS_2","is_daily":false,"chose_seed":false,"campfire_upgraded":3,"win_rate":0.0,"timestamp":1608783912,"path_taken":["M","$","?","?","?","R","E","R","T","M","E","M","E","$","R","BOSS","M","?","$","M","M","E","?","E"],"items_purchased_type":["Relic","Card","Relic"],"build_version":"2020-12-22","purchased_purges":1,"victory":false,"max_hp_per_floor":[75,75,75,75,75,75,75,75,75,75,75,75,75,75,75,75,75,75,75,75,75,75,75,75,75,75],"card_choices":[{"not_picked":["Metamorphosis","Violence"],"picked":"Transmutation","floor":0.0},{"not_picked":["Beam Cell","Rebound"],"picked":"Undo","floor":1.0},{"not_picked":["Recycle","Redo"],"picked":"White Noise","floor":4.0},{"not_picked":["Tempest","Steam Power"],"picked":"Hologram","floor":7.0},{"not_picked":["Steam","Conserve Battery"],"picked":"Cold Snap","floor":10.0},{"not_picked":["Conserve Battery","Storm"],"picked":"Reboot","floor":11.0},{"not_picked":["Force Field","Hologram"],"picked":"Loop","floor":12.0},{"not_picked":["Undo","Go for the Eyes"],"picked":"Chill","floor":13.0},{"not_picked":["Thunder Strike","Rainbow"],"picked":"Fission","floor":16.0},{"not_picked":["Rebound","Redo"],"picked":"Streamline","floor":18.0},{"not_picked":["Sweeping Beam","BootSequence"],"picked":"Storm+1","floor":21.0},{"not_picked":["Beam Cell","Steam","Go for the Eyes"],"picked":"SKIP","floor":22.0},{"not_picked":["Gash+1","Steam Power+1"],"picked":"Chill","floor":23.0}],"player_experience":239287,"relics_obtained":[{"floor":7.0,"key":"Art of War"},{"floor":9.0,"key":"Omamori"},{"floor":11.0,"key":"Vajra"},{"floor":13.0,"key":"Whetstone"},{"floor":23.0,"key":"Kunai"}],"event_choices":[{"damage_healed":0.0,"max_hp_gain":0.0,"max_hp_loss":0.0,"gold_gain":0.0,"event_name":"WeMeetAgain","player_choice":"Gave Potion","floor":3.0,"gold_loss":0.0,"damage_taken":0.0,"relics_obtained":["Toy Ornithopter"]},{"damage_healed":0.0,"max_hp_gain":0.0,"max_hp_loss":0.0,"gold_gain":0.0,"event_name":"Liars Game","player_choice":"Ignored","floor":5.0,"gold_loss":0.0,"damage_taken":0.0},{"damage_healed":0.0,"max_hp_gain":0.0,"max_hp_loss":0.0,"gold_gain":0.0,"cards_transformed":["Strike_B","Defend_B"],"event_name":"Drug Dealer","player_choice":"Became Test Subject","floor":19.0,"gold_loss":0.0,"damage_taken":0.0,"cards_obtained":["Static Discharge","Hologram"]},{"damage_healed":0.0,"max_hp_gain":0.0,"max_hp_loss":0.0,"gold_gain":0.0,"event_name":"Back to Basics","player_choice":"Simplicity","floor":24.0,"gold_loss":0.0,"damage_taken":0.0,"cards_upgraded":["Defend_B","Defend_B","Defend_B"]}],"is_beta":false,"boss_relics":[{"not_picked":["SacredBark","Ectoplasm"],"picked":"Runic Pyramid"}],"items_purged_floors":[2],"is_endless":false,"potions_floor_spawned":[1,10,12,21,23],"killed_by":"Slavers","ascension_level":6}}