{"host":"qfskrnw3pl1q86j0","time":1608848076,"event":{"mods":["BaseMod","Block Reminder","Hermit","Marisa????????","Minty Spire (QoL Compilation)","Quick Restart","Random Character Button","StSLib","The Poker Player","slay the spire mod where everything is the same but ironclad has a cowboy hat"],"gold_per_floor":[119,136,61,61,72,107,107,122,202,202,246,260,289,330,330,442,442,464,490,223,232,258,258,258,258,332,358,381,381,390,418,418,526,526,542,125,145,69,79,79,108,108,108,108,142,142,142,142],"floor_reached":49,"playtime":2133,"items_purged":["Strike_G","Strike_G","Well Laid Plans"],"score":762,"play_id":"da4d44fb-fb9a-4c44-805c-2a68d192c972","local_time":"20201224231436","is_ascension_mode":false,"campfire_choices":[{"data":"Dagger Spray","floor":7.0,"key":"SMITH"},{"data":"Dash","floor":10.0,"key":"SMITH"},{"data":"Malaise","floor":15,"key":"SMITH"},{"data":"Tools of the Trade","floor":23,"key":"SMITH"},{"data":"Poisoned Stab","floor":25,"key":"SMITH"},{"data":"Reflex","floor":29,"key":"SMITH"},{"data":"Dodge and Roll","floor":32,"key":"SMITH"},{"data":"Dagger Spray","floor":40,"key":"SMITH"},{"data":"Sucker Punch","floor":42,"key":"SMITH"},{"data":"Underhanded Strike","floor":44,"key":"SMITH"},{"data":"Backstab","floor":46,"key":"SMITH"}],"circlet_count":0,"master_deck":["Strike_G","Strike_G","Strike_G","Defend_G","Defend_G","Defend_G","Defend_G","Defend_G","Survivor","Neutralize+1","Dash+1","Footwork+1","Poisoned Stab+1","Dagger Spray+1","Backstab+1","Sucker Punch+1","Malaise+1","Tools of the Trade+1","Dagger Spray+1","Dodge and Roll+1","Blade Dance","Reflex+1","Underhanded Strike+1","Blade Dance+1","Underhanded Strike+1","Footwork+1","Dodge and Roll+1","Adrenaline","Deadly Poison+1"],"relics":["Ring of the Snake","Tough Bandages","Mummified Hand","CeramicFish","Bag of Preparation","WristBlade","TwistedFunnel","Eternal Feather","Busted Crown","Strawberry","OrangePellets","Centennial Puzzle","InkBottle","Anchor"],"acts_visited":["Exordium","TheCity","TheBeyond"],"potions_floor_usage":[14,33,48,48],"damage_taken":[{"damage":0.0,"enemies":"Cultist","floor":1.0,"turns":6.0},{"damage":0.0,"enemies":"Small Slimes","floor":2.0,"turns":3.0},{"damage":0.0,"enemies":"Jaw Worm","floor":5.0,"turns":4.0},{"damage":18.0,"enemies":"Gremlin Nob","floor":6.0,"turns":5.0},{"damage":0.0,"enemies":"Exordium Wildlife","floor":8.0,"turns":4.0},{"damage":29.0,"enemies":"Lagavulin","floor":11.0,"turns":7.0},{"damage":0,"enemies":"Gremlin Gang","floor":12,"turns":2},{"damage":2,"enemies":"3 Louse","floor":13,"turns":2},{"damage":0,"enemies":"3 Sentries","floor":14,"turns":6},{"damage":7,"enemies":"Hexaghost","floor":16,"turns":15},{"damage":0,"enemies":"Shell Parasite","floor":18,"turns":4},{"damage":0,"enemies":"2 Thieves","floor":19,"turns":3},{"damage":5,"enemies":"Cultist and Chosen","floor":22,"turns":5},{"damage":0,"enemies":"Snake Plant","floor":27,"turns":4},{"damage":1,"enemies":"Centurion and Healer","floor":28,"turns":3},{"damage":3,"enemies":"3 Cultists","floor":31,"turns":3},{"damage":26,"enemies":"Champ","floor":33,"turns":12},{"damage":2,"enemies":"3 Darklings","floor":35,"turns":7},{"damage":0,"enemies":"3 Shapes","floor":37,"turns":3},{"damage":0,"enemies":"Writhing Mass","floor":39,"turns":8},{"damage":0,"enemies":"Spire Growth","floor":41,"turns":3},{"damage":2,"enemies":"Giant Head","floor":45,"turns":7},{"damage":0,"enemies":"Awakened One","floor":48,"turns":16}],"seed_played":"-8252372005138080563","potions_obtained":[{"floor":5.0,"key":"Block Potion"},{"floor":12,"key":"Fire Potion"},{"floor":16,"key":"GamblersBrew"},{"floor":18,"key":"Swift Potion"},{"floor":19,"key":"Dexterity Potion"},{"floor":31,"key":"SkillPotion"},{"floor":35,"key":"Ancient Potion"},{"floor":39,"key":"GhostInAJar"}],"is_trial":false,"path_per_floor":["M","M","$","?","M","E","R","M","T","R","E","M","M","E","R","B",null,"M","M","$","?","M","R","?","R","T","M","M","R","?","M","R","B",null,"M","$","M","?","M","R","M","R","T","R","E","R","?","B",null],"character_chosen":"THE_SILENT","items_purchased":["TwistedFunnel","Blade Dance","Strawberry","OrangePellets"],"campfire_rested":0,"item_purchase_floors":[20,20,36,36],"current_hp_per_floor":[70,70,70,70,70,52,52,52,52,52,23,23,21,21,21,14,70,70,70,70,70,65,65,65,65,65,65,64,70,70,67,70,44,70,68,75,75,75,75,77,77,77,77,77,75,77,77,77],"gold":142,"neow_bonus":"UPGRADE_CARD","is_daily":false,"chose_seed":false,"campfire_upgraded":11,"win_rate":0.0,"timestamp":1608848076,"path_taken":["M","M","$","?","M","E","R","M","T","R","E","?","M","E","R","BOSS","M","M","$","?","M","R","?","R","T","M","?","R","?","M","R","BOSS","M","$","?","?","M","R","?","R","T","R","E","R","?","BOSS"],"items_purchased_type":["Relic","Card","Relic","Relic"],"build_version":"2020-12-22","purchased_purges":3,"victory":true,"max_hp_per_floor":[70,70,70,70,70,70,70,70,70,70,70,70,70,70,70,70,70,70,70,70,70,70,70,70,70,70,70,70,70,70,70,70,70,70,70,77,77,77,77,77,77,77,77,77,77,77,77,77],"card_choices":[{"not_picked":["Slice","Masterful Stab"],"picked":"Dash","floor":1.0},{"not_picked":["Endless Agony","Backflip"],"picked":"Footwork","floor":2.0},{"not_picked":["Slice","Flying Knee"],"picked":"Poisoned Stab","floor":5.0},{"not_picked":["Underhanded Strike","Dodge and Roll"],"picked":"Dagger Spray","floor":6.0},{"not_picked":["Underhanded Strike","Wraith Form v2"],"picked":"Well Laid Plans","floor":8.0},{"not_picked":["Well Laid Plans","Flechettes"],"picked":"Backstab","floor":11.0},{"not_picked":["Concentrate","Acrobatics","Cloak And Dagger"],"picked":"SKIP","floor":12},{"not_picked":["Backstab","Outmaneuver"],"picked":"Sucker Punch","floor":13},{"not_picked":["Prepared","Caltrops"],"picked":"Malaise","floor":14},{"not_picked":["Unload","Grand Finale"],"picked":"Tools of the Trade","floor":16},{"not_picked":["Flying Knee","Slice","Dagger Spray"],"picked":"SKIP","floor":18},{"not_picked":["Flying Knee","Slice"],"picked":"Dagger Spray","floor":18},{"not_picked":["PiercingWail","Flying Knee"],"picked":"Dodge and Roll+1","floor":19},{"not_picked":["Distraction+1","Finisher"],"picked":"Underhanded Strike+1","floor":22},{"not_picked":["Poisoned Stab","Slice+1"],"picked":"Blade Dance+1","floor":27},{"not_picked":["Dodge and Roll","PiercingWail"],"picked":"Underhanded Strike","floor":28},{"not_picked":["Corpse Explosion","Infinite Blades"],"picked":"Dodge and Roll","floor":31},{"not_picked":["Glass Knife","Bullet Time"],"picked":"Adrenaline","floor":33},{"not_picked":["Slice"],"picked":"SKIP","floor":35},{"not_picked":["Well Laid Plans"],"picked":"SKIP","floor":37},{"not_picked":["Endless Agony"],"picked":"SKIP","floor":39},{"not_picked":[],"picked":"Deadly Poison+1","floor":41},{"not_picked":["Flying Knee+1"],"picked":"SKIP","floor":45}],"player_experience":866117,"relics_obtained":[{"floor":6.0,"key":"Tough Bandages"},{"floor":9.0,"key":"Mummified Hand"},{"floor":11.0,"key":"CeramicFish"},{"floor":14,"key":"Bag of Preparation"},{"floor":26,"key":"Eternal Feather"},{"floor":43,"key":"InkBottle"},{"floor":45,"key":"Anchor"}],"event_choices":[{"damage_healed":0.0,"max_hp_gain":0.0,"max_hp_loss":0.0,"gold_gain":0.0,"event_name":"Accursed Blacksmith","player_choice":"Forge","floor":4.0,"gold_loss":0.0,"damage_taken":0.0,"cards_upgraded":["Footwork"]},{"damage_healed":0,"gold_gain":0,"player_choice":"Read","damage_taken":0,"max_hp_gain":0,"max_hp_loss":0,"event_name":"The Library","floor":21,"gold_loss":0,"cards_obtained":["Reflex"]},{"damage_healed":0,"gold_gain":0,"player_choice":"Ignored","damage_taken":0,"max_hp_gain":0,"max_hp_loss":0,"event_name":"Ghosts","floor":24,"gold_loss":0},{"damage_healed":0,"gold_gain":0,"player_choice":"Copied","damage_taken":0,"max_hp_gain":0,"max_hp_loss":0,"event_name":"Duplicator","floor":30,"gold_loss":0,"cards_obtained":["Footwork"]},{"damage_healed":0,"gold_gain":0,"player_choice":"Paid Gold","damage_taken":0,"relics_obtained":["Centennial Puzzle"],"max_hp_gain":0,"max_hp_loss":0,"event_name":"WeMeetAgain","floor":38,"gold_loss":76},{"damage_healed":0,"gold_gain":0,"player_choice":"Took Portal","damage_taken":0,"max_hp_gain":0,"max_hp_loss":0,"event_name":"SecretPortal","floor":47,"gold_loss":0}],"is_beta":false,"boss_relics":[{"not_picked":["Fusion Hammer","Runic Pyramid"],"picked":"WristBlade"},{"not_picked":["HoveringKite","SacredBark"],"picked":"Busted Crown"}],"items_purged_floors":[3,20,36],"is_endless":false,"potions_floor_spawned":[5,12,16,18,19,31,35,37,39],"ascension_level":0}}