{"host":"agbyy69nq62afhwx","time":1608818981,"event":{"mods":["BaseMod","Colored Map","Highlight Path","Keyboard Shortcuts","Minty Spire (QoL Compilation)","Quick Restart","StSLib","SuperFastMode","everything is the same but u backflip on backflip"],"gold_per_floor":[20,20,34,47,66,66,98,23,104,122,134,144,155,155,155,251,251,226,126,126,149,161,161,177,177,203,218,234,234,261,290,290,400,400,415,141,165,204,218,253,265,297,309,338,361,423,535,558,570,582],"floor_reached":51,"playtime":2217,"items_purged":["Strike_B","Defend_B","Defend_B"],"score":1022,"play_id":"d13c6ad0-5228-4965-807b-0be4a40b18c2","local_time":"20201224230941","is_ascension_mode":true,"campfire_choices":[{"data":"Dualcast","floor":6.0,"key":"SMITH"},{"floor":15.0,"key":"REST"},{"data":"Coolheaded","floor":23.0,"key":"SMITH"},{"floor":25.0,"key":"REST"},{"floor":32.0,"key":"REST"},{"floor":41.0,"key":"REST"},{"data":"Recycle","floor":49,"key":"SMITH"}],"circlet_count":0,"master_deck":["Zap","Dualcast+1","Hologram","Recycle+1","Ball Lightning","Chill","Storm","Coolheaded+1","Skim","White Noise+1","Gash","Chaos+1","Gash","Reboot","Reboot","Skim+1","Turbo","Turbo+1"],"relics":["Cracked Core","Mango","Pantograph","Empty Cage","Omamori","Toy Ornithopter","CeramicFish","Pocketwatch","SacredBark","Toolbox","MawBank","Bottled Lightning","CaptainsWheel"],"acts_visited":["Exordium","TheCity","TheBeyond"],"potions_floor_usage":[50,50,50],"damage_taken":[{"damage":3.0,"enemies":"2 Louse","floor":1.0,"turns":3.0},{"damage":3.0,"enemies":"Cultist","floor":3.0,"turns":4.0},{"damage":7.0,"enemies":"Jaw Worm","floor":4.0,"turns":4.0},{"damage":4.0,"enemies":"Exordium Wildlife","floor":5.0,"turns":5.0},{"damage":57.0,"enemies":"Lagavulin","floor":7.0,"turns":6.0},{"damage":0.0,"enemies":"Gremlin Gang","floor":10.0,"turns":3.0},{"damage":0.0,"enemies":"3 Louse","floor":11.0,"turns":5.0},{"damage":1.0,"enemies":"Looter","floor":12.0,"turns":3.0},{"damage":0.0,"enemies":"Gremlin Gang","floor":13.0,"turns":5.0},{"damage":3.0,"enemies":"Slime Boss","floor":16.0,"turns":7.0},{"damage":40.0,"enemies":"2 Thieves","floor":18.0,"turns":5.0},{"damage":8.0,"enemies":"Chosen","floor":22.0,"turns":4.0},{"damage":17.0,"enemies":"Sentry and Sphere","floor":24.0,"turns":5.0},{"damage":25.0,"enemies":"Shelled Parasite and Fungi","floor":27.0,"turns":6.0},{"damage":4.0,"enemies":"Centurion and Healer","floor":28.0,"turns":3.0},{"damage":22.0,"enemies":"Gremlin Leader","floor":30.0,"turns":5.0},{"damage":0.0,"enemies":"Snecko","floor":31.0,"turns":4.0},{"damage":61.0,"enemies":"Automaton","floor":33.0,"turns":8.0},{"damage":39.0,"enemies":"3 Darklings","floor":35.0,"turns":6.0},{"damage":16.0,"enemies":"Orb Walker","floor":37.0,"turns":3.0},{"damage":0.0,"enemies":"Maw","floor":38.0,"turns":5.0},{"damage":0.0,"enemies":"Transient","floor":39.0,"turns":5.0},{"damage":0.0,"enemies":"Giant Head","floor":40.0,"turns":4.0},{"damage":12.0,"enemies":"Writhing Mass","floor":42.0,"turns":4.0},{"damage":0.0,"enemies":"Maw","floor":44.0,"turns":3.0},{"damage":0.0,"enemies":"4 Shapes","floor":45.0,"turns":2.0},{"damage":14,"enemies":"Mind Bloom Boss Battle","floor":46,"turns":6},{"damage":0,"enemies":"Spire Growth","floor":48,"turns":4},{"damage":98,"enemies":"Awakened One","floor":50,"turns":8}],"seed_played":"3548544274742604662","potions_obtained":[{"floor":1.0,"key":"PowerPotion"},{"floor":7.0,"key":"EssenceOfDarkness"},{"floor":10.0,"key":"SteroidPotion"},{"floor":12.0,"key":"CultistPotion"},{"floor":13.0,"key":"SkillPotion"},{"floor":16.0,"key":"EssenceOfSteel"},{"floor":30.0,"key":"FocusPotion"},{"floor":33.0,"key":"SteroidPotion"},{"floor":35.0,"key":"Block Potion"},{"floor":42.0,"key":"SpeedPotion"},{"floor":48,"key":"ColorlessPotion"}],"is_trial":false,"path_per_floor":["M","?","M","M","M","R","E","$","T","M","M","M","M","?","R","B",null,"M","$","?","T","M","R","M","R","T","M","M","?","E","M","R","B",null,"M","$","M","M","M","E","R","M","T","M","M","?","?","M","R","B",null],"character_chosen":"DEFECT","items_purchased":["Toolbox"],"campfire_rested":4,"item_purchase_floors":[36],"current_hp_per_floor":[79,79,76,69,65,65,22,22,22,22,22,21,21,21,51,73,96,56,56,56,56,48,48,31,61,61,36,32,32,20,25,55,19,82,43,43,27,27,27,27,57,50,50,50,50,61,61,61,61,3],"gold":594,"neow_bonus":"TWENTY_PERCENT_HP_BONUS","is_daily":false,"chose_seed":false,"campfire_upgraded":3,"win_rate":0.0,"timestamp":1608818981,"path_taken":["M","?","M","M","M","R","E","$","T","M","M","M","?","?","R","BOSS","M","$","?","?","?","R","M","R","T","M","M","?","E","M","R","BOSS","M","$","M","M","M","E","R","M","T","M","M","?","?","?","R","BOSS"],"items_purchased_type":["Relic"],"build_version":"2020-12-22","purchased_purges":3,"victory":true,"max_hp_per_floor":[89,89,89,89,89,89,103,103,103,103,103,103,103,103,103,103,103,103,103,103,103,103,103,103,103,103,103,103,103,103,103,103,103,103,103,103,103,103,103,103,103,103,103,103,103,103,103,103,103,103],"card_choices":[{"not_picked":["Undo","Sweeping Beam"],"picked":"Hologram","floor":1.0},{"not_picked":["Conserve Battery","Sweeping Beam"],"picked":"Recycle","floor":3.0},{"not_picked":["Rip and Tear","Turbo","Leap"],"picked":"SKIP","floor":4.0},{"not_picked":["Lockon","Sweeping Beam","Cold Snap"],"picked":"SKIP","floor":5.0},{"not_picked":["Storm","Doom and Gloom"],"picked":"Ball Lightning","floor":7.0},{"not_picked":["Sweeping Beam","Barrage"],"picked":"Chill","floor":10.0},{"not_picked":["Reinforced Body","Rebound","Recycle"],"picked":"SKIP","floor":11.0},{"not_picked":["Aggregate","Undo"],"picked":"Storm","floor":12.0},{"not_picked":["Ball Lightning","Rebound"],"picked":"Coolheaded","floor":13.0},{"not_picked":["Rebound+1","Auto Shields"],"picked":"White Noise+1","floor":18.0},{"not_picked":["Hologram","Stack+1"],"picked":"Gash","floor":22.0},{"not_picked":["Fusion","White Noise+1"],"picked":"Chaos+1","floor":24.0},{"not_picked":["Coolheaded+1","Go for the Eyes"],"picked":"Gash","floor":27.0},{"not_picked":["Go for the Eyes","Auto Shields+1","Reinforced Body"],"picked":"SKIP","floor":28.0},{"not_picked":["Aggregate","Auto Shields","Sweeping Beam+1"],"picked":"SKIP","floor":30.0},{"not_picked":["Static Discharge+1","Skim"],"picked":"Reboot","floor":31.0},{"not_picked":["Meteor Strike","Electrodynamics"],"picked":"Reboot","floor":33.0},{"not_picked":["Steam","Beam Cell","Turbo"],"picked":"SKIP","floor":35.0},{"not_picked":["Cold Snap","Compile Driver"],"picked":"Skim+1","floor":37.0},{"not_picked":["Loop","Turbo","Leap"],"picked":"SKIP","floor":38.0},{"not_picked":["Loop","Leap"],"picked":"Turbo","floor":38.0},{"not_picked":["Conserve Battery+1","Compile Driver+1","Streamline"],"picked":"SKIP","floor":39.0},{"not_picked":["Coolheaded+1","Auto Shields"],"picked":"Turbo+1","floor":40.0},{"not_picked":["Coolheaded+1","Melter+1","Redo+1"],"picked":"SKIP","floor":42.0},{"not_picked":["Reinforced Body+1","Rip and Tear","Streamline"],"picked":"SKIP","floor":44.0},{"not_picked":["Beam Cell","Rebound","Compile Driver+1"],"picked":"SKIP","floor":45.0},{"not_picked":["Auto Shields","Glacier+1","Loop"],"picked":"SKIP","floor":48}],"player_experience":360869,"relics_obtained":[{"floor":7.0,"key":"Mango"},{"floor":9.0,"key":"Pantograph"},{"floor":21.0,"key":"Omamori"},{"floor":26.0,"key":"Toy Ornithopter"},{"floor":30.0,"key":"Pocketwatch"},{"floor":40.0,"key":"MawBank"},{"floor":43.0,"key":"Bottled Lightning"},{"floor":46,"key":"CaptainsWheel"}],"event_choices":[{"cards_removed":["Strike_B"],"damage_healed":0.0,"max_hp_gain":0.0,"max_hp_loss":0.0,"gold_gain":0.0,"event_name":"Purifier","player_choice":"Purged","floor":2.0,"gold_loss":0.0,"damage_taken":0.0},{"damage_healed":0.0,"max_hp_gain":0.0,"max_hp_loss":0.0,"gold_gain":0.0,"cards_transformed":["Strike_B"],"event_name":"Living Wall","player_choice":"Change","floor":14.0,"gold_loss":0.0,"damage_taken":0.0,"cards_obtained":["Skim"]},{"cards_removed":["Defend_B"],"damage_healed":0.0,"max_hp_gain":0.0,"max_hp_loss":0.0,"gold_gain":0.0,"event_name":"Back to Basics","player_choice":"Elegance","floor":20.0,"gold_loss":0.0,"damage_taken":0.0},{"damage_healed":0.0,"max_hp_gain":0.0,"max_hp_loss":0.0,"gold_gain":0.0,"event_name":"The Mausoleum","player_choice":"Opened","floor":29.0,"gold_loss":0.0,"damage_taken":0.0,"relics_obtained":["CeramicFish"],"cards_obtained":["Writhe"]},{"damage_healed":0,"gold_gain":0,"player_choice":"Fight","damage_taken":0,"max_hp_gain":0,"max_hp_loss":0,"event_name":"MindBloom","floor":46,"gold_loss":0},{"damage_healed":0,"gold_gain":100,"player_choice":"Pray","damage_taken":0,"max_hp_gain":0,"max_hp_loss":0,"event_name":"Golden Shrine","floor":47,"gold_loss":0}],"is_beta":false,"boss_relics":[{"not_picked":["Fusion Hammer","Ectoplasm"],"picked":"Empty Cage"},{"not_picked":["Pandora\u0027s Box","Philosopher\u0027s Stone"],"picked":"SacredBark"}],"items_purged_floors":[8,19,36],"is_endless":false,"potions_floor_spawned":[1,7,10,12,13,16,18,27,30,33,35,38,42,46,48],"ascension_level":6}}