{"host":"Finnegan","time":1608768474,"event":{"mods":["AchievementEnabler","BaseMod","Colored Map","Colored Powertips","Highlight Path","Minty Spire (QoL Compilation)","Permanent Neow","Quick Restart","Rare Cards Sparkle","Relic Stats","Slay-I","StSLib","everything is the same but u backflip on backflip","slay the spire mod where everything is the same but ironclad has a cowboy hat"],"gold_per_floor":[19,35,46,46,56,90,90,123,123,134,168,203,303,316,316,416,416,426,22,22,22,22,52,52,86,113,113,141,141,204,254,254,357,357,372,386,29,79,129,129,159,159,185,200,200,250,250,122,122,122],"floor_reached":51,"playtime":2148,"items_purged":["Worship+1","SashWhip","Strike_P+1"],"score":1513,"play_id":"cbef4b6a-90d6-4f4d-acca-9167e5d19858","local_time":"20201224010754","is_ascension_mode":true,"campfire_choices":[{"data":"Vigilance","floor":7.0,"key":"SMITH"},{"data":"ForeignInfluence","floor":15.0,"key":"SMITH"},{"data":"Tantrum","floor":24.0,"key":"SMITH"},{"data":"TalkToTheHand","floor":32.0,"key":"SMITH"},{"data":"Consecrate","floor":40.0,"key":"SMITH"},{"data":"Blasphemy","floor":42.0,"key":"SMITH"},{"data":"Wish","floor":45,"key":"SMITH"},{"data":"Sanctity","floor":47,"key":"SMITH"},{"data":"Vault","floor":49,"key":"SMITH"}],"circlet_count":0,"master_deck":["AscendersBane","Strike_P+1","Defend_P+1","Defend_P+1","Eruption+1","Vigilance+1","CutThroughFate","Sanctity+1","Consecrate+1","Wish+1","Meditate","ForeignInfluence+1","LikeWater","Wireheading","Judgement","EmptyBody+1","Wallop","Tantrum+1","Wallop","BattleHymn+1","TalkToTheHand+1","Blasphemy+1","Trip","Cloak And Dagger+1","Vault+1"],"relics":["PureWater","FossilizedHelix","Blue Candle","White Beast Statue","Yang","Oddly Smooth Stone","Astrolabe","Meat on the Bone","Potion Belt","Question Card","Pear","Smiling Mask","Incense Burner","SsserpentHead","VioletLotus","PrismaticShard","Ancient Tea Set","Blood Vial","Bag of Preparation"],"acts_visited":["Exordium","TheCity","TheBeyond"],"potions_floor_usage":[50,50,50,50],"damage_taken":[{"damage":0.0,"enemies":"Cultist","floor":1.0,"turns":4.0},{"damage":0.0,"enemies":"2 Louse","floor":2.0,"turns":2.0},{"damage":0.0,"enemies":"Small Slimes","floor":3.0,"turns":3.0},{"damage":0.0,"enemies":"Looter","floor":5.0,"turns":3.0},{"damage":0.0,"enemies":"Lagavulin","floor":6.0,"turns":4.0},{"damage":4.0,"enemies":"3 Sentries","floor":8.0,"turns":11.0},{"damage":6.0,"enemies":"Exordium Thugs","floor":10.0,"turns":4.0},{"damage":0.0,"enemies":"Lagavulin","floor":11.0,"turns":5.0},{"damage":0.0,"enemies":"Blue Slaver","floor":12.0,"turns":6.0},{"damage":0.0,"enemies":"Looter","floor":14.0,"turns":3.0},{"damage":0.0,"enemies":"Slime Boss","floor":16.0,"turns":6.0},{"damage":10.0,"enemies":"Shell Parasite","floor":18.0,"turns":6.0},{"damage":35.0,"enemies":"Book of Stabbing","floor":23.0,"turns":3.0},{"damage":0.0,"enemies":"Gremlin Leader","floor":25.0,"turns":6.0},{"damage":39.0,"enemies":"Slavers","floor":28.0,"turns":7.0},{"damage":0.0,"enemies":"Spheric Guardian","floor":30.0,"turns":1.0},{"damage":38.0,"enemies":"Collector","floor":33.0,"turns":9.0},{"damage":8.0,"enemies":"3 Shapes","floor":35.0,"turns":7.0},{"damage":0.0,"enemies":"Orb Walker","floor":36.0,"turns":5.0},{"damage":0.0,"enemies":"Reptomancer","floor":41.0,"turns":7.0},{"damage":4,"enemies":"Maw","floor":44,"turns":6},{"damage":0,"enemies":"Donu and Deca","floor":50,"turns":7}],"seed_played":"-1763864592713653221","potions_obtained":[{"floor":2.0,"key":"Regen Potion"},{"floor":5.0,"key":"PowerPotion"},{"floor":6.0,"key":"Dexterity Potion"},{"floor":11.0,"key":"Energy Potion"},{"floor":14.0,"key":"Strength Potion"},{"floor":23.0,"key":"EssenceOfSteel"},{"floor":25.0,"key":"Dexterity Potion"},{"floor":28.0,"key":"Strength Potion"},{"floor":33.0,"key":"EssenceOfSteel"},{"floor":35.0,"key":"Strength Potion"},{"floor":36.0,"key":"CultistPotion"}],"is_trial":false,"path_per_floor":["M","M","M","?","M","E","R","E","T","M","E","M","?","M","R","B",null,"M","$","?","?","$","E","R","E","T","?","E","?","M","?","R","B",null,"M","M","$","?","?","R","E","R","T","M","R","?","R","$","R","B",null],"character_chosen":"WATCHER","items_purchased":["Tantrum","Meat on the Bone","PrismaticShard","Ancient Tea Set","Vault"],"campfire_rested":0,"item_purchase_floors":[19,19,37,37,48],"current_hp_per_floor":[65,65,65,51,51,51,51,47,47,41,55,55,55,55,55,55,68,58,58,58,58,58,35,35,57,57,57,30,30,42,82,82,44,73,65,65,65,65,65,65,65,65,65,63,63,63,63,63,63,65],"gold":122,"neow_bonus":"ONE_RARE_RELIC","is_daily":false,"chose_seed":false,"campfire_upgraded":9,"win_rate":0.0,"timestamp":1608768474,"path_taken":["M","M","?","?","M","E","R","E","T","M","E","M","?","M","R","BOSS","M","$","?","?","$","E","R","E","T","?","E","?","?","?","R","BOSS","M","M","$","?","?","R","E","R","T","M","R","?","R","$","R","BOSS"],"items_purchased_type":["Card","Relic","Relic","Relic","Card"],"build_version":"2020-12-18","purchased_purges":3,"victory":true,"max_hp_per_floor":[72,72,72,72,72,72,72,72,72,72,72,72,72,72,72,72,72,72,72,72,72,72,72,72,82,82,82,82,82,82,82,82,82,82,82,82,82,78,78,78,78,78,78,78,78,78,78,78,78,78],"relic_stats":{"Blood Vial":4,"SsserpentHead":250,"counters":[22,115],"Blue Candle":[0],"Astrolabe":["Study","Worship","EmptyBody"],"Yang":[178],"VioletLotus":[7],"Bag of Preparation":[4],"Question Card":9,"Smiling Mask":125,"obtain_stats":[{"Potion Belt":21,"Pear":25,"Blue Candle":6,"Astrolabe":17,"Oddly Smooth Stone":11,"Yang":9,"Incense Burner":28,"Bag of Preparation":43,"Question Card":23,"Smiling Mask":26,"PrismaticShard":37,"Ancient Tea Set":37,"White Beast Statue":8,"Blood Vial":41,"SsserpentHead":29,"VioletLotus":34,"PureWater":0,"FossilizedHelix":0,"Meat on the Bone":19},{"Potion Belt":12,"Pear":14,"Blue Candle":5,"Astrolabe":11,"Oddly Smooth Stone":8,"Yang":6,"Incense Burner":15,"Bag of Preparation":20,"Question Card":13,"Smiling Mask":14,"PrismaticShard":19,"Ancient Tea Set":19,"White Beast Statue":6,"Blood Vial":20,"SsserpentHead":15,"VioletLotus":17,"PureWater":0,"FossilizedHelix":0,"Meat on the Bone":12},{"Potion Belt":57,"Pear":66,"Blue Candle":16,"Astrolabe":51,"Oddly Smooth Stone":36,"Yang":27,"Incense Burner":73,"Bag of Preparation":102,"Question Card":60,"Smiling Mask":66,"PrismaticShard":95,"Ancient Tea Set":95,"White Beast Statue":27,"Blood Vial":102,"SsserpentHead":73,"VioletLotus":83,"PureWater":0,"FossilizedHelix":0,"Meat on the Bone":57}],"Meat on the Bone":48},"card_choices":[{"not_picked":["ClearTheMind","Crescendo"],"picked":"SashWhip","floor":1.0},{"not_picked":["Evaluate","JustLucky"],"picked":"CutThroughFate","floor":2.0},{"not_picked":["Halt","Wireheading"],"picked":"Sanctity","floor":3.0},{"not_picked":["Halt","Evaluate"],"picked":"Consecrate","floor":5.0},{"not_picked":["FollowUp","LikeWater"],"picked":"Wish","floor":6.0},{"not_picked":["Omniscience","Protect"],"picked":"Meditate","floor":8.0},{"not_picked":["Indignation","EmptyFist"],"picked":"ForeignInfluence","floor":10.0},{"not_picked":["EmptyBody","Study","Consecrate"],"picked":"SKIP","floor":11.0},{"not_picked":["Consecrate","Halt"],"picked":"LikeWater","floor":12.0},{"not_picked":["Protect","Halt"],"picked":"Wireheading","floor":14.0},{"not_picked":["ConjureBlade","MasterReality"],"picked":"Judgement","floor":16.0},{"not_picked":["Fasting2","CarveReality"],"picked":"Wallop","floor":18.0},{"not_picked":["InnerPeace","ClearTheMind"],"picked":"BattleHymn+1","floor":23.0},{"not_picked":["FollowUp","InnerPeace","Meditate","BattleHymn+1"],"picked":"SKIP","floor":25.0},{"not_picked":["ThirdEye","EmptyFist","Pray"],"picked":"TalkToTheHand","floor":28.0},{"not_picked":["EmptyFist","JustLucky","Fasting2","Worship"],"picked":"SKIP","floor":30.0},{"not_picked":["Judgement","LessonLearned","Devotion"],"picked":"Blasphemy","floor":33.0},{"not_picked":["Indignation","CutThroughFate","EmptyFist","Adaptation"],"picked":"SKIP","floor":35.0},{"not_picked":["Halt","Protect","WreathOfFlame","BowlingBash+1"],"picked":"SKIP","floor":36.0},{"not_picked":["Mind Blast","Enlightenment","Master of Strategy"],"picked":"Trip","floor":39.0},{"not_picked":["Brilliance","Pummel+1","Ball Lightning+1","Feel No Pain"],"picked":"SKIP","floor":41.0},{"not_picked":["Quick Slash+1","Dash","Dodge and Roll"],"picked":"Cloak And Dagger+1","floor":44}],"player_experience":909340,"relics_obtained":[{"floor":6.0,"key":"Blue Candle"},{"floor":8.0,"key":"White Beast Statue"},{"floor":9.0,"key":"Yang"},{"floor":11.0,"key":"Oddly Smooth Stone"},{"floor":23.0,"key":"Question Card"},{"floor":25.0,"key":"Pear"},{"floor":26.0,"key":"Smiling Mask"},{"floor":28.0,"key":"Incense Burner"},{"floor":41.0,"key":"Blood Vial"},{"floor":43.0,"key":"Bag of Preparation"}],"event_choices":[{"damage_healed":0.0,"max_hp_gain":0.0,"max_hp_loss":0.0,"gold_gain":0.0,"event_name":"Shining Light","player_choice":"Entered Light","floor":4.0,"gold_loss":0.0,"damage_taken":14.0,"cards_upgraded":["Eruption","Strike_P"]},{"damage_healed":0.0,"max_hp_gain":0.0,"max_hp_loss":0.0,"gold_gain":100.0,"event_name":"Golden Shrine","player_choice":"Pray","floor":13.0,"gold_loss":0.0,"damage_taken":0.0},{"damage_healed":0.0,"max_hp_gain":0.0,"max_hp_loss":0.0,"gold_gain":0.0,"event_name":"The Library","player_choice":"Read","floor":20.0,"gold_loss":0.0,"damage_taken":0.0,"cards_obtained":["Wallop"]},{"damage_healed":0.0,"max_hp_gain":0.0,"max_hp_loss":0.0,"gold_gain":0.0,"event_name":"The Mausoleum","player_choice":"Opened","floor":21.0,"gold_loss":0.0,"damage_taken":0.0,"relics_obtained":["Potion Belt"]},{"damage_healed":0.0,"max_hp_gain":0.0,"max_hp_loss":0.0,"gold_gain":0.0,"event_name":"Back to Basics","player_choice":"Simplicity","floor":27.0,"gold_loss":0.0,"damage_taken":0.0,"cards_upgraded":["Strike_P","Strike_P","Defend_P","Defend_P"]},{"damage_healed":0.0,"max_hp_gain":0.0,"max_hp_loss":0.0,"gold_gain":0.0,"event_name":"FaceTrader","player_choice":"Trade","floor":29.0,"gold_loss":0.0,"damage_taken":0.0,"relics_obtained":["SsserpentHead"]},{"cards_removed":["Study"],"damage_healed":40.0,"max_hp_gain":0.0,"max_hp_loss":0.0,"gold_gain":0.0,"event_name":"Bonfire Elementals","player_choice":"Offered Uncommon","floor":31.0,"gold_loss":0.0,"damage_taken":0.0},{"damage_healed":0.0,"max_hp_gain":0.0,"max_hp_loss":4.0,"gold_gain":0.0,"event_name":"Winding Halls","player_choice":"Max HP","floor":38.0,"gold_loss":0.0,"damage_taken":0.0},{"damage_healed":0.0,"max_hp_gain":0.0,"max_hp_loss":0.0,"gold_gain":0.0,"event_name":"SensoryStone","player_choice":"Memory 1","floor":39.0,"gold_loss":0.0,"damage_taken":0.0},{"cards_removed":["Strike_P"],"damage_healed":0,"gold_gain":0,"player_choice":"Removed Attack","damage_taken":0,"max_hp_gain":0,"max_hp_loss":0,"event_name":"Falling","floor":46,"gold_loss":0}],"is_beta":true,"boss_relics":[{"not_picked":["Cursed Key","Snecko Eye"],"picked":"Astrolabe"},{"not_picked":["Fusion Hammer","Sozu"],"picked":"VioletLotus"}],"items_purged_floors":[19,37,48],"is_endless":false,"potions_floor_spawned":[2,5,6,8,10,11,12,14,16,18,23,25,28,30,33,35,36,41,44],"ascension_level":12}}