{"host":"owox7x4ngjt9htcc","time":1608793536,"event":{"mods":["BaseMod","Colored Map","DeckTracker","Keyboard Shortcuts","Minty Spire (QoL Compilation)","SuperFastMode"],"gold_per_floor":[114,289,26,41,41,71,86,116,116,131,161,161,191,206,206,306,306,321,321,420,435,110,140,155,170,220,250,280,295,295,310,310,410,410,425,440,74,89,89,119,134,164,239,254,254,284,284,299,299,299],"floor_reached":51,"playtime":1873,"items_purged":["Doubt","Meditate","BowlingBash"],"score":1179,"play_id":"937db022-6eb5-4620-befa-e0f14337e73d","local_time":"20201224160536","daily_mods":["Insanity","Purple Cards","DeadlyEvents"],"is_ascension_mode":false,"campfire_choices":[{"floor":12,"key":"REST"},{"data":"Well Laid Plans","floor":15,"key":"SMITH"},{"data":"ForeignInfluence","floor":30,"key":"PURGE"},{"data":"Meditate","floor":32,"key":"PURGE"},{"floor":49,"key":"REST"}],"circlet_count":0,"master_deck":["Outmaneuver","Quick Slash","Slice","Halt","Concentrate","Finisher","Cloak And Dagger","MentalFortress","WheelKick","FlyingSleeves","FollowUp","Crescendo","Prepared","TalkToTheHand","FlurryOfBlows","Slice","PiercingWail","ThirdEye","Deadly Poison","TalkToTheHand","Well Laid Plans+1","FlurryOfBlows","Sucker Punch","Outmaneuver+1","EmptyMind","CrushJoints","Conclude","FollowUp","Riddle With Holes","FlurryOfBlows","Dodge and Roll","FlyingSleeves","FlurryOfBlows","Evaluate","Quick Slash","Conclude","Evaluate","Dagger Throw","Evaluate","Setup","Blade Dance","TalkToTheHand","FlyingSleeves","Tantrum","Cloak And Dagger","Infinite Blades","DeusExMachina","ThirdEye","Backflip","Bullet Time","ThirdEye","Phantasmal Killer","EmptyMind","Blade Dance+1","Infinite Blades+1","Bullet Time","Well Laid Plans","Noxious Fumes","Blade Dance+1","Accuracy","Backflip+1","Infinite Blades"],"relics":["Ring of the Snake","Membership Card","Vajra","MealTicket","Boot","Thread and Needle","Matryoshka","Potion Belt","Blood Vial","Black Star","Bag of Preparation","Bottled Tornado","Medical Kit","Dead Branch","Question Card","Singing Bowl","Smiling Mask","PreservedInsect","Anchor","Peace Pipe","Regal Pillow","Fusion Hammer","Pear","Nunchaku","ClockworkSouvenir","Turnip","Pen Nib","Molten Egg 2","InkBottle","Mummified Hand","Mercury Hourglass","Toxic Egg 2","War Paint","StrikeDummy"],"acts_visited":["Exordium","TheCity","TheBeyond"],"potions_floor_usage":[25,27,42,50,50,50],"damage_taken":[{"damage":5,"enemies":"Small Slimes","floor":1,"turns":2},{"damage":0,"enemies":"Jaw Worm","floor":4,"turns":2},{"damage":8,"enemies":"Gremlin Nob","floor":6,"turns":3},{"damage":0,"enemies":"Cultist","floor":7,"turns":2},{"damage":12,"enemies":"Lagavulin","floor":8,"turns":5},{"damage":0,"enemies":"Lots of Slimes","floor":10,"turns":3},{"damage":4,"enemies":"3 Sentries","floor":11,"turns":4},{"damage":0,"enemies":"Lagavulin","floor":13,"turns":4},{"damage":0,"enemies":"2 Fungi Beasts","floor":14,"turns":1},{"damage":0,"enemies":"Slime Boss","floor":16,"turns":4},{"damage":6,"enemies":"Spheric Guardian","floor":18,"turns":3},{"damage":0,"enemies":"3 Byrds","floor":21,"turns":4},{"damage":9,"enemies":"Book of Stabbing","floor":23,"turns":5},{"damage":10,"enemies":"Snecko","floor":24,"turns":5},{"damage":0,"enemies":"Chosen and Byrds","floor":25,"turns":4},{"damage":8,"enemies":"Gremlin Leader","floor":27,"turns":4},{"damage":0,"enemies":"Book of Stabbing","floor":28,"turns":4},{"damage":0,"enemies":"Shelled Parasite and Fungi","floor":29,"turns":5},{"damage":0,"enemies":"3 Cultists","floor":31,"turns":4},{"damage":44,"enemies":"Automaton","floor":33,"turns":7},{"damage":0,"enemies":"Orb Walker","floor":35,"turns":3},{"damage":0,"enemies":"3 Shapes","floor":36,"turns":3},{"damage":11,"enemies":"Maw","floor":38,"turns":6},{"damage":0,"enemies":"Nemesis","floor":40,"turns":3},{"damage":4,"enemies":"3 Darklings","floor":41,"turns":3},{"damage":7,"enemies":"Reptomancer","floor":42,"turns":4},{"damage":0,"enemies":"Spire Growth","floor":44,"turns":3},{"damage":0,"enemies":"Giant Head","floor":46,"turns":2},{"damage":0,"enemies":"Writhing Mass","floor":48,"turns":3},{"damage":68,"enemies":"Time Eater","floor":50,"turns":8}],"seed_played":"-4388098555046818604","potions_obtained":[{"floor":4,"key":"SkillPotion"},{"floor":8,"key":"LiquidBronze"},{"floor":11,"key":"Poison Potion"},{"floor":13,"key":"Swift Potion"},{"floor":14,"key":"Swift Potion"},{"floor":16,"key":"FearPotion"},{"floor":24,"key":"DistilledChaos"},{"floor":25,"key":"Energy Potion"},{"floor":29,"key":"Energy Potion"},{"floor":35,"key":"EssenceOfSteel"},{"floor":40,"key":"FairyPotion"}],"is_trial":false,"path_per_floor":["M","?","$","M","?","E","M","E","T","M","E","R","E","M","R","B",null,"M","?","?","M","$","E","M","M","T","E","E","M","R","M","R","B",null,"M","M","$","M","?","E","M","E","T","M","T","E","?","M","R","B",null],"character_chosen":"THE_SILENT","items_purchased":["Membership Card","Vajra","Bag of Preparation","Bottled Tornado","Medical Kit","Pear","Nunchaku","ClockworkSouvenir","Noxious Fumes"],"campfire_rested":2,"item_purchase_floors":[3,3,22,22,22,37,37,37,37],"current_hp_per_floor":[65,65,65,65,62,54,54,42,42,42,38,59,59,61,61,63,70,64,64,64,66,70,61,53,55,55,51,55,57,57,61,61,19,76,76,78,88,79,79,83,81,78,78,80,80,82,82,84,89,21],"gold":299,"neow_bonus":"","is_daily":true,"chose_seed":false,"campfire_upgraded":1,"win_rate":0.0,"timestamp":1608793536,"path_taken":["M","?","$","M","?","E","?","?","T","M","E","R","?","M","R","BOSS","M","?","?","M","$","E","M","?","T","?","E","M","R","M","R","BOSS","M","M","$","M","?","E","M","E","T","M","?","?","?","?","R","BOSS"],"items_purchased_type":["Relic","Relic","Relic","Relic","Relic","Relic","Relic","Relic","Card"],"build_version":"2020-12-22","purchased_purges":3,"victory":true,"max_hp_per_floor":[70,70,70,70,70,70,70,70,70,70,70,70,70,70,70,70,70,70,70,70,70,70,70,70,70,70,72,74,74,74,76,76,76,76,76,78,88,90,85,87,87,89,89,89,89,89,89,89,89,89],"card_choices":[{"not_picked":["Bane","WreathOfFlame","Choke"],"picked":"SKIP","floor":1},{"not_picked":["CrushJoints","Adaptation","FollowUp"],"picked":"SKIP","floor":4},{"not_picked":["ThirdEye","Bane","Masterful Stab"],"picked":"SKIP","floor":6},{"not_picked":["ClearTheMind","EmptyBody"],"picked":"Cloak And Dagger","floor":7},{"not_picked":["Cloak And Dagger","Consecrate","Bane"],"picked":"SKIP","floor":8},{"not_picked":["Backstab","JustLucky"],"picked":"Infinite Blades","floor":10},{"not_picked":["Sucker Punch","Heel Hook"],"picked":"DeusExMachina","floor":11},{"not_picked":["Ragnarok","CrushJoints"],"picked":"ThirdEye","floor":13},{"not_picked":["ClearTheMind","Halt"],"picked":"Backflip","floor":14},{"not_picked":["Doppelganger","Judgement"],"picked":"Bullet Time","floor":16},{"not_picked":["Underhanded Strike","Pray+1","Prostrate"],"picked":"SKIP","floor":18},{"not_picked":["Crescendo","Fasting2"],"picked":"ThirdEye","floor":21},{"not_picked":["Worship+1","PiercingWail"],"picked":"Phantasmal Killer","floor":23},{"not_picked":["CarveReality","Crippling Poison","Swivel+1"],"picked":"EmptyMind","floor":24},{"not_picked":["SandsOfTime","Dagger Throw","Protect+1"],"picked":"Blade Dance","floor":25},{"not_picked":["CutThroughFate+1","FlurryOfBlows+1","CarveReality","SignatureMove"],"picked":"Singing Bowl","floor":27},{"not_picked":["CrushJoints","Distraction+1","Acrobatics+1","Dagger Spray"],"picked":"Singing Bowl","floor":28},{"not_picked":["FlyingSleeves","CutThroughFate","Riddle With Holes"],"picked":"Infinite Blades+1","floor":29},{"not_picked":["Sucker Punch","Masterful Stab","Corpse Explosion","FlyingSleeves"],"picked":"Singing Bowl","floor":31},{"not_picked":["MasterReality","DeusExMachina","Wraith Form v2"],"picked":"Bullet Time","floor":33},{"not_picked":["Noxious Fumes","FlurryOfBlows","Dagger Throw"],"picked":"Well Laid Plans","floor":35},{"not_picked":["Poisoned Stab+1","Tantrum","ThirdEye+1","Dash"],"picked":"Singing Bowl","floor":36},{"not_picked":["ThirdEye+1","FollowUp+1","EmptyFist+1","Skewer+1"],"picked":"Singing Bowl","floor":38},{"not_picked":["Doppelganger","CrushJoints+1","ClearTheMind","Crippling Poison"],"picked":"Singing Bowl","floor":40},{"not_picked":["Tantrum+1","Deflect+1","Halt+1"],"picked":"Blade Dance+1","floor":41},{"not_picked":["ThirdEye","Distraction","Deadly Poison+1","Backflip+1"],"picked":"Singing Bowl","floor":42},{"not_picked":["ConjureBlade","Underhanded Strike+1","Poisoned Stab+1"],"picked":"Accuracy","floor":44},{"not_picked":["WheelKick+1","LikeWater+1","CrushJoints+1"],"picked":"Backflip+1","floor":46},{"not_picked":["ClearTheMind+1","Crescendo+1","JustLucky+1"],"picked":"Infinite Blades","floor":48}],"player_experience":851872,"relics_obtained":[{"floor":6,"key":"Boot"},{"floor":8,"key":"Thread and Needle"},{"floor":9,"key":"Matryoshka"},{"floor":11,"key":"Potion Belt"},{"floor":13,"key":"Blood Vial"},{"floor":23,"key":"Dead Branch"},{"floor":23,"key":"Question Card"},{"floor":26,"key":"Singing Bowl"},{"floor":26,"key":"Smiling Mask"},{"floor":27,"key":"PreservedInsect"},{"floor":27,"key":"Anchor"},{"floor":28,"key":"Peace Pipe"},{"floor":28,"key":"Regal Pillow"},{"floor":40,"key":"Turnip"},{"floor":40,"key":"Pen Nib"},{"floor":42,"key":"Molten Egg 2"},{"floor":42,"key":"InkBottle"},{"floor":43,"key":"Mummified Hand"},{"floor":43,"key":"Mercury Hourglass"},{"floor":45,"key":"Toxic Egg 2"},{"floor":46,"key":"War Paint"},{"floor":46,"key":"StrikeDummy"}],"event_choices":[{"damage_healed":0,"gold_gain":175,"player_choice":"AGREE","damage_taken":0,"max_hp_gain":0,"max_hp_loss":0,"event_name":"Liars Game","floor":2,"gold_loss":0,"cards_obtained":["Doubt"]},{"damage_healed":0,"gold_gain":0,"player_choice":"Success","damage_taken":3,"relics_obtained":["MealTicket"],"max_hp_gain":0,"max_hp_loss":0,"event_name":"Scrap Ooze","floor":5,"gold_loss":0},{"cards_removed":["SignatureMove"],"damage_healed":0,"gold_gain":0,"player_choice":"Elegance","damage_taken":0,"max_hp_gain":0,"max_hp_loss":0,"event_name":"Back to Basics","floor":19,"gold_loss":0},{"damage_healed":0,"gold_gain":99,"player_choice":"Stole From Cult","damage_taken":0,"max_hp_gain":0,"max_hp_loss":0,"event_name":"Nest","floor":20,"gold_loss":0},{"damage_healed":0,"gold_gain":0,"player_choice":"Max HP","damage_taken":0,"max_hp_gain":0,"max_hp_loss":5,"event_name":"Winding Halls","floor":39,"gold_loss":0},{"cards_removed":["Crescendo"],"damage_healed":0,"gold_gain":0,"player_choice":"Removed Skill","damage_taken":0,"max_hp_gain":0,"max_hp_loss":0,"event_name":"Falling","floor":47,"gold_loss":0}],"is_beta":false,"boss_relics":[{"not_picked":["Snecko Eye","Calling Bell"],"picked":"Black Star"},{"not_picked":["Philosopher\u0027s Stone","Busted Crown"],"picked":"Fusion Hammer"}],"items_purged_floors":[3,22,37],"is_endless":false,"potions_floor_spawned":[4,8,11,13,14,16,24,25,29,31,35,40,41],"ascension_level":0}}