{"host":"g32tw2paqnn22odm","time":1608812114,"event":{"mods":["AchievementEnabler","Act Like it!","BaseMod","Colored Map","Conspire","Hubris","Infinite Spire","Marisa£®ÏF”Í°°ƒß¿Ì…≥£©","Minty Spire (QoL Compilation)","Pale of the Ancients","Remilia£®¿Ÿ√◊¿Ú—«£©","Replay The Spire","StSLib","Td1madao Mod","The Cursed","The Jungle","The Servant 0.9.4","vexMod"],"gold_per_floor":[112,126,126,1,11,36,36,67,67,13,13,210,223,223,223,223,223],"floor_reached":16,"playtime":461,"items_purged":["Strike_R"],"score":146,"play_id":"2904317d-2167-4dfb-a616-ffe34f745b87","local_time":"20201224201514","is_ascension_mode":true,"campfire_choices":[{"data":"Shockwave","floor":7,"key":"SMITH"},{"data":"Bash","floor":11,"key":"SMITH"},{"data":"Bloodletting","floor":15,"key":"SMITH"}],"circlet_count":0,"master_deck":["Strike_R","Strike_R","Strike_R+1","Strike_R","Defend_R+1","Defend_R","Defend_R","Defend_R","Bash+1","Whirlwind+1","Shockwave+1","Bloodletting+1","Clash","Shrug It Off","Shrug It Off","Injury"],"relics":["Burning Blood","NeowsBlessing","Replay:Mystery Machine","infinitespire:Beetle Shell","Simple Rune","Golden Idol"],"acts_visited":["Exordium"],"potions_floor_usage":[6],"damage_taken":[{"damage":0,"enemies":"conspire:RoseBush","floor":1,"turns":1},{"damage":0,"enemies":"Jaw Worm","floor":2,"turns":1},{"damage":0,"enemies":"Cultist","floor":5,"turns":1},{"damage":21,"enemies":"Lagavulin","floor":6,"turns":5},{"damage":9,"enemies":"Gremlin Nob","floor":8,"turns":3},{"damage":8,"enemies":"Blue Slaver","floor":13,"turns":3},{"damage":23,"enemies":"Slime Boss","floor":16,"turns":5}],"seed_played":"5336614344503625050","potions_obtained":[{"floor":2,"key":"HeartOfIron"}],"is_trial":false,"path_per_floor":["M","M","?","$","M","E","R","E","T","$","R","?","M","?","R","B"],"character_chosen":"IRONCLAD","items_purchased":["Explosive Potion","Clash"],"campfire_rested":0,"item_purchase_floors":[4,10],"current_hp_per_floor":[78,80,80,80,80,65,65,62,62,62,62,30,28,28,28,5,5],"gold":223,"neow_bonus":"THREE_ENEMY_KILL","is_daily":false,"chose_seed":false,"campfire_upgraded":3,"win_rate":0.0,"timestamp":1608812114,"path_taken":["M","?","?","?","?","E","R","E","T","$","R","?","M","?","R","BOSS"],"items_purchased_type":["Potion","Card"],"build_version":"2020-12-22","purchased_purges":1,"victory":false,"max_hp_per_floor":[80,80,80,80,80,80,80,80,80,80,80,80,80,80,80,80,80],"card_choices":[{"not_picked":["Sword Boomerang","Heavy Blade"],"picked":"Whirlwind","floor":1},{"not_picked":["hubris:ReadiedAction","Cleave"],"picked":"Shockwave","floor":2},{"not_picked":["Heavy Blade","Flex"],"picked":"Bloodletting","floor":5},{"not_picked":["Body Slam","Clothesline","True Grit"],"picked":"SKIP","floor":6},{"not_picked":["Entrench","Sword Boomerang","True Grit"],"picked":"SKIP","floor":8},{"not_picked":["Twin Strike","Run Through"],"picked":"Shrug It Off","floor":12},{"not_picked":["Demonic Infusion","Clothesline"],"picked":"Shrug It Off","floor":13}],"player_experience":141197,"relics_obtained":[{"floor":6,"key":"Replay:Mystery Machine"},{"floor":8,"key":"infinitespire:Beetle Shell"},{"floor":9,"key":"Simple Rune"}],"event_choices":[{"damage_healed":0,"gold_gain":0,"player_choice":"Upgraded","damage_taken":0,"max_hp_gain":0,"max_hp_loss":0,"event_name":"Upgrade Shrine","floor":3,"gold_loss":0,"cards_upgraded":["Whirlwind"]},{"damage_healed":0,"gold_gain":0,"player_choice":"Take Wound","damage_taken":0,"relics_obtained":["Golden Idol"],"max_hp_gain":0,"max_hp_loss":0,"event_name":"Golden Idol","floor":14,"gold_loss":0,"cards_obtained":["Injury"]}],"is_beta":false,"boss_relics":[],"items_purged_floors":[4],"is_endless":false,"potions_floor_spawned":[2],"killed_by":"Slime Boss","ascension_level":7}}