{"host":"dvpvhz1t6etneyb3","time":1608833735,"event":{"mods":["AchievementEnabler","BaseMod","Colored Map","Highlight Path","Minty Spire (QoL Compilation)","Permanent Neow","Quick Restart"],"gold_per_floor":[117,49,49,67,78,78,103,103,127,127,140,172,182,196,196,273,273,289,10,10,10,21,21,40,71,139,153,153,169,182,207,207,207,207],"floor_reached":33,"playtime":2707,"items_purged":[],"score":598,"play_id":"3fba14d0-8527-46cd-a95d-9266c09faa1c","local_time":"20201224131535","is_ascension_mode":true,"campfire_choices":[{"data":"Glass Knife","floor":6.0,"key":"SMITH"},{"data":"Crippling Poison","floor":8.0,"key":"SMITH"},{"data":"Caltrops","floor":10.0,"key":"SMITH"},{"data":"Bouncing Flask","floor":15.0,"key":"SMITH"},{"data":"Wraith Form v2","floor":23.0,"key":"SMITH"},{"floor":28.0,"key":"REST"},{"floor":32,"key":"REST"}],"circlet_count":0,"master_deck":["AscendersBane","Strike_G","Strike_G","Strike_G","Strike_G","Strike_G","Defend_G","Defend_G","Defend_G","Defend_G","Defend_G","Survivor","Neutralize","Crippling Poison+1","Glass Knife+1","Quick Slash","Dagger Spray","Caltrops+1","Wraith Form v2+1","Bouncing Flask+1","Footwork","Malaise","Well Laid Plans+1","Cloak And Dagger","PiercingWail","Backflip+1"],"relics":["Ring of the Snake","Bronze Scales","Smiling Mask","Centennial Puzzle","SacredBark","Frozen Egg 2","Blood Vial","Eternal Feather","Orichalcum"],"acts_visited":["Exordium","TheCity"],"potions_floor_usage":[31,33],"damage_taken":[{"damage":1.0,"enemies":"2 Louse","floor":1.0,"turns":4.0},{"damage":0.0,"enemies":"Cultist","floor":4.0,"turns":4.0},{"damage":0.0,"enemies":"Jaw Worm","floor":5.0,"turns":4.0},{"damage":12.0,"enemies":"Lagavulin","floor":7.0,"turns":6.0},{"damage":8.0,"enemies":"Exordium Thugs","floor":11.0,"turns":4.0},{"damage":12.0,"enemies":"3 Sentries","floor":12.0,"turns":6.0},{"damage":3.0,"enemies":"Lots of Slimes","floor":13.0,"turns":3.0},{"damage":1.0,"enemies":"Looter","floor":14.0,"turns":3.0},{"damage":10.0,"enemies":"Hexaghost","floor":16.0,"turns":8.0},{"damage":1.0,"enemies":"Spheric Guardian","floor":18.0,"turns":4.0},{"damage":6.0,"enemies":"Shell Parasite","floor":22.0,"turns":4.0},{"damage":12.0,"enemies":"Shelled Parasite and Fungi","floor":24.0,"turns":4.0},{"damage":18.0,"enemies":"Book of Stabbing","floor":25.0,"turns":5.0},{"damage":10.0,"enemies":"Centurion and Healer","floor":27.0,"turns":9.0},{"damage":2.0,"enemies":"Cultist and Chosen","floor":29.0,"turns":7.0},{"damage":38,"enemies":"Sentry and Sphere","floor":30,"turns":9},{"damage":14,"enemies":"Slavers","floor":31,"turns":5},{"damage":53,"enemies":"Collector","floor":33,"turns":8}],"seed_played":"6547838944515047887","potions_obtained":[{"floor":4.0,"key":"Poison Potion"},{"floor":7.0,"key":"PowerPotion"},{"floor":11.0,"key":"Block Potion"},{"floor":25.0,"key":"GamblersBrew"},{"floor":27.0,"key":"SteroidPotion"},{"floor":30,"key":"FearPotion"}],"is_trial":false,"path_per_floor":["M","?","?","M","M","R","E","R","T","R","M","E","M","M","R","B",null,"M","$","?","?","M","R","M","E","T","M","R","M","M","E","R","B"],"character_chosen":"THE_SILENT","items_purchased":["Frozen Egg 2"],"campfire_rested":2,"item_purchase_floors":[19],"current_hp_per_floor":[55,55,55,55,55,55,43,43,43,43,35,23,20,19,19,9,61,60,60,60,60,54,54,42,24,24,16,54,54,18,6,44,0,0],"gold":207,"neow_bonus":"TWENTY_PERCENT_HP_BONUS","is_daily":false,"chose_seed":false,"campfire_upgraded":5,"win_rate":0.0,"timestamp":1608833735,"path_taken":["M","?","?","M","M","R","E","R","T","R","?","E","M","M","R","BOSS","M","$","?","?","M","R","M","E","T","M","R","M","?","E","R","BOSS"],"items_purchased_type":["Relic"],"build_version":"2020-12-22","purchased_purges":0,"victory":false,"max_hp_per_floor":[78,78,78,78,78,78,78,78,78,78,78,78,78,78,78,78,78,78,78,78,78,78,78,78,78,78,78,78,78,78,78,78,78,78],"card_choices":[{"not_picked":["Bane","Deflect"],"picked":"Crippling Poison","floor":1.0},{"not_picked":["Prepared","Accuracy","Outmaneuver"],"picked":"SKIP","floor":4.0},{"not_picked":["Dagger Spray","Bane","Quick Slash"],"picked":"SKIP","floor":5.0},{"not_picked":["Bane","Quick Slash"],"picked":"Dagger Spray","floor":5.0},{"not_picked":["Deadly Poison","Poisoned Stab"],"picked":"Caltrops","floor":7.0},{"not_picked":["Flechettes","Concentrate"],"picked":"Wraith Form v2","floor":11.0},{"not_picked":["Setup","Tactician","Dagger Throw"],"picked":"SKIP","floor":12.0},{"not_picked":["Eviscerate","Concentrate"],"picked":"Bouncing Flask","floor":13.0},{"not_picked":["Cloak And Dagger","Bane"],"picked":"Footwork","floor":14.0},{"not_picked":["A Thousand Cuts","Storm of Steel"],"picked":"Malaise","floor":16.0},{"not_picked":["All Out Attack","Quick Slash+1","Underhanded Strike"],"picked":"SKIP","floor":18.0},{"not_picked":["Riddle With Holes","Dagger Throw+1","Heel Hook"],"picked":"SKIP","floor":22.0},{"not_picked":["Choke","Blade Dance"],"picked":"Cloak And Dagger","floor":24.0},{"not_picked":["All Out Attack","Setup"],"picked":"PiercingWail","floor":25.0},{"not_picked":["Outmaneuver","Dagger Spray"],"picked":"Backflip+1","floor":27.0},{"not_picked":["Flying Knee+1","Blade Dance","Dagger Spray"],"picked":"SKIP","floor":29.0},{"not_picked":["Quick Slash","Prepared","Storm of Steel"],"picked":"SKIP","floor":30},{"not_picked":["Acrobatics","Slice","Eviscerate"],"picked":"SKIP","floor":31}],"player_experience":1951757,"relics_obtained":[{"floor":7.0,"key":"Bronze Scales"},{"floor":9.0,"key":"Smiling Mask"},{"floor":12.0,"key":"Centennial Puzzle"},{"floor":25.0,"key":"Blood Vial"},{"floor":26.0,"key":"Eternal Feather"},{"floor":31,"key":"Orichalcum"}],"event_choices":[{"damage_healed":0.0,"max_hp_gain":0.0,"max_hp_loss":0.0,"gold_gain":0.0,"event_name":"World of Goop","player_choice":"Left Gold","floor":2.0,"gold_loss":68.0,"damage_taken":0.0},{"damage_healed":0.0,"max_hp_gain":0.0,"max_hp_loss":0.0,"gold_gain":0.0,"event_name":"Match and Keep!","player_choice":"2 cards matched","floor":3.0,"gold_loss":0.0,"damage_taken":0.0,"cards_obtained":["Glass Knife","Quick Slash"]},{"damage_healed":0.0,"max_hp_gain":0.0,"max_hp_loss":0.0,"gold_gain":0.0,"event_name":"The Library","player_choice":"Read","floor":20.0,"gold_loss":0.0,"damage_taken":0.0,"cards_obtained":["Well Laid Plans"]},{"damage_healed":0.0,"max_hp_gain":0.0,"max_hp_loss":0.0,"gold_gain":0.0,"event_name":"Lab","player_choice":"Got Potions","floor":21.0,"gold_loss":0.0,"damage_taken":0.0}],"is_beta":false,"boss_relics":[{"not_picked":["Empty Cage","Pandora\u0027s Box"],"picked":"SacredBark"}],"items_purged_floors":[],"is_endless":false,"potions_floor_spawned":[4,7,11,18,25,27,30],"killed_by":"Collector","ascension_level":20}}