{"host":"dh4nu8nelr2izibb","time":1608773907,"event":{"mods":["Act Like it!","BaseMod","Better Third Choice","Card Forge","Displayed Cursed Tome","HololiveMod","Marisa????????","Minty Spire (QoL Compilation)","Puzzle Mod","Quick Restart","Relic Filter","StSLib","The Marked","The Poker Player","The Servant 0.9.4","WarShipGirlsR/????R mod","???????????mod"],"gold_per_floor":[361,373,386,319,337,364,64,81,104,104,104,104,124,136,136,233,233,188,188,188,188,188,188,188,188,188,188,188,188,188,88,88,88,88,88,88,88,88,88,88,88,88,88,34,34,34,34,34,34,34],"floor_reached":51,"playtime":2068,"items_purged":["Strike_MRS","DarkMatter"],"score":950,"play_id":"9f5cc759-aed6-4a98-b54f-4741968a8b05","local_time":"20201223203827","is_ascension_mode":true,"campfire_choices":[{"floor":10.0,"key":"REST"},{"data":"OortCloud","floor":15.0,"key":"SMITH"},{"data":"AbsoluteMagnitude","floor":23.0,"key":"SMITH"},{"data":"GalacticHalo","floor":27.0,"key":"SMITH"},{"data":"AsteroidBelt","floor":32.0,"key":"SMITH"},{"data":"EnergyFlow","floor":40,"key":"SMITH"},{"data":"Acceleration","floor":42,"key":"SMITH"},{"data":"SporeBomb","floor":49,"key":"SMITH"}],"circlet_count":0,"master_deck":["Strike_MRS","Strike_MRS","Defend_MRS","Defend_MRS","Defend_MRS","Defend_MRS","UpSweep","AsteroidBelt+1","WitchLeyline","ShootingEcho","OortCloud+1","OrrerysSun","GalacticHalo+1","Acceleration+1","AbsoluteMagnitude+1","6A+1","EnergyFlow+1","EnergyFlow+1","NonDirectionalLaser+1","SporeBomb+1"],"relics":["BewitchedHakkero","Hammer of Thor","Seething Fire","Anvil of the Gods","Omamori","Bronze Scales","Ancient Tea Set","Peace Pipe","Ectoplasm","Pantograph","Pen Nib","HandmadeGrimoire","CaptainsWheel","Dream Catcher"],"acts_visited":["Exordium","TheCity","TheBeyond"],"potions_floor_usage":[50,50],"damage_taken":[{"damage":2.0,"enemies":"2 Louse","floor":1.0,"turns":3.0},{"damage":1.0,"enemies":"Cultist","floor":2.0,"turns":3.0},{"damage":1.0,"enemies":"Small Slimes","floor":3.0,"turns":3.0},{"damage":20.0,"enemies":"Gremlin Gang","floor":5.0,"turns":5.0},{"damage":18.0,"enemies":"Gremlin Nob","floor":6.0,"turns":3.0},{"damage":8.0,"enemies":"Blue Slaver","floor":8.0,"turns":4.0},{"damage":2.0,"enemies":"Lots of Slimes","floor":13.0,"turns":3.0},{"damage":6.0,"enemies":"Looter","floor":14.0,"turns":2.0},{"damage":34.0,"enemies":"The Guardian","floor":16.0,"turns":16.0},{"damage":8.0,"enemies":"2 Thieves","floor":18.0,"turns":4.0},{"damage":1.0,"enemies":"Shell Parasite","floor":20.0,"turns":5.0},{"damage":1.0,"enemies":"Centurion and Healer","floor":22.0,"turns":8.0},{"damage":4.0,"enemies":"Snake Plant","floor":24.0,"turns":5.0},{"damage":3.0,"enemies":"Book of Stabbing","floor":25.0,"turns":6.0},{"damage":0.0,"enemies":"Chosen and Byrds","floor":30.0,"turns":5.0},{"damage":0.0,"enemies":"Champ","floor":33.0,"turns":10.0},{"damage":11,"enemies":"3 Shapes","floor":35,"turns":5},{"damage":4,"enemies":"3 Darklings","floor":37,"turns":8},{"damage":14,"enemies":"Mind Bloom Boss Battle","floor":38,"turns":4},{"damage":0,"enemies":"Writhing Mass","floor":41,"turns":4},{"damage":0,"enemies":"Jaw Worm Horde","floor":46,"turns":5},{"damage":8,"enemies":"Time Eater","floor":50,"turns":4}],"seed_played":"-741100732244061495","potions_obtained":[{"floor":1.0,"key":"GamblersBrew"},{"floor":2.0,"key":"PowerPotion"},{"floor":6.0,"key":"BottledSpark"},{"floor":16.0,"key":"DuplicationPotion"},{"floor":24.0,"key":"Strength Potion"},{"floor":30.0,"key":"LiquidMemories"},{"floor":37,"key":"PowerPotion"}],"is_trial":false,"path_per_floor":["M","M","M","$","M","E","$","M","T","R","?","?","M","M","R","B",null,"M","?","M","?","M","R","M","E","T","R","$","?","M","$","R","B",null,"M","?","M","?","?","R","M","R","T","$","?","M","?","$","R","B",null],"character_chosen":"MARISA","items_purchased":["EnergyFlow","OrrerysSun","Bronze Scales","SporeBomb"],"campfire_rested":1,"item_purchase_floors":[4,7,7,44],"current_hp_per_floor":[66,65,64,64,44,26,26,18,18,38,60,60,58,52,52,18,56,48,48,47,68,67,67,63,60,60,60,60,60,60,60,60,68,68,57,57,53,54,54,54,54,54,54,54,54,54,54,54,54,60],"gold":34,"neow_bonus":"TWO_FIFTY_GOLD","is_daily":false,"chose_seed":false,"campfire_upgraded":7,"win_rate":0.0,"timestamp":1608773907,"path_taken":["M","M","M","$","M","E","$","M","T","R","?","?","M","?","R","BOSS","M","?","?","?","M","R","M","E","T","R","$","?","M","$","R","BOSS","M","?","?","?","?","R","M","R","T","$","?","M","?","$","R","BOSS"],"items_purchased_type":["Card","Card","Relic","Card"],"build_version":"2020-12-22","purchased_purges":2,"victory":true,"max_hp_per_floor":[68,68,68,68,68,68,68,68,68,68,68,68,68,68,68,68,68,68,68,68,68,68,68,68,68,68,68,68,68,68,68,68,68,68,68,68,68,68,68,68,68,68,68,68,68,68,68,68,68,68],"card_choices":[{"not_picked":["BlazeAway","DarkMatter"],"picked":"AsteroidBelt","floor":1.0},{"not_picked":["NonDirectionalLaser","WitchLeyline"],"picked":"SporeBomb","floor":2.0},{"not_picked":["DarkSpark","LuminesStrike"],"picked":"WitchLeyline","floor":3.0},{"not_picked":["AsteroidBelt","6A"],"picked":"ShootingEcho","floor":5.0},{"not_picked":["IllusionStar","MysteriousBeam"],"picked":"OortCloud","floor":6.0},{"not_picked":["SporeBomb","DarkSpark"],"picked":"GalacticHalo","floor":8.0},{"not_picked":["IllusionStar","ShootingEcho","DoubleSpark"],"picked":"SKIP","floor":13.0},{"not_picked":["NonDirectionalLaser","GasGiant"],"picked":"Acceleration","floor":14.0},{"not_picked":["BlazingStar","BigCrunch"],"picked":"AbsoluteMagnitude","floor":16.0},{"not_picked":["DoubleSpark","RefractionSpark+1"],"picked":"6A+1","floor":18.0},{"not_picked":["StarlightTyphoon","GravityBeat+1"],"picked":"DarkMatter","floor":20.0},{"not_picked":["StarBarrage","DoubleSpark","PowerUp+1"],"picked":"SKIP","floor":22.0},{"not_picked":["DeepEcoloBomb+1","RefractionSpark+1","EarthLightRay"],"picked":"SKIP","floor":24.0},{"not_picked":["GrandCross","Robbery","DragonMeteor"],"picked":"SKIP","floor":25.0},{"not_picked":["FinalSpark","DarkSpark","GasGiant+1"],"picked":"SKIP","floor":30.0},{"not_picked":["DragonMeteor+1","ShootingEcho+1","GrandCross"],"picked":"SKIP","floor":35},{"not_picked":["GalacticHalo+1","GravityBeat+1"],"picked":"EnergyFlow+1","floor":37},{"not_picked":["PowerUp","GravityBeat"],"picked":"NonDirectionalLaser+1","floor":41},{"not_picked":["UnstableBomb+1","GrandCross","MysteriousBeam+1"],"picked":"SKIP","floor":46}],"player_experience":1111789,"relics_obtained":[{"floor":6.0,"key":"Omamori"},{"floor":9.0,"key":"Ancient Tea Set"},{"floor":25.0,"key":"Pantograph"},{"floor":26.0,"key":"Pen Nib"},{"floor":38,"key":"CaptainsWheel"},{"floor":43,"key":"Dream Catcher"}],"event_choices":[{"damage_healed":22.0,"max_hp_gain":0.0,"max_hp_loss":0.0,"gold_gain":0.0,"event_name":"Big Fish","player_choice":"Banana","floor":11.0,"gold_loss":0.0,"damage_taken":0.0},{"damage_healed":0.0,"max_hp_gain":0.0,"max_hp_loss":0.0,"gold_gain":0.0,"event_name":"WeMeetAgain","player_choice":"Gave Potion","floor":12.0,"gold_loss":0.0,"damage_taken":0.0,"relics_obtained":["Peace Pipe"]},{"damage_healed":0.0,"max_hp_gain":0.0,"max_hp_loss":0.0,"gold_gain":0.0,"event_name":"The Woman in Blue","player_choice":"Bought 0 Potions","floor":19.0,"gold_loss":0.0,"damage_taken":0.0},{"damage_healed":22.0,"max_hp_gain":0.0,"max_hp_loss":0.0,"gold_gain":0.0,"event_name":"The Library","player_choice":"Heal","floor":21.0,"gold_loss":0.0,"damage_taken":0.0},{"damage_healed":0.0,"max_hp_gain":0.0,"max_hp_loss":0.0,"gold_gain":0.0,"event_name":"The Mausoleum","player_choice":"Opened","floor":29.0,"gold_loss":0.0,"damage_taken":0.0,"relics_obtained":["HandmadeGrimoire"]},{"cards_removed":["Strike_MRS"],"damage_healed":0,"gold_gain":0,"player_choice":"Offered Basic","damage_taken":0,"max_hp_gain":0,"max_hp_loss":0,"event_name":"Bonfire Elementals","floor":36,"gold_loss":0},{"damage_healed":0,"gold_gain":0,"player_choice":"Fight","damage_taken":0,"max_hp_gain":0,"max_hp_loss":0,"event_name":"MindBloom","floor":38,"gold_loss":0},{"damage_healed":0,"gold_gain":0,"player_choice":"Memory 1","damage_taken":0,"max_hp_gain":0,"max_hp_loss":0,"event_name":"SensoryStone","floor":39,"gold_loss":0},{"damage_healed":0,"gold_gain":0,"player_choice":"Ignored","damage_taken":0,"max_hp_gain":0,"max_hp_loss":0,"event_name":"Mysterious Sphere","floor":45,"gold_loss":0}],"is_beta":false,"boss_relics":[{"not_picked":["Pandora\u0027s Box","Snecko Eye"],"picked":"Ectoplasm"},{"not_picked":["Runic Dome","Fusion Hammer"],"picked":"BewitchedHakkero"}],"items_purged_floors":[7,31],"is_endless":false,"potions_floor_spawned":[1,2,6,16,24,30,37,41],"ascension_level":6}}