{"host":"f0gpob8hq9vgebej","time":1608823653,"event":{"mods":["AchievementEnabler","BaseMod","Minty Spire (QoL Compilation)","Quick Restart","SuperFastMode"],"gold_per_floor":[111,127,145,163,163,163,175,192,215,229,249,249,269,126,126,200,200,210,222,241,14,27,53,53,53,53,71,71,86,117,18,18,93,93,103,118,118,133,153,153,153,153,202,28,28,28],"floor_reached":45,"playtime":987,"items_purged":["Strike_G","Strike_G","Strike_G"],"score":747,"play_id":"5c645a0f-0766-485a-a509-b2f02b960553","local_time":"20201225002733","is_ascension_mode":true,"campfire_choices":[{"data":"Eviscerate","floor":6.0,"key":"SMITH"},{"floor":12.0,"key":"REST"},{"data":"Accuracy","floor":15.0,"key":"SMITH"},{"floor":25.0,"key":"REST"},{"floor":28.0,"key":"REST"},{"floor":32.0,"key":"REST"},{"data":"Envenom","floor":40,"key":"SMITH"}],"circlet_count":0,"master_deck":["AscendersBane","Strike_G+1","Strike_G+1","Defend_G+1","Defend_G","Defend_G","Defend_G","Defend_G","Survivor","Eviscerate+1","Blade Dance+1","Acrobatics","Backstab","Blade Dance","Accuracy+1","Phantasmal Killer","Tactician","Prepared","Prepared+1","Accuracy","PiercingWail","Acrobatics+1","Decay","Envenom+1","Acrobatics","Blade Dance"],"relics":["Ring of the Snake","NeowsBlessing","War Paint","HoveringKite","Art of War","Ginger","Whetstone","WristBlade","Ancient Tea Set","Dream Catcher"],"acts_visited":["Exordium","TheCity","TheBeyond"],"potions_floor_usage":[39],"damage_taken":[{"damage":0.0,"enemies":"Cultist","floor":1.0,"turns":1.0},{"damage":0.0,"enemies":"2 Louse","floor":2.0,"turns":1.0},{"damage":0.0,"enemies":"Jaw Worm","floor":3.0,"turns":1.0},{"damage":7.0,"enemies":"3 Louse","floor":4.0,"turns":6.0},{"damage":18.0,"enemies":"Exordium Wildlife","floor":7.0,"turns":5.0},{"damage":24.0,"enemies":"Gremlin Gang","floor":8.0,"turns":6.0},{"damage":10.0,"enemies":"Large Slime","floor":10.0,"turns":6.0},{"damage":3.0,"enemies":"Blue Slaver","floor":11.0,"turns":3.0},{"damage":0.0,"enemies":"3 Louse","floor":13.0,"turns":4.0},{"damage":22.0,"enemies":"Slime Boss","floor":16.0,"turns":7.0},{"damage":9.0,"enemies":"Shell Parasite","floor":18.0,"turns":4.0},{"damage":0.0,"enemies":"Spheric Guardian","floor":19.0,"turns":2.0},{"damage":21.0,"enemies":"Snake Plant","floor":20.0,"turns":5.0},{"damage":20.0,"enemies":"Centurion and Healer","floor":22.0,"turns":5.0},{"damage":1.0,"enemies":"Slavers","floor":23.0,"turns":3.0},{"damage":19.0,"enemies":"Snecko","floor":27.0,"turns":5.0},{"damage":8.0,"enemies":"Chosen and Byrds","floor":29.0,"turns":5.0},{"damage":6.0,"enemies":"Gremlin Leader","floor":30.0,"turns":6.0},{"damage":20.0,"enemies":"Automaton","floor":33.0,"turns":4.0},{"damage":10.0,"enemies":"3 Darklings","floor":35.0,"turns":4.0},{"damage":5.0,"enemies":"Orb Walker","floor":36.0,"turns":2.0},{"damage":10.0,"enemies":"Jaw Worm Horde","floor":38.0,"turns":3.0},{"damage":20,"enemies":"Writhing Mass","floor":39,"turns":4},{"damage":17,"enemies":"Transient","floor":45,"turns":2}],"seed_played":"8634122835271472872","potions_obtained":[{"floor":1.0,"key":"SkillPotion"},{"floor":2.0,"key":"Weak Potion"},{"floor":4.0,"key":"PowerPotion"},{"floor":8.0,"key":"LiquidBronze"},{"floor":22.0,"key":"DistilledChaos"},{"floor":27.0,"key":"Swift Potion"},{"floor":29.0,"key":"LiquidMemories"},{"floor":30.0,"key":"Strength Potion"},{"floor":33.0,"key":"SteroidPotion"}],"is_trial":false,"path_per_floor":["M","M","M","M","?","R","M","M","T","M","M","R","M","$","R","B",null,"M","M","M","$","M","E","?","R","T","M","R","M","E","$","R","B",null,"M","M","?","M","M","R","?","?","T","$","M"],"character_chosen":"THE_SILENT","items_purchased":["Accuracy","Accuracy","Dexterity Potion","EntropicBrew","SkillPotion"],"campfire_rested":4,"item_purchase_floors":[14,21,21,31,44],"current_hp_per_floor":[63,63,63,56,61,61,43,19,19,9,6,28,28,28,28,6,58,49,49,28,28,8,7,7,29,29,10,32,24,18,18,40,20,61,51,46,46,36,16,16,16,16,16,16,0,0],"gold":28,"neow_bonus":"THREE_ENEMY_KILL","is_daily":false,"chose_seed":false,"campfire_upgraded":3,"win_rate":0.0,"timestamp":1608823653,"path_taken":["M","M","M","M","?","R","M","M","T","M","M","R","M","$","R","BOSS","M","M","M","$","M","E","?","R","T","M","R","?","E","$","R","BOSS","M","M","?","?","M","R","?","?","T","?","?"],"items_purchased_type":["Card","Card","Potion","Potion","Potion"],"build_version":"2020-12-22","purchased_purges":3,"victory":false,"max_hp_per_floor":[70,70,70,70,75,75,75,75,75,75,75,75,75,75,75,75,75,75,75,75,75,75,75,75,75,75,75,75,75,75,75,75,75,75,75,75,75,75,75,75,75,75,75,75,75,75],"card_choices":[{"not_picked":["Outmaneuver","Bane","Blur"],"picked":"SKIP","floor":1.0},{"not_picked":["Dagger Throw","Skewer","Endless Agony"],"picked":"SKIP","floor":2.0},{"not_picked":["Sucker Punch","Heel Hook","Underhanded Strike"],"picked":"SKIP","floor":3.0},{"not_picked":["Quick Slash","Outmaneuver"],"picked":"Eviscerate","floor":4.0},{"not_picked":["Eviscerate","Acrobatics"],"picked":"Blade Dance","floor":7.0},{"not_picked":["Backflip","Terror"],"picked":"Acrobatics","floor":8.0},{"not_picked":["Endless Agony","Flechettes"],"picked":"Backstab","floor":10.0},{"not_picked":["Dodge and Roll","Flying Knee","Deflect"],"picked":"SKIP","floor":11.0},{"not_picked":["Concentrate","Eviscerate"],"picked":"Blade Dance","floor":13.0},{"not_picked":["Adrenaline","Die Die Die"],"picked":"Phantasmal Killer","floor":16.0},{"not_picked":["Blade Dance","Setup"],"picked":"Tactician","floor":18.0},{"not_picked":["Cloak And Dagger+1","Infinite Blades"],"picked":"Prepared","floor":19.0},{"not_picked":["Eviscerate","Blade Dance"],"picked":"Prepared+1","floor":20.0},{"not_picked":["Dodge and Roll","Deflect"],"picked":"PiercingWail","floor":22.0},{"not_picked":["Slice","Poisoned Stab"],"picked":"Acrobatics+1","floor":23.0},{"not_picked":["All Out Attack","Eviscerate"],"picked":"Envenom","floor":27.0},{"not_picked":["Masterful Stab","Flying Knee","Bane"],"picked":"SKIP","floor":29.0},{"not_picked":["All Out Attack","Leg Sweep","Dagger Spray"],"picked":"SKIP","floor":30.0},{"not_picked":["PiercingWail","Infinite Blades+1","Dagger Spray"],"picked":"SKIP","floor":35.0},{"not_picked":["Catalyst","Blur"],"picked":"Acrobatics","floor":36.0},{"not_picked":["Dodge and Roll","Masterful Stab"],"picked":"Blade Dance","floor":38.0},{"not_picked":["Prepared","Setup+1","Quick Slash"],"picked":"SKIP","floor":39}],"player_experience":119460,"relics_obtained":[{"floor":9.0,"key":"War Paint"},{"floor":23.0,"key":"Art of War"},{"floor":26.0,"key":"Ginger"},{"floor":30.0,"key":"Whetstone"},{"floor":37.0,"key":"Ancient Tea Set"},{"floor":43,"key":"Dream Catcher"}],"event_choices":[{"damage_healed":0.0,"max_hp_gain":5.0,"max_hp_loss":0.0,"gold_gain":0.0,"event_name":"Big Fish","player_choice":"Donut","floor":5.0,"gold_loss":0.0,"damage_taken":0.0},{"damage_healed":0.0,"max_hp_gain":0.0,"max_hp_loss":0.0,"gold_gain":0.0,"event_name":"Wheel of Change","player_choice":"Cursed","floor":24.0,"gold_loss":0.0,"damage_taken":0.0,"cards_obtained":["Decay"]},{"damage_healed":0.0,"max_hp_gain":0.0,"max_hp_loss":0.0,"gold_gain":0.0,"event_name":"Wheel of Change","player_choice":"Relic","floor":37.0,"gold_loss":0.0,"damage_taken":0.0},{"cards_removed":["Neutralize"],"damage_healed":0,"gold_gain":0,"player_choice":"Removed Attack","damage_taken":0,"max_hp_gain":0,"max_hp_loss":0,"event_name":"Falling","floor":41,"gold_loss":0},{"damage_healed":0,"gold_gain":0,"player_choice":"Ignored","damage_taken":0,"max_hp_gain":0,"max_hp_loss":0,"event_name":"Tomb of Lord Red Mask","floor":42,"gold_loss":0}],"is_beta":false,"boss_relics":[{"not_picked":["Cursed Key","Empty Cage"],"picked":"HoveringKite"},{"not_picked":["Black Star","Astrolabe"],"picked":"WristBlade"}],"items_purged_floors":[14,21,44],"is_endless":false,"potions_floor_spawned":[1,2,4,7,8,22,27,29,30,33],"killed_by":"Transient","ascension_level":13}}