{"host":"jlioisuqr94vbevf","time":1608808127,"event":{"mods":["BaseMod","Colored Powertips","Minty Spire (QoL Compilation)","StSLib"],"gold_per_floor":[12,31,41,41,59,59,69,69,69],"floor_reached":8,"playtime":382,"items_purged":[],"score":68,"play_id":"838afc17-7c08-4473-9b31-172fa0ea79bf","local_time":"20201224120847","is_ascension_mode":true,"campfire_choices":[{"data":"Distraction","floor":6,"key":"SMITH"}],"circlet_count":0,"master_deck":["Strike_G","Strike_G","Strike_G","Strike_G","Defend_G","Defend_G","Defend_G","Defend_G","Defend_G","Survivor","Neutralize","Sucker Punch","Distraction+1","Dagger Spray","Flying Knee","Leg Sweep"],"relics":["Ring of the Snake","Turnip"],"acts_visited":["Exordium"],"potions_floor_usage":[],"damage_taken":[{"damage":0,"enemies":"Small Slimes","floor":1,"turns":3},{"damage":5,"enemies":"Jaw Worm","floor":2,"turns":5},{"damage":0,"enemies":"Cultist","floor":3,"turns":3},{"damage":12,"enemies":"Gremlin Gang","floor":5,"turns":5},{"damage":3,"enemies":"Looter","floor":7,"turns":3},{"damage":10,"enemies":"Lagavulin","floor":8,"turns":5}],"seed_played":"1467892068164056498","potions_obtained":[{"floor":1,"key":"GamblersBrew"},{"floor":5,"key":"DuplicationPotion"}],"is_trial":false,"path_per_floor":["M","M","M","?","M","R","M","E"],"character_chosen":"THE_SILENT","items_purchased":[],"campfire_rested":0,"item_purchase_floors":[],"current_hp_per_floor":[63,58,58,51,39,39,36,26,26],"gold":69,"neow_bonus":"ONE_RARE_RELIC","is_daily":false,"chose_seed":false,"campfire_upgraded":1,"win_rate":0.0,"timestamp":1608808127,"path_taken":["M","M","M","?","M","R","M","E"],"items_purchased_type":[],"build_version":"2020-12-22","purchased_purges":0,"victory":false,"max_hp_per_floor":[70,70,70,70,70,70,70,70,70],"card_choices":[{"not_picked":["PiercingWail","Underhanded Strike"],"picked":"Sucker Punch","floor":1},{"not_picked":["Expertise","Outmaneuver"],"picked":"Distraction","floor":2},{"not_picked":["Prepared","Underhanded Strike"],"picked":"Dagger Spray","floor":3},{"not_picked":["All Out Attack","Prepared"],"picked":"Flying Knee","floor":5},{"not_picked":["Bouncing Flask","Riddle With Holes"],"picked":"Leg Sweep","floor":7}],"player_experience":348674,"relics_obtained":[],"event_choices":[{"cards_removed":["Strike_G"],"damage_healed":0,"gold_gain":0,"player_choice":"Card Removal","damage_taken":7,"max_hp_gain":0,"max_hp_loss":0,"event_name":"Golden Wing","floor":4,"gold_loss":0}],"is_beta":false,"boss_relics":[],"items_purged_floors":[],"is_endless":false,"potions_floor_spawned":[1,5],"killed_by":"Lagavulin","ascension_level":7}}