{"host":"3c27c697js19kaoo","time":1608783017,"event":{"mods":["ATMod(阿瑾Mod)","Aspiration","BaseMod","CapriCore","Dota2Spire","Hermit","Minty Spire (QoL Compilation)","Quick Restart","Remilia（蕾米莉亚）","Replay The Spire","Robot Space Explorer","RumiaBox-露米娅的神秘盒子","Spicy Shops","StSLib","The Alterego","The Cursed","The Runesmith","The Servant 0.9.4","vexMod","【功能Mod】混沌之环修复补丁","【遗物卡牌】REMEMod"],"gold_per_floor":[118,137,137,70,70,70,102,114,185,201,214,240,240,260,260,360,360,394,141,161,177,177,206,10,133,201,201,292,12,72,141,141,265,265,409,3,3,3,38,93,93,150,173,330,330,456,853,853,853,931],"floor_reached":51,"playtime":3365,"items_purged":[],"score":1051,"play_id":"c147483c-ad76-4c4d-ae9a-c45b7cd027ad","local_time":"20201224121017","is_ascension_mode":true,"campfire_choices":[{"data":"AT_RealColorLess","floor":6,"key":"SMITH"},{"data":"hermit:GoldenBullet","floor":15,"key":"SMITH"},{"floor":32,"key":"REST"},{"data":"hermit:FromBeyond","floor":41,"key":"SMITH"},{"data":"hermit:Determination","floor":41,"key":"SMITH"},{"data":"hermit:Maintenance","floor":45,"key":"SMITH"},{"data":"hermit:FullyLoaded","floor":45,"key":"SMITH"},{"floor":49,"key":"REST"}],"circlet_count":0,"master_deck":["hermit:Strike_Hermit+1","hermit:Strike_Hermit+1","hermit:Strike_Hermit+1","hermit:Strike_Hermit+1","hermit:Defend_Hermit+1","hermit:Defend_Hermit+1","hermit:Defend_Hermit+1","hermit:Snapshot","hermit:Covet","AT_RealColorLess+1","RobotSpaceExplorer:Comet+1","hermit:Showdown+1","hermit:FullyLoaded+1","hermit:Determination+1","hermit:FlashPowder","hermit:Quickdraw","hermit:Maintenance+1","hermit:GoldenBullet+1","hermit:Dissolve","hermit:LoneWolf+1","hermit:FromBeyond+1","Dramatic Entrance+1","hermit:FlashPowder+1","hermit:BigShot+1","Master of Strategy","Languid"],"relics":["hermit:Momento","REME_ComplimentaryCards","AT_ATBox","NeowsBlessing","AT_Manta","AT_EbonyIvory","LastBattle","Smiling Mask","Black Star","Bottled Flame","AT_MibuBalloonWealth","Iron Hammer","BargainBundle","vexMod:Dragonfruit","Membership Card","Eternal Feather","Replay:Rubber Ducky","Dota2Spire:BlackKingBar","REME_LowDesire","Replay:Wax Seal","Dota2Spire:LotusOrb","Dota2Spire:AghanimScepter","Runesmith:AutoHammer","Replay:Ringing Soul","Vajra","ClockworkSouvenir","Replay:Arrowhead","AT_ChloranthyRing","Happy Flower","Whetstone","Kunai","Regal Pillow","Replay:Bandana","Dota2Spire:PhaseBoots","vexMod:CardConverter","Old Coin","ReplayTheSpireMod:Ring of Collecting"],"acts_visited":["Exordium","TheCity","TheBeyond"],"potions_floor_usage":[12,16,20,23,33,33,33,44,47,47],"damage_taken":[{"damage":0,"enemies":"Jaw Worm","floor":1,"turns":1},{"damage":0,"enemies":"Small Slimes","floor":2,"turns":1},{"damage":0,"enemies":"Gremlin Nob","floor":7,"turns":1},{"damage":1,"enemies":"Cultist","floor":8,"turns":3},{"damage":10,"enemies":"Blue Slaver","floor":10,"turns":3},{"damage":2,"enemies":"Gremlin Gang","floor":11,"turns":3},{"damage":0,"enemies":"Lagavulin","floor":12,"turns":3},{"damage":2,"enemies":"Looter","floor":14,"turns":3},{"damage":39,"enemies":"The Guardian","floor":16,"turns":10},{"damage":6,"enemies":"Chosen","floor":18,"turns":4},{"damage":2,"enemies":"2 Thieves","floor":20,"turns":4},{"damage":19,"enemies":"Snake Plant","floor":21,"turns":7},{"damage":49,"enemies":"Slavers","floor":23,"turns":7},{"damage":14,"enemies":"Snecko","floor":25,"turns":4},{"damage":2,"enemies":"3 Cultists","floor":28,"turns":6},{"damage":4,"enemies":"Book of Stabbing","floor":30,"turns":4},{"damage":0,"enemies":"Shelled Parasite and Fungi","floor":31,"turns":3},{"damage":12,"enemies":"Champ","floor":33,"turns":7},{"damage":16,"enemies":"3 Darklings","floor":35,"turns":5},{"damage":0,"enemies":"Orb Walker","floor":39,"turns":2},{"damage":37,"enemies":"Nemesis","floor":40,"turns":5},{"damage":4,"enemies":"Giant Head","floor":42,"turns":5},{"damage":0,"enemies":"Reptomancer","floor":44,"turns":4},{"damage":34,"enemies":"2 Orb Walkers","floor":46,"turns":3},{"damage":0,"enemies":"Mind Bloom Boss Battle","floor":47,"turns":2},{"damage":0,"enemies":"Donu and Deca","floor":50,"turns":5}],"seed_played":"-3674230576263878071","potions_obtained":[{"floor":8,"key":"Adrenaline Potion"},{"floor":11,"key":"Block Potion"},{"floor":16,"key":"DuplicationPotion"},{"floor":18,"key":"ColorlessPotion"},{"floor":40,"key":"SkillPotion"},{"floor":44,"key":"SteroidPotion"},{"floor":46,"key":"FearPotion"}],"is_trial":false,"path_per_floor":["M","M","?","$","?","R","E","M","T","M","M","E","?","M","R","B",null,"M","$","M","M","?","E","$","M","T","?","M","$","E","M","R","B",null,"M","$","?","$","M","E","R","E","T","E","R","?","?","?","R","B",null],"character_chosen":"HERMIT","items_purchased":["hermit:Determination","Bottled Flame","BargainBundle","DuplicationPotion","BlessingOfTheForge","BlessingOfTheForge","Membership Card","Eternal Feather","Dota2Spire:AghanimScepter","Runesmith:AutoHammer","Replay:Ringing Soul","Vajra","ClockworkSouvenir"],"campfire_rested":2,"item_purchase_floors":[4,19,24,24,24,24,29,29,36,36,36,36,36],"current_hp_per_floor":[75,75,63,63,63,63,63,62,62,52,50,50,75,73,73,34,75,69,69,67,48,48,19,19,5,10,10,8,8,4,4,40,28,80,64,64,64,64,64,30,42,41,41,44,56,27,27,32,91,91],"gold":931,"neow_bonus":"THREE_ENEMY_KILL","is_daily":false,"chose_seed":false,"campfire_upgraded":6,"win_rate":0.0,"timestamp":1608783017,"path_taken":["M","M","?","$","?","R","E","M","T","M","?","E","?","M","R","BOSS","M","$","?","M","?","E","?","M","T","?","M","$","E","M","R","BOSS","M","$","?","$","?","E","R","E","T","E","R","?","?","?","R","BOSS"],"items_purchased_type":["Card","Relic","Relic","Potion","Potion","Potion","Relic","Relic","Relic","Relic","Relic","Relic","Relic"],"build_version":"2020-12-22","purchased_purges":0,"victory":true,"max_hp_per_floor":[75,75,75,75,75,75,75,75,75,75,75,75,75,75,75,75,75,75,75,75,75,75,75,75,75,80,80,80,80,80,80,80,80,80,80,80,80,80,80,83,83,86,86,89,89,94,94,99,99,99],"card_choices":[{"not_picked":["hermit:GhostlyPresence","hermit:Headshot"],"picked":"hermit:Showdown","floor":1},{"not_picked":["hermit:Desperado","hermit:Roulette"],"picked":"hermit:FullyLoaded","floor":2},{"not_picked":["hermit:LoneWolf","hermit:EyeOfTheStorm","hermit:ItchyTrigger"],"picked":"SKIP","floor":7},{"not_picked":["hermit:Glare","hermit:Combo"],"picked":"hermit:FlashPowder","floor":8},{"not_picked":["hermit:SprayPray","hermit:EyeOfTheStorm"],"picked":"hermit:Quickdraw","floor":10},{"not_picked":["hermit:Glare","hermit:Vantage"],"picked":"hermit:Maintenance","floor":11},{"not_picked":["hermit:Manifest","hermit:Spite"],"picked":"hermit:Enervate","floor":12},{"not_picked":["hermit:Reprieve","hermit:Coalescence"],"picked":"hermit:GoldenBullet","floor":14},{"not_picked":["hermit:Roughhouse","hermit:Magnum"],"picked":"hermit:Dissolve","floor":16},{"not_picked":["hermit:SprayPray","hermit:HighCaliber","hermit:EyeOfTheStorm"],"picked":"SKIP","floor":18},{"not_picked":["hermit:Spite+1","hermit:ItchyTrigger","hermit:Ricochet"],"picked":"SKIP","floor":20},{"not_picked":["hermit:Combo","hermit:Feint","hermit:Vantage"],"picked":"SKIP","floor":21},{"not_picked":["hermit:Enervate+1","hermit:Vantage+1","hermit:Glare+1"],"picked":"SKIP","floor":23},{"not_picked":["hermit:BodyArmor","hermit:Gambit"],"picked":"hermit:LoneWolf+1","floor":25},{"not_picked":["hermit:HighCaliber","hermit:TakeAim","hermit:Ricochet"],"picked":"SKIP","floor":28},{"not_picked":["hermit:Manifest","hermit:Gestalt+1","hermit:HighCaliber+1"],"picked":"SKIP","floor":30},{"not_picked":["hermit:SprayPray","hermit:HighCaliber","hermit:HoleUp"],"picked":"SKIP","floor":31},{"not_picked":["hermit:EternalForm","hermit:Reprieve"],"picked":"hermit:FromBeyond","floor":33},{"not_picked":["hermit:Roulette","hermit:Midnight+1","hermit:Dive+1","Replay:Sssssssssstrike+1"],"picked":"SKIP","floor":35},{"not_picked":["hermit:Vantage","hermit:HoleUp+1","hermit:Snipe+1","REME_BodyOfCthun"],"picked":"SKIP","floor":39},{"not_picked":["hermit:FullyLoaded","hermit:Reprieve","hermit:PistolWhip+1"],"picked":"Dramatic Entrance","floor":40},{"not_picked":["hermit:Vantage+1","hermit:Roulette","REME_TheoryOfElimination+1"],"picked":"hermit:FlashPowder+1","floor":42},{"not_picked":["hermit:TrackingShot+1","hermit:Enervate","Mind Blast+1"],"picked":"hermit:BigShot+1","floor":44},{"not_picked":["hermit:Feint","hermit:Coalescence","hermit:GhostlyPresence"],"picked":"Master of Strategy","floor":46}],"player_experience":177221,"relics_obtained":[{"floor":7,"key":"AT_EbonyIvory"},{"floor":9,"key":"LastBattle"},{"floor":12,"key":"Smiling Mask"},{"floor":23,"key":"AT_MibuBalloonWealth"},{"floor":23,"key":"Iron Hammer"},{"floor":26,"key":"vexMod:Dragonfruit"},{"floor":30,"key":"Replay:Rubber Ducky"},{"floor":30,"key":"Dota2Spire:BlackKingBar"},{"floor":34,"key":"Replay:Wax Seal"},{"floor":34,"key":"Dota2Spire:LotusOrb"},{"floor":40,"key":"AT_ChloranthyRing"},{"floor":40,"key":"Happy Flower"},{"floor":42,"key":"Whetstone"},{"floor":42,"key":"Kunai"},{"floor":43,"key":"Regal Pillow"},{"floor":44,"key":"Replay:Bandana"},{"floor":44,"key":"Dota2Spire:PhaseBoots"},{"floor":46,"key":"vexMod:CardConverter"},{"floor":47,"key":"Old Coin"},{"floor":48,"key":"ReplayTheSpireMod:Ring of Collecting"}],"event_choices":[{"damage_healed":0,"gold_gain":0,"player_choice":"Success","damage_taken":12,"relics_obtained":["AT_Manta"],"max_hp_gain":0,"max_hp_loss":0,"event_name":"Scrap Ooze","floor":3,"gold_loss":0},{"damage_healed":0,"gold_gain":0,"player_choice":"Upgraded","damage_taken":0,"max_hp_gain":0,"max_hp_loss":0,"event_name":"Upgrade Shrine","floor":5,"gold_loss":0,"cards_upgraded":["RobotSpaceExplorer:Comet"]},{"cards_removed":["hermit:Enervate"],"damage_healed":25,"gold_gain":0,"player_choice":"Offered Uncommon","damage_taken":0,"max_hp_gain":0,"max_hp_loss":0,"event_name":"Bonfire Elementals","floor":13,"gold_loss":0},{"cards_removed":["hermit:Defend_Hermit"],"damage_healed":0,"gold_gain":0,"player_choice":"Purged","damage_taken":0,"max_hp_gain":0,"max_hp_loss":0,"event_name":"Purifier","floor":22,"gold_loss":0},{"damage_healed":0,"gold_gain":0,"player_choice":"Simplicity","damage_taken":0,"max_hp_gain":0,"max_hp_loss":0,"event_name":"Back to Basics","floor":27,"gold_loss":0,"cards_upgraded":["hermit:Strike_Hermit","hermit:Strike_Hermit","hermit:Strike_Hermit","hermit:Strike_Hermit","hermit:Defend_Hermit","hermit:Defend_Hermit","hermit:Defend_Hermit"]},{"damage_healed":0,"gold_gain":0,"player_choice":"Gave Potion","damage_taken":0,"relics_obtained":["Replay:Arrowhead"],"max_hp_gain":0,"max_hp_loss":0,"event_name":"WeMeetAgain","floor":37,"gold_loss":0},{"damage_healed":0,"gold_gain":0,"player_choice":"Fight","damage_taken":0,"max_hp_gain":0,"max_hp_loss":0,"event_name":"Mysterious Sphere","floor":46,"gold_loss":0},{"damage_healed":0,"gold_gain":0,"player_choice":"Fight","damage_taken":0,"max_hp_gain":0,"max_hp_loss":0,"event_name":"MindBloom","floor":47,"gold_loss":0}],"is_beta":false,"boss_relics":[{"not_picked":["Coffee Dripper","SacredBark"],"picked":"Black Star"},{"not_picked":["vexMod:CursedCompass","Replay:Bronze Core"],"picked":"REME_LowDesire"}],"items_purged_floors":[],"is_endless":false,"potions_floor_spawned":[8,11,16,18,25,28,30,40,44,46],"ascension_level":1}}