{"host":"igi9xpgoc000gxf5","time":1608776291,"event":{"mods":["BaseMod","Colored Powertips","Downfall","Googly Eyes","Minty Spire (QoL Compilation)","StSLib"],"gold_per_floor":[99,118,133,153,153,163,186,186,136,155,30,40,40,56,71,172,172,122,133,147,147,158,106,176,195,145,159,109,125,143,143,160,264,264,214,231,246,259,259,259,285,48,60,10,37,37,37,53,67,67,67,67],"floor_reached":50,"playtime":2597,"items_purged":["Normality"],"score":549,"play_id":"e6ee27e9-d543-4ec6-8ff4-f25825afdec3","local_time":"20201224031811","is_ascension_mode":false,"campfire_choices":[{"data":"Slimebound:CorrosiveSpit","floor":1.0,"key":"SMITH"},{"floor":9,"key":"RECALL"},{"floor":11,"key":"REST"},{"floor":13,"key":"REST"},{"data":"Slimebound:RainOfGoop","floor":18,"key":"SMITH"},{"floor":26,"key":"REST"},{"floor":28,"key":"REST"},{"data":"Slimebound:Gluttony","floor":35,"key":"SMITH"},{"floor":44,"key":"REST"},{"floor":46,"key":"REST"}],"circlet_count":0,"master_deck":["Slimebound:Strike_Slimebound","Slimebound:Strike_Slimebound","Slimebound:Strike_Slimebound","Slimebound:Tackle","Slimebound:Defend_Slimebound","Slimebound:Defend_Slimebound","Slimebound:Defend_Slimebound","Slimebound:Split+1","Slimebound:CorrosiveSpit+1","Slimebound:RejuvenatingLick","Slimebound:SplitBruiser","Slimebound:GoopSpray","Slimebound:SlimeSpikes","Slimebound:SamplingLick","Slimebound:PressTheAttack","Slimebound:RainOfGoop+1","Slimebound:SplitBruiser","Slimebound:RallyTheTroops","Slimebound:SplitBruiser+1","Slimebound:SplitMire","Slimebound:SlimeBarrage+1","Slimebound:TongueLash","Slimebound:Gluttony+1","Slimebound:SlimeBarrage+1","Slimebound:SamplingLick","Slimebound:MegaLick+1","Slimebound:HauntingLick+1","Slimebound:Teamwork","Slimebound:FormOfPuddle","Slimebound:GoopTackle","Slimebound:Equalize+1","Slimebound:Icky","Slimebound:Icky","Slimebound:SlimeSpikes+1","Slimebound:LevelUp","Slimebound:SplitBruiser","Slimebound:SlimeBarrage","Slimebound:SamplingLick","Slimebound:AcidTongue+1","Slimebound:SlimeSlap","Slimebound:GoopSpray+1","Slimebound:SplitMire+1"],"relics":["Slimebound:AbsorbEndCombatUpgraded","Slimebound:GreedOozeRelic","Bag of Marbles","downfall:HeartBlessingRed","Cursed Key","Kunai","Potion Belt","Chemical X","Omamori","Strawberry"],"acts_visited":["Exordium","TheCity","TheBeyond"],"potions_floor_usage":[16,23,30,33,49,49,50,50],"damage_taken":[{"damage":11.0,"enemies":"2 Louse","floor":2.0,"turns":2.0},{"damage":11,"enemies":"Cultist","floor":3,"turns":3},{"damage":20,"enemies":"Small Slimes","floor":4,"turns":3},{"damage":26,"enemies":"Exordium Thugs","floor":6,"turns":3},{"damage":19,"enemies":"3 Louse","floor":10,"turns":2},{"damage":11,"enemies":"2 Fungi Beasts","floor":12,"turns":3},{"damage":8,"enemies":"Red Slaver","floor":14,"turns":3},{"damage":1,"enemies":"3 Louse","floor":15,"turns":3},{"damage":47,"enemies":"downfall:Watcher","floor":16,"turns":5},{"damage":15,"enemies":"Spheric Guardian","floor":19,"turns":2},{"damage":42,"enemies":"Centurion and Healer","floor":20,"turns":4},{"damage":19,"enemies":"Snecko","floor":22,"turns":3},{"damage":32,"enemies":"downfall:FleeingMerchant","floor":23,"turns":4},{"damage":39,"enemies":"Sentry and Sphere","floor":25,"turns":4},{"damage":16,"enemies":"Snake Plant","floor":27,"turns":2},{"damage":40,"enemies":"3 Cultists","floor":29,"turns":4},{"damage":18,"enemies":"Chosen and Byrds","floor":30,"turns":2},{"damage":13,"enemies":"Cultist and Chosen","floor":32,"turns":4},{"damage":23,"enemies":"downfall:Defect","floor":33,"turns":6},{"damage":26,"enemies":"3 Darklings","floor":36,"turns":4},{"damage":12,"enemies":"3 Shapes","floor":37,"turns":2},{"damage":17,"enemies":"Transient","floor":38,"turns":5},{"damage":7,"enemies":"downfall:FleeingMerchant","floor":42,"turns":4},{"damage":34,"enemies":"Spire Growth","floor":43,"turns":4},{"damage":57,"enemies":"Giant Head","floor":45,"turns":7},{"damage":25,"enemies":"Sphere and 2 Shapes","floor":48,"turns":4},{"damage":44,"enemies":"Jaw Worm Horde","floor":49,"turns":3},{"damage":94,"enemies":"downfall:Silent","floor":50,"turns":7}],"seed_played":"1132552785408288115","potions_obtained":[{"floor":2.0,"key":"Slimebound:ThreeZeroPotion"},{"floor":3,"key":"Explosive Potion"},{"floor":4,"key":"FearPotion"},{"floor":14,"key":"sneckomod:MuddlingPotion"},{"floor":16,"key":"Weak Potion"},{"floor":19,"key":"Slimebound:SlimyTonguePotion"},{"floor":22,"key":"DistilledChaos"},{"floor":30,"key":"Weak Potion"},{"floor":31,"key":"downfall:CursedFountainPotion"},{"floor":33,"key":"SkillPotion"},{"floor":37,"key":"Energy Potion"},{"floor":48,"key":"ColorlessPotion"}],"is_trial":false,"path_per_floor":["R","M","M","M","?","M","T","?","R","M","R","M","R","M","M","B",null,"R","M","M","?","M","$","T","M","R","M","R","M","M","?","M","B",null,"R","M","M","M","T","?","T","$","M","R","E","R","?","M","M","B"],"character_chosen":"SLIMEBOUND","items_purchased":["Slimebound:TongueLash","Slimebound:LevelUp","Chemical X","Omamori","Slimebound:SplitBruiser","Slimebound:SlimeBarrage"],"campfire_rested":6,"item_purchase_floors":[23,42,42,42,42,42],"current_hp_per_floor":[60,59,60,56,56,44,44,44,44,41,59,59,60,52,57,38,60,60,59,40,40,41,43,43,34,52,46,60,41,39,39,42,51,60,60,56,56,60,60,60,60,60,49,60,44,64,64,58,42,0,0,0],"gold":67,"neow_bonus":"UPGRADE_CARD","is_daily":false,"chose_seed":false,"campfire_upgraded":3,"win_rate":0.0,"timestamp":1608776291,"path_taken":["R","M","M","M","?","M","T","?","R","M","R","M","R","?","M","BOSS","R","M","M","?","?","$","T","M","R","M","R","M","M","?","M","BOSS","R","M","M","?","?","?","T","$","M","R","E","R","?","?","M","BOSS"],"items_purchased_type":["Card","Card","Relic","Relic","Card","Card"],"build_version":"2020-12-22","purchased_purges":1,"victory":false,"max_hp_per_floor":[60,60,60,60,60,60,60,60,60,60,60,60,60,60,60,60,60,60,60,60,60,60,60,60,60,60,60,60,60,60,60,60,60,60,60,60,60,60,60,60,60,60,60,60,67,67,67,67,67,67,67,67],"card_choices":[{"not_picked":["Slimebound:Recollect","Slimebound:GrowthPunch"],"picked":"Slimebound:RejuvenatingLick","floor":2.0},{"not_picked":["Slimebound:SlimeSpikes","Slimebound:ServeAndProtect"],"picked":"Slimebound:SplitBruiser","floor":3},{"not_picked":["Slimebound:DivideAndConquer","Slimebound:Dissolve"],"picked":"Slimebound:GoopSpray","floor":4},{"not_picked":["Slimebound:FinishingTackle","Slimebound:LeadByExample"],"picked":"Slimebound:SlimeSpikes","floor":6},{"not_picked":["Slimebound:Repurpose","Slimebound:TongueLash"],"picked":"Slimebound:SamplingLick","floor":10},{"not_picked":["Slimebound:SpikyOuterGoop","Slimebound:GoopTackle"],"picked":"Slimebound:PressTheAttack","floor":12},{"not_picked":["Slimebound:RejuvenatingLick","Slimebound:ItLooksTasty"],"picked":"Slimebound:RainOfGoop","floor":14},{"not_picked":["Slimebound:Dissolve","Slimebound:LevelUp"],"picked":"Slimebound:SplitBruiser","floor":15},{"not_picked":["Slimebound:MinionMaster","Slimebound:PrepareCrush"],"picked":"Slimebound:RallyTheTroops","floor":16},{"not_picked":["Slimebound:ItLooksTasty","Slimebound:SplitLeeching+1"],"picked":"Slimebound:SplitBruiser+1","floor":19},{"not_picked":["Slimebound:Schlurp","Slimebound:RejuvenatingLick"],"picked":"Slimebound:MegaLick","floor":20},{"not_picked":["Slimebound:SplitLeeching+1","Slimebound:PressTheAttack"],"picked":"Slimebound:SplitMire","floor":22},{"not_picked":["Slimebound:DuplicatedForm","Slimebound:Replication"],"picked":"Slimebound:SlimeBarrage+1","floor":23},{"not_picked":["Slimebound:ProtectTheBoss","Slimebound:ServeAndProtect+1"],"picked":"Slimebound:Gluttony","floor":25},{"not_picked":["Slimebound:AcidTongue","Slimebound:FormOfPuddle+1"],"picked":"Slimebound:SlimeBarrage+1","floor":27},{"not_picked":["Slimebound:LeechingTouch","Slimebound:SplitAcid"],"picked":"Slimebound:SamplingLick","floor":29},{"not_picked":["Slimebound:ServeAndProtect","Slimebound:SplitBruiser"],"picked":"Slimebound:MegaLick+1","floor":30},{"not_picked":["Slimebound:FinishingTackle","Slimebound:ServeAndProtect"],"picked":"Slimebound:HauntingLick+1","floor":32},{"not_picked":["Slimebound:Overexert","Slimebound:SelfFormingGoo"],"picked":"Slimebound:Teamwork","floor":33},{"not_picked":["Slimebound:ServeAndProtect","Slimebound:ProtectTheBoss+1"],"picked":"Slimebound:FormOfPuddle","floor":36},{"not_picked":["Slimebound:ServeAndProtect+1","Slimebound:GrowthPunch"],"picked":"Slimebound:GoopTackle","floor":37},{"not_picked":["Slimebound:FinishingTackle+1","Slimebound:ItLooksTasty"],"picked":"Slimebound:Equalize+1","floor":38},{"not_picked":["Slimebound:DuplicatedForm","Slimebound:Schlurp"],"picked":"Slimebound:SlimeSpikes+1","floor":42},{"not_picked":["Slimebound:LeechingTouch+1","Slimebound:Grow+1"],"picked":"Slimebound:SamplingLick","floor":43},{"not_picked":["Slimebound:DivideAndConquer+1","Slimebound:ViciousTackle+1"],"picked":"Slimebound:AcidTongue+1","floor":45},{"not_picked":["Slimebound:GrowthPunch","Slimebound:BestDefense+1"],"picked":"Slimebound:GoopSpray+1","floor":48},{"not_picked":["Slimebound:GrowthPunch","Slimebound:LeechingTouch"],"picked":"Slimebound:SplitMire+1","floor":49}],"player_experience":899644,"relics_obtained":[{"floor":7,"key":"Bag of Marbles"},{"floor":24,"key":"Kunai"},{"floor":41,"key":"Potion Belt"},{"floor":45,"key":"Strawberry"}],"event_choices":[{"damage_healed":0,"gold_gain":0,"player_choice":"Ignored","damage_taken":0,"max_hp_gain":0,"max_hp_loss":0,"event_name":"NoteForYourself","floor":8,"gold_loss":0},{"cards_removed":["Slimebound:MegaLick"],"damage_healed":0,"gold_gain":0,"player_choice":"Purged","damage_taken":0,"max_hp_gain":0,"max_hp_loss":0,"event_name":"Purifier","floor":21,"gold_loss":0},{"damage_healed":0,"gold_gain":0,"cards_transformed":["Slimebound:Defend_Slimebound"],"player_choice":"Transformed","damage_taken":0,"max_hp_gain":0,"max_hp_loss":0,"event_name":"Transmorgrifier","floor":47,"gold_loss":0,"cards_obtained":["Slimebound:SlimeSlap"]}],"is_beta":false,"boss_relics":[{"not_picked":["Empty Cage","SacredBark"],"picked":"Cursed Key"},{"not_picked":["Velvet Choker","Slimebound:TarBlob"],"picked":"Slimebound:AbsorbEndCombatUpgraded"}],"items_purged_floors":[42],"is_endless":false,"potions_floor_spawned":[2,3,4,14,16,19,20,22,30,33,37,38,48],"killed_by":"downfall:Silent","ascension_level":0}}