{"host":"hjw1ay65n7jm40lc","time":1608815137,"event":{"mods":["AchievementEnabler","BaseMod","Block Reminder","Colored Map","Colored Powertips","Downfall","Googly Eyes","Highlight Path","Minty Spire (QoL Compilation)","Quick Restart","Relic Stats","StSLib"],"gold_per_floor":[99,110,124,142,142,169,192,22,22,56,66,83,8,20,34,136,136,136,147,161,161,161,161,161,171,189,203,113,113,131,159,169,271,271,271,288,288,338,513,531,580,606,456,381,396,430,430,48,59,59],"floor_reached":51,"playtime":12960,"items_purged":["Guardian:Strike_Guardian"],"score":1078,"play_id":"c8817abc-7a1c-48de-b128-2e1df9d9974f","local_time":"20201224080537","is_ascension_mode":true,"campfire_choices":[{"floor":1.0,"key":"RECALL"},{"floor":9.0,"key":"REST"},{"floor":13.0,"key":"REST"},{"data":"Guardian:StasisEngine","floor":18.0,"key":"SMITH"},{"floor":29.0,"key":"REST"},{"data":"Guardian:TimeSifter","floor":35.0,"key":"SMITH"},{"data":"Guardian:Orbwalk","floor":44.0,"key":"SMITH"}],"circlet_count":0,"master_deck":["Guardian:Strike_Guardian","Guardian:Defend_Guardian","Guardian:Defend_Guardian","Guardian:Defend_Guardian","Guardian:Defend_Guardian","Guardian:CurlUp","Guardian:TwinSlam","Guardian:Harden","Guardian:EvasiveProtocol","Guardian:RollAttack","Guardian:StasisEngine+1","Guardian:SpikerProtocol","Guardian:Reroute","Guardian:Preprogram","Guardian:TimeSifter+1","CurseOfTheBell","Guardian:Suspension+1","Guardian:Orbwalk+1","Guardian:DonusPower","Guardian:StasisField","Guardian:Planning","Guardian:FastForward","Guardian:Clone+1","Guardian:ExploitGems","expansioncontent:TimeRipple","Guardian:Clone+1","Guardian:DonusPower","Guardian:DonusPower","Guardian:StasisEngine","Guardian:DecasProtection+1","Guardian:SphericShield","Guardian:FloatingOrbs+1","Guardian:Gem_Lightblue"],"relics":["Runic Dome","GremlinMask","Potion Belt","Guardian:DefensiveModeMoreBlock","Bag of Preparation","downfall:HeartBlessingRed","Calling Bell","Orichalcum","Letter Opener","Gambling Chip","Question Card","Akabeko","Sozu","Pocketwatch","Orrery","Lizard Tail","downfall:HeartBlessingBlue","MealTicket","Membership Card","Thread and Needle","Anchor"],"acts_visited":["Exordium","TheCity","TheBeyond"],"potions_floor_usage":[],"damage_taken":[{"damage":2.0,"enemies":"2 Louse","floor":2.0,"turns":3.0},{"damage":0.0,"enemies":"Cultist","floor":3.0,"turns":3.0},{"damage":0.0,"enemies":"Small Slimes","floor":4.0,"turns":5.0},{"damage":41.0,"enemies":"3 Sentries","floor":6.0,"turns":11.0},{"damage":5.0,"enemies":"downfall:FleeingMerchant","floor":8.0,"turns":4.0},{"damage":17.0,"enemies":"Gremlin Nob","floor":10.0,"turns":4.0},{"damage":10.0,"enemies":"Exordium Thugs","floor":11.0,"turns":3.0},{"damage":0.0,"enemies":"Red Slaver","floor":12.0,"turns":3.0},{"damage":1.0,"enemies":"2 Fungi Beasts","floor":14.0,"turns":3.0},{"damage":0.0,"enemies":"Exordium Thugs","floor":15.0,"turns":3.0},{"damage":34.0,"enemies":"downfall:Ironclad","floor":16.0,"turns":8.0},{"damage":19.0,"enemies":"Spheric Guardian","floor":19.0,"turns":4.0},{"damage":0.0,"enemies":"Shell Parasite","floor":20.0,"turns":4.0},{"damage":17.0,"enemies":"Snecko","floor":25.0,"turns":5.0},{"damage":18.0,"enemies":"Snake Plant","floor":26.0,"turns":3.0},{"damage":9.0,"enemies":"Sentry and Sphere","floor":27.0,"turns":5.0},{"damage":0.0,"enemies":"downfall:FleeingMerchant","floor":28.0,"turns":4.0},{"damage":0.0,"enemies":"Cultist and Chosen","floor":30.0,"turns":4.0},{"damage":0.0,"enemies":"Book of Stabbing","floor":31.0,"turns":5.0},{"damage":28.0,"enemies":"Shelled Parasite and Fungi","floor":32.0,"turns":5.0},{"damage":10.0,"enemies":"downfall:Watcher","floor":33.0,"turns":6.0},{"damage":0.0,"enemies":"Orb Walker","floor":36.0,"turns":4.0},{"damage":0.0,"enemies":"Mind Bloom Boss Battle","floor":38.0,"turns":5.0},{"damage":0.0,"enemies":"downfall:FleeingMerchant","floor":39.0,"turns":3.0},{"damage":0.0,"enemies":"3 Darklings","floor":40.0,"turns":3.0},{"damage":0.0,"enemies":"Reptomancer","floor":42.0,"turns":4.0},{"damage":0.0,"enemies":"Maw","floor":45.0,"turns":4.0},{"damage":6.0,"enemies":"Giant Head","floor":46.0,"turns":5.0},{"damage":0.0,"enemies":"Sphere and 2 Shapes","floor":49.0,"turns":4.0},{"damage":0,"enemies":"downfall:Defect","floor":50,"turns":5}],"seed_played":"-1954155936751643672","potions_obtained":[{"floor":2.0,"key":"Regen Potion"},{"floor":4.0,"key":"SpeedPotion"},{"floor":6.0,"key":"Guardian:DefensiveModePotion"},{"floor":12.0,"key":"Energy Potion"},{"floor":15.0,"key":"FairyPotion"},{"floor":20.0,"key":"LiquidMemories"},{"floor":25.0,"key":"PowerPotion"},{"floor":31.0,"key":"Guardian:DefensiveModePotion"},{"floor":33.0,"key":"Swift Potion"}],"is_trial":false,"path_per_floor":["R","M","M","M","?","E","T","$","R","E","M","M","R","M","M","B",null,"R","M","M","?","?","?","T","M","M","M","$","R","M","E","M","B",null,"R","M","?","?","$","M","T","E","?","R","M","E","?","$","M","B",null],"character_chosen":"GUARDIAN","items_purchased":["Guardian:Gem_Crimson","Guardian:SpikerProtocol","Orrery","Membership Card","Thread and Needle","Anchor"],"campfire_rested":3,"item_purchase_floors":[8,8,39,48,48,48],"current_hp_per_floor":[72,70,70,70,70,29,29,24,48,31,21,21,45,44,44,25,66,66,47,47,47,47,47,47,30,12,3,3,27,27,27,24,14,64,64,64,64,64,64,64,64,64,90,100,100,94,94,100,100,100],"gold":59,"neow_bonus":"BOSS_RELIC","is_daily":false,"chose_seed":false,"campfire_upgraded":3,"win_rate":0.0,"timestamp":1608815137,"path_taken":["R","M","M","M","?","E","T","$","R","E","M","M","R","?","M","BOSS","R","M","M","?","?","?","T","M","?","M","$","R","M","E","M","BOSS","R","M","?","?","$","M","T","E","?","R","?","E","?","?","M","BOSS"],"items_purchased_type":["Card","Card","Relic","Relic","Relic","Relic"],"build_version":"2020-12-22","purchased_purges":1,"victory":true,"max_hp_per_floor":[80,80,80,80,80,80,80,80,80,80,80,80,80,80,80,80,80,80,80,80,80,80,80,80,80,80,80,80,80,80,80,80,80,80,80,80,80,80,80,80,80,80,90,100,100,100,100,100,100,100],"relic_stats":{"Sozu":3,"Lizard Tail":0,"counters":[30,132],"Gambling Chip":[62],"MealTicket":6,"Bag of Preparation":[48],"Letter Opener":[366],"Orichalcum":[30],"Question Card":23,"obtain_stats":[{"Potion Belt":6,"Guardian:DefensiveModeMoreBlock":7,"downfall:HeartBlessingRed":13,"Guardian:ModeShifter":0,"GremlinMask":5,"Thread and Needle":48,"Bag of Preparation":10,"Letter Opener":17,"Orichalcum":17,"Question Card":24,"Akabeko":31,"Calling Bell":17,"Sozu":34,"Runic Dome":0,"Lizard Tail":42,"Anchor":48,"downfall:HeartBlessingBlue":44,"Gambling Chip":17,"Orrery":39,"MealTicket":46,"Membership Card":48,"Pocketwatch":38},{"Potion Belt":4,"Guardian:DefensiveModeMoreBlock":4,"downfall:HeartBlessingRed":8,"Guardian:ModeShifter":0,"GremlinMask":3,"Thread and Needle":28,"Bag of Preparation":6,"Letter Opener":11,"Orichalcum":11,"Question Card":13,"Akabeko":19,"Calling Bell":11,"Sozu":21,"Runic Dome":0,"Lizard Tail":26,"Anchor":28,"downfall:HeartBlessingBlue":26,"Gambling Chip":11,"Orrery":24,"MealTicket":28,"Membership Card":28,"Pocketwatch":23},{"Potion Belt":22,"Guardian:DefensiveModeMoreBlock":22,"downfall:HeartBlessingRed":36,"Guardian:ModeShifter":0,"GremlinMask":11,"Thread and Needle":123,"Bag of Preparation":30,"Letter Opener":50,"Orichalcum":50,"Question Card":58,"Akabeko":84,"Calling Bell":50,"Sozu":95,"Runic Dome":0,"Lizard Tail":114,"Anchor":123,"downfall:HeartBlessingBlue":114,"Gambling Chip":50,"Orrery":107,"MealTicket":123,"Membership Card":123,"Pocketwatch":104}],"Pocketwatch":[3]},"card_choices":[{"not_picked":["Guardian:ChargeCore","Guardian:PiercingHide"],"picked":"Guardian:Harden","floor":2.0},{"not_picked":["Guardian:ChargeCore","Guardian:Recover"],"picked":"Guardian:EvasiveProtocol","floor":3.0},{"not_picked":["Guardian:Planning","Guardian:VentSteam"],"picked":"Guardian:RollAttack","floor":4.0},{"not_picked":["Guardian:Gem_Green","Guardian:BronzeOrb"],"picked":"Guardian:Gem_White","floor":6.0},{"not_picked":["Guardian:TemporalStrike","Guardian:Recover"],"picked":"Guardian:StasisEngine","floor":8.0},{"not_picked":["Guardian:PolyBeam","Guardian:RollAttack"],"picked":"Guardian:MultiBeam","floor":10.0},{"not_picked":["Guardian:Planning","Guardian:Gem_Purple"],"picked":"Guardian:Reroute","floor":11.0},{"not_picked":["Guardian:Gem_Lightblue","Guardian:TemporalStrike"],"picked":"Guardian:Gem_Purple","floor":12.0},{"not_picked":["Guardian:Gem_Red","Guardian:Suspension"],"picked":"Guardian:Preprogram","floor":14.0},{"not_picked":["Guardian:WalkerClaw","Guardian:RefractedBeam"],"picked":"Guardian:Gem_Cyan","floor":15.0},{"not_picked":["Guardian:RevengeProtocol","Guardian:GemFire"],"picked":"Guardian:TimeSifter","floor":16.0},{"not_picked":["Guardian:CrystalBeam","Guardian:VentSteam+1"],"picked":"Guardian:Suspension+1","floor":19.0},{"not_picked":["Guardian:DecasProtection+1","Guardian:Planning"],"picked":"Guardian:Orbwalk","floor":20.0},{"not_picked":["Guardian:SpikerProtocol","Guardian:GuardianWhirl","Guardian:VentSteam","Guardian:WalkerClaw"],"picked":"SKIP","floor":25.0},{"not_picked":["Guardian:Gem_Lightblue","Guardian:Reroute","Guardian:TemporalStrike"],"picked":"Guardian:Gem_Red","floor":26.0},{"not_picked":["Guardian:CrystalBeam","Guardian:Suspension","Guardian:PrimingBeam"],"picked":"Guardian:Planning","floor":27.0},{"not_picked":["Guardian:ShieldCharger","Guardian:Gem_Purple","Guardian:PiercingHide"],"picked":"Guardian:Gem_Fragmented","floor":28.0},{"not_picked":["Guardian:Gem_Green","Guardian:RollAttack","Guardian:Reroute"],"picked":"Guardian:FastForward","floor":30.0},{"not_picked":["Guardian:RollAttack","Guardian:ShieldCharger","Guardian:Incinerate"],"picked":"Guardian:Clone+1","floor":31.0},{"not_picked":["Guardian:TimeSifter","Guardian:PrimingBeam+1","Guardian:Planning","Guardian:Harden"],"picked":"SKIP","floor":32.0},{"not_picked":["Guardian:BaubleBeam","Guardian:StasisField","Guardian:FastForward"],"picked":"Guardian:ExploitGems","floor":33.0},{"not_picked":["Guardian:RollAttack","Guardian:CrystalBeam","Guardian:TemporalStrike","Guardian:PrimingBeam"],"picked":"SKIP","floor":36.0},{"not_picked":["expansioncontent:Collect","expansioncontent:CaCaw","expansioncontent:Hexaburn"],"picked":"expansioncontent:TimeRipple","floor":37.0},{"not_picked":["Guardian:DonusPower+1","Guardian:TemporalShield+1","Guardian:SentryBeam"],"picked":"Guardian:Gem_Fragmented","floor":38.0},{"not_picked":["Guardian:ChargeCore+1","Guardian:Planning+1","Guardian:Harden+1"],"picked":"Guardian:Gem_Green","floor":39.0},{"not_picked":["Guardian:Suspension","Guardian:Incinerate","Guardian:Gem_Red"],"picked":"Guardian:Gem_Cyan","floor":39.0},{"not_picked":["Guardian:Gem_Lightblue","Guardian:StasisEngine","Guardian:Recover+1"],"picked":"Guardian:Clone+1","floor":39.0},{"not_picked":["Guardian:Recover","Guardian:TemporalShield+1","Guardian:TimeBomb+1"],"picked":"Guardian:DonusPower","floor":39.0},{"not_picked":["Guardian:Gem_Red","Guardian:SentryBeam","Guardian:ShieldCharger+1"],"picked":"Guardian:DonusPower","floor":39.0},{"not_picked":["Guardian:PrismaticBarrier","Guardian:FastForward","Guardian:Gem_Cyan"],"picked":"Guardian:StasisEngine","floor":39.0},{"not_picked":["Guardian:VentSteam+1","Guardian:BronzeArmor","Guardian:Gem_Green"],"picked":"Guardian:Gem_Cyan","floor":40.0},{"not_picked":["Guardian:SentryBeam+1","Guardian:SpikerProtocol","Guardian:PiercingHide+1"],"picked":"Guardian:DecasProtection+1","floor":42.0},{"not_picked":["Guardian:TemporalStrike","Guardian:Clone+1","Guardian:RollAttack+1"],"picked":"Guardian:SphericShield","floor":45.0},{"not_picked":["Guardian:Gem_Blue","Guardian:CrystalBeam+1","Guardian:Gem_Red"],"picked":"Guardian:FloatingOrbs+1","floor":46.0},{"not_picked":["Guardian:PolyBeam","Guardian:PrismaticBeam","Guardian:VentSteam","Guardian:PrismaticBarrier"],"picked":"SKIP","floor":49.0}],"player_experience":533085,"relics_obtained":[{"floor":6.0,"key":"Potion Belt"},{"floor":7.0,"key":"Guardian:DefensiveModeMoreBlock"},{"floor":10.0,"key":"Bag of Preparation"},{"floor":17.0,"key":"Orichalcum"},{"floor":17.0,"key":"Letter Opener"},{"floor":17.0,"key":"Gambling Chip"},{"floor":24.0,"key":"Question Card"},{"floor":31.0,"key":"Akabeko"},{"floor":38.0,"key":"Pocketwatch"},{"floor":42.0,"key":"Lizard Tail"},{"floor":46.0,"key":"MealTicket"}],"event_choices":[{"damage_healed":0.0,"max_hp_gain":0.0,"max_hp_loss":0.0,"gold_gain":0.0,"event_name":"FaceTrader","player_choice":"Trade","floor":5.0,"gold_loss":0.0,"damage_taken":0.0,"relics_obtained":["GremlinMask"]},{"damage_healed":0.0,"max_hp_gain":0.0,"max_hp_loss":0.0,"gold_gain":0.0,"cards_transformed":["Guardian:Strike_Guardian","Guardian:Strike_Guardian"],"event_name":"Drug Dealer","player_choice":"Became Test Subject","floor":21.0,"gold_loss":0.0,"damage_taken":0.0,"cards_obtained":["Guardian:DonusPower","Guardian:StasisField"]},{"damage_healed":0.0,"max_hp_gain":0.0,"max_hp_loss":0.0,"gold_gain":0.0,"event_name":"Ghosts","player_choice":"Ignored","floor":22.0,"gold_loss":0.0,"damage_taken":0.0}],"is_beta":false,"boss_relics":[{"not_picked":["Coffee Dripper","SlaversCollar"],"picked":"Calling Bell"},{"not_picked":["Tiny House","Black Star"],"picked":"Sozu"}],"items_purged_floors":[28],"is_endless":false,"potions_floor_spawned":[2,4,6,12,15,20,25,27,31,33,42,45,46],"ascension_level":6}}