{"host":"mqhvlr3kpxebko0t","time":1608778835,"event":{"mods":["AchievementEnabler","BaseMod","Colored Map","Keyboard Shortcuts","Minty Spire (QoL Compilation)","StSLib","SuperFastMode"],"gold_per_floor":[112,128,148,298,318,318,132,207,207,207,220,220,220,232,232,232,232],"floor_reached":16,"playtime":226,"items_purged":["Strike_G"],"score":166,"play_id":"d31434dd-8128-4a93-a263-6b98e40c21e3","local_time":"20201224120035","is_ascension_mode":true,"campfire_choices":[{"data":"Bouncing Flask","floor":10,"key":"SMITH"},{"data":"Deadly Poison","floor":13,"key":"SMITH"},{"data":"Noxious Fumes","floor":15,"key":"SMITH"}],"circlet_count":0,"master_deck":["AscendersBane","Strike_G","Strike_G","Defend_G","Defend_G","Defend_G","Defend_G","Survivor","Neutralize","Blade Dance","Terror","Bouncing Flask+1","Bane","Deadly Poison+1","Backflip","Noxious Fumes+1"],"relics":["Ring of the Snake","Mango"],"acts_visited":["Exordium"],"potions_floor_usage":[11,16],"damage_taken":[{"damage":0,"enemies":"2 Louse","floor":1,"turns":3},{"damage":3,"enemies":"Jaw Worm","floor":2,"turns":4},{"damage":10,"enemies":"Small Slimes","floor":3,"turns":3},{"damage":4,"enemies":"2 Fungi Beasts","floor":5,"turns":4},{"damage":13,"enemies":"Exordium Thugs","floor":11,"turns":4},{"damage":6,"enemies":"Looter","floor":14,"turns":3},{"damage":22,"enemies":"Slime Boss","floor":16,"turns":8}],"seed_played":"-8052150660007500745","potions_obtained":[{"floor":1,"key":"Weak Potion"},{"floor":14,"key":"Poison Potion"}],"is_trial":false,"path_per_floor":["M","M","M","?","M","?","$","?","T","R","M","?","R","M","R","B"],"character_chosen":"THE_SILENT","items_purchased":["Deadly Poison","Backflip"],"campfire_rested":0,"item_purchase_floors":[7,7],"current_hp_per_floor":[59,56,46,46,42,35,35,24,38,38,25,25,25,19,19,0,0],"gold":232,"neow_bonus":"REMOVE_TWO","is_daily":false,"chose_seed":false,"campfire_upgraded":3,"win_rate":0.0,"timestamp":1608778835,"path_taken":["M","M","M","?","M","?","$","?","T","R","M","?","R","M","R","BOSS"],"items_purchased_type":["Card","Card"],"build_version":"2020-12-22","purchased_purges":1,"victory":false,"max_hp_per_floor":[60,60,60,60,60,60,60,60,74,74,74,74,74,74,74,74,74],"card_choices":[{"not_picked":["Heel Hook","Riddle With Holes"],"picked":"Blade Dance","floor":1},{"not_picked":["Heel Hook","Backflip"],"picked":"Terror","floor":2},{"not_picked":["Crippling Poison","Eviscerate"],"picked":"Bouncing Flask","floor":3},{"not_picked":["Cloak And Dagger","Distraction"],"picked":"Bane","floor":5},{"not_picked":["Blade Dance","Bane","Die Die Die"],"picked":"SKIP","floor":11},{"not_picked":["Slice","Acrobatics"],"picked":"Noxious Fumes","floor":14}],"player_experience":681816,"relics_obtained":[{"floor":9,"key":"Mango"}],"event_choices":[{"damage_healed":0,"gold_gain":150,"player_choice":"AGREE","damage_taken":0,"max_hp_gain":0,"max_hp_loss":0,"event_name":"Liars Game","floor":4,"gold_loss":0,"cards_obtained":["Doubt"]},{"cards_removed":["Doubt"],"damage_healed":0,"gold_gain":0,"player_choice":"Card Removal","damage_taken":7,"max_hp_gain":0,"max_hp_loss":0,"event_name":"Golden Wing","floor":6,"gold_loss":0},{"damage_healed":0,"gold_gain":75,"player_choice":"Gather Gold","damage_taken":11,"max_hp_gain":0,"max_hp_loss":0,"event_name":"World of Goop","floor":8,"gold_loss":0},{"cards_removed":["Strike_G"],"damage_healed":0,"gold_gain":0,"player_choice":"Forget","damage_taken":0,"max_hp_gain":0,"max_hp_loss":0,"event_name":"Living Wall","floor":12,"gold_loss":0}],"is_beta":false,"boss_relics":[],"items_purged_floors":[7],"is_endless":false,"potions_floor_spawned":[1,14],"killed_by":"Slime Boss","ascension_level":16}}