{"host":"65a95dzim48ko8ke","time":1608808827,"event":{"mods":["BaseMod","DeckTracker","Minty Spire (QoL Compilation)","Quick Restart","Rare Cards Sparkle","Slay-I","Spicy Shops","StSLib"],"gold_per_floor":[111,111,125,125,138,164,164,164,217,65,65,88,129,198,198,302,302,328,243,243,243,130,169,169,183,183,211,249,275,200,243,243,349,349,370,395,60,87,107,107,134,134,184,224,244,272,318,343,343,343,343,343,0,39,39],"floor_reached":56,"playtime":5360,"items_purged":["Regret","Decay"],"score":1659,"play_id":"d9c04811-c865-4485-b91c-94f5a4153ecf","local_time":"20201224202027","is_ascension_mode":true,"campfire_choices":[{"data":"Apotheosis","floor":8.0,"key":"SMITH"},{"data":"Inflame","floor":11.0,"key":"SMITH"},{"data":"Inflame","floor":15.0,"key":"SMITH"},{"data":"Battle Trance","floor":24,"key":"SMITH"},{"data":"Disarm","floor":32,"key":"SMITH"},{"data":"Thinking Ahead","floor":42,"key":"SMITH"},{"floor":49,"key":"RECALL"},{"data":"Secret Weapon","floor":52,"key":"SMITH"}],"circlet_count":0,"master_deck":["Strike_R","Strike_R","Strike_R","Strike_R","Strike_R","Defend_R","Defend_R","Defend_R","Defend_R","Apotheosis+1","Inflame+1","Battle Trance+1","Shrug It Off","Rage","Headbutt","Inflame+1","Uppercut","Reaper","Disarm+1","Shrug It Off","Limit Break+1","Power Through","Twin Strike+1","Anger","Sword Boomerang+1","Impervious","Rage","Evolve","Fiend Fire","Secret Weapon+1","Finesse","Thinking Ahead+1","Burning Pact+1","Reaper","Shrug It Off","Pommel Strike+1","Body Slam","Mayhem","Ghostly Armor+1"],"relics":["Burning Blood","Spirit Poop","Bag of Marbles","Singing Bowl","CeramicFish","Regal Pillow","The Courier","Vajra","Coffee Dripper","Boot","Self Forming Clay","Anchor","Question Card","Mango","Ice Cream","Mark of Pain","FossilizedHelix","Strawberry","Champion Belt","Peace Pipe","Toy Ornithopter","Bronze Scales","Ornamental Fan"],"acts_visited":["Exordium","TheCity","TheBeyond","TheEnding"],"potions_floor_usage":[23,28,28,47,50,54],"damage_taken":[{"damage":5.0,"enemies":"Small Slimes","floor":1.0,"turns":4.0},{"damage":0.0,"enemies":"Cultist","floor":3.0,"turns":4.0},{"damage":18.0,"enemies":"2 Louse","floor":5.0,"turns":5.0},{"damage":21.0,"enemies":"3 Sentries","floor":6.0,"turns":9.0},{"damage":0.0,"enemies":"2 Fungi Beasts","floor":12.0,"turns":5.0},{"damage":22.0,"enemies":"Gremlin Nob","floor":13.0,"turns":4.0},{"damage":8.0,"enemies":"Gremlin Nob","floor":14.0,"turns":3.0},{"damage":26.0,"enemies":"The Guardian","floor":16.0,"turns":9.0},{"damage":5,"enemies":"Shell Parasite","floor":18,"turns":3},{"damage":5,"enemies":"Book of Stabbing","floor":23,"turns":5},{"damage":16,"enemies":"3 Byrds","floor":25,"turns":6},{"damage":11,"enemies":"3 Cultists","floor":27,"turns":6},{"damage":15,"enemies":"Slavers","floor":28,"turns":7},{"damage":3,"enemies":"Centurion and Healer","floor":29,"turns":5},{"damage":0,"enemies":"Gremlin Leader","floor":31,"turns":5},{"damage":27,"enemies":"Collector","floor":33,"turns":8},{"damage":20,"enemies":"3 Darklings","floor":35,"turns":4},{"damage":8,"enemies":"3 Shapes","floor":36,"turns":8},{"damage":18,"enemies":"Maw","floor":39,"turns":8},{"damage":0,"enemies":"Giant Head","floor":41,"turns":6},{"damage":0,"enemies":"Nemesis","floor":44,"turns":5},{"damage":8,"enemies":"4 Shapes","floor":45,"turns":5},{"damage":12,"enemies":"Transient","floor":46,"turns":5},{"damage":11,"enemies":"2 Orb Walkers","floor":47,"turns":5},{"damage":0,"enemies":"Jaw Worm Horde","floor":48,"turns":5},{"damage":55,"enemies":"Donu and Deca","floor":50,"turns":8},{"damage":35,"enemies":"Shield and Spear","floor":54,"turns":5},{"damage":109,"enemies":"The Heart","floor":55,"turns":8}],"seed_played":"6989171538242016905","potions_obtained":[{"floor":1.0,"key":"DistilledChaos"},{"floor":3.0,"key":"ElixirPotion"},{"floor":13.0,"key":"Ancient Potion"},{"floor":14.0,"key":"LiquidMemories"},{"floor":18,"key":"ColorlessPotion"},{"floor":21,"key":"AttackPotion"},{"floor":25,"key":"PowerPotion"},{"floor":31,"key":"FearPotion"},{"floor":35,"key":"FearPotion"},{"floor":41,"key":"DuplicationPotion"},{"floor":44,"key":"SpeedPotion"}],"is_trial":false,"path_per_floor":["M","?","M","?","M","E","?","R","T","$","R","M","E","?","R","B",null,"M","?","T","?","$","E","R","M","T","M","E","M","?","E","R","B",null,"M","M","$","?","M","?","E","R","T","E","M","M","?","M","R","B",null,"R","$","E","B",null],"character_chosen":"IRONCLAD","items_purchased":["Regal Pillow","Shrug It Off","FossilizedHelix","Fiend Fire","Toy Ornithopter","Mayhem","Bronze Scales","Swift Potion"],"campfire_rested":0,"item_purchase_floors":[10,22,37,37,53,53,53,53],"current_hp_per_floor":[80,80,80,80,68,53,53,53,53,53,53,59,43,41,41,21,65,76,76,76,76,76,80,80,79,79,80,94,94,94,94,94,73,89,91,94,94,84,79,79,103,103,103,103,101,103,105,105,105,94,102,102,102,98,22],"gold":39,"neow_bonus":"RANDOM_COLORLESS_2","is_daily":false,"chose_seed":false,"campfire_upgraded":7,"win_rate":0.0,"timestamp":1608808827,"path_taken":["M","?","?","?","M","E","?","R","T","$","R","?","E","?","R","BOSS","M","?","?","?","$","E","R","M","T","?","E","M","?","E","R","BOSS","M","M","$","?","M","?","E","R","T","E","M","?","?","M","R","BOSS","R","$","E","BOSS"],"items_purchased_type":["Relic","Card","Relic","Card","Relic","Card","Relic","Potion"],"build_version":"2020-12-22","purchased_purges":2,"victory":true,"max_hp_per_floor":[80,80,80,80,80,80,80,80,80,80,80,80,80,80,80,80,80,80,80,80,80,80,80,80,80,80,80,94,94,94,94,94,94,94,94,94,94,94,94,94,103,103,103,103,103,103,105,105,105,105,105,105,105,105,105],"card_choices":[{"not_picked":["Chrysalis","Secret Technique"],"picked":"Apotheosis","floor":0.0},{"not_picked":["Twin Strike","Flame Barrier"],"picked":"Inflame","floor":1.0},{"not_picked":["Heavy Blade","Anger"],"picked":"Battle Trance","floor":3.0},{"not_picked":["Armaments","Dropkick"],"picked":"Shrug It Off","floor":5.0},{"not_picked":["Sever Soul","Uppercut"],"picked":"Rage","floor":6.0},{"not_picked":["Hemokinesis","Heavy Blade"],"picked":"Headbutt","floor":12.0},{"not_picked":["Warcry","Corruption"],"picked":"Inflame","floor":13.0},{"not_picked":["Thunderclap","Body Slam"],"picked":"Uppercut","floor":14.0},{"not_picked":["Demon Form","Barricade"],"picked":"Reaper","floor":16.0},{"not_picked":["Cleave","Havoc"],"picked":"Disarm","floor":18},{"not_picked":["Clash+1","Bloodletting+1"],"picked":"Limit Break","floor":23},{"not_picked":["Searing Blow","Heavy Blade","Havoc+1"],"picked":"Power Through","floor":27},{"not_picked":["Corruption","Evolve","Clash"],"picked":"Twin Strike+1","floor":28},{"not_picked":["Headbutt","Thunderclap","Clothesline+1"],"picked":"Anger","floor":29},{"not_picked":["Burning Pact","Hemokinesis","Thunderclap"],"picked":"Sword Boomerang+1","floor":31},{"not_picked":["Corruption","Limit Break","Feed"],"picked":"Impervious","floor":33},{"not_picked":["Cleave+1","Clash","Sword Boomerang+1"],"picked":"Rage","floor":35},{"not_picked":["Shrug It Off+1","Headbutt+1","Flex+1"],"picked":"Evolve","floor":36},{"not_picked":["Good Instincts","Enlightenment","Purity"],"picked":"Secret Weapon","floor":38},{"not_picked":["Discovery","Enlightenment","Mind Blast"],"picked":"Finesse","floor":38},{"not_picked":["Secret Weapon","Dramatic Entrance","Good Instincts"],"picked":"Thinking Ahead","floor":38},{"not_picked":["Shrug It Off","Iron Wave","Hemokinesis+1"],"picked":"Burning Pact+1","floor":39},{"not_picked":["Feel No Pain+1","Dropkick","Havoc","Burning Pact+1"],"picked":"Singing Bowl","floor":41},{"not_picked":["Combust","Spot Weakness+1","Clash+1"],"picked":"Reaper","floor":44},{"not_picked":["Thunderclap+1","Havoc+1","Clash+1"],"picked":"Shrug It Off","floor":45},{"not_picked":["Sword Boomerang+1","Clothesline","Shrug It Off"],"picked":"Pommel Strike+1","floor":46},{"not_picked":["Armaments","Dropkick","Dual Wield","Thunderclap+1"],"picked":"Singing Bowl","floor":47},{"not_picked":["Pommel Strike","Exhume","Headbutt"],"picked":"Body Slam","floor":48},{"not_picked":["Clothesline+1","Havoc+1","Carnage"],"picked":"Ghostly Armor+1","floor":54}],"player_experience":260125,"relics_obtained":[{"floor":6.0,"key":"Singing Bowl"},{"floor":9.0,"key":"CeramicFish"},{"floor":13.0,"key":"The Courier"},{"floor":20,"key":"Self Forming Clay"},{"floor":23,"key":"Anchor"},{"floor":26,"key":"Question Card"},{"floor":28,"key":"Mango"},{"floor":31,"key":"Ice Cream"},{"floor":41,"key":"Strawberry"},{"floor":44,"key":"Champion Belt"},{"floor":47,"key":"Peace Pipe"},{"floor":54,"key":"Ornamental Fan"}],"event_choices":[{"cards_removed":["Pain"],"damage_healed":0.0,"max_hp_gain":0.0,"max_hp_loss":0.0,"gold_gain":0.0,"event_name":"Bonfire Elementals","player_choice":"Offered Curse","floor":2.0,"gold_loss":0.0,"damage_taken":0.0,"relics_obtained":["Spirit Poop"]},{"damage_healed":0.0,"max_hp_gain":0.0,"max_hp_loss":0.0,"gold_gain":0.0,"event_name":"Big Fish","player_choice":"Box","floor":4.0,"gold_loss":0.0,"damage_taken":0.0,"relics_obtained":["Bag of Marbles"],"cards_obtained":["Regret"]},{"damage_healed":0.0,"max_hp_gain":0.0,"max_hp_loss":0.0,"gold_gain":0.0,"event_name":"Wheel of Change","player_choice":"Cursed","floor":7.0,"gold_loss":0.0,"damage_taken":0.0,"cards_obtained":["Decay"]},{"damage_healed":0.0,"max_hp_gain":0.0,"max_hp_loss":0.0,"gold_gain":30.0,"event_name":"Dead Adventurer","player_choice":"Searched \u00273\u0027 times","floor":14.0,"gold_loss":0.0,"damage_taken":0.0,"relics_obtained":["Vajra"]},{"damage_healed":0,"gold_gain":0,"player_choice":"Obtained Relic","damage_taken":0,"relics_obtained":["Boot"],"max_hp_gain":0,"max_hp_loss":0,"event_name":"Addict","floor":19,"gold_loss":85},{"damage_healed":0,"gold_gain":0,"player_choice":"Got Potions","damage_taken":0,"max_hp_gain":0,"max_hp_loss":0,"event_name":"Lab","floor":21,"gold_loss":0},{"cards_removed":["Bash"],"damage_healed":0,"gold_gain":0,"player_choice":"Gave Gold","damage_taken":0,"max_hp_gain":0,"max_hp_loss":0,"event_name":"Beggar","floor":30,"gold_loss":75},{"damage_healed":0,"gold_gain":0,"player_choice":"Memory 3","damage_taken":10,"max_hp_gain":0,"max_hp_loss":0,"event_name":"SensoryStone","floor":38,"gold_loss":0},{"damage_healed":0,"gold_gain":0,"player_choice":"Upgraded","damage_taken":0,"max_hp_gain":0,"max_hp_loss":0,"event_name":"Upgrade Shrine","floor":40,"gold_loss":0,"cards_upgraded":["Limit Break"]},{"damage_healed":0,"gold_gain":0,"player_choice":"Fight","damage_taken":0,"max_hp_gain":0,"max_hp_loss":0,"event_name":"Mysterious Sphere","floor":47,"gold_loss":0}],"is_beta":false,"boss_relics":[{"not_picked":["Snecko Eye","Astrolabe"],"picked":"Coffee Dripper"},{"not_picked":["Philosopher\u0027s Stone","Runic Dome"],"picked":"Mark of Pain"}],"items_purged_floors":[10,22],"is_endless":false,"potions_floor_spawned":[1,3,13,14,18,25,31,35,41,44,45],"ascension_level":5}}