{"host":"mjau5a91be6b66g4","time":1608818064,"event":{"mods":["BaseMod","Minty Spire (QoL Compilation)","StSLib","The Animator","The Bug Knight","The Jungle"],"gold_per_floor":[109,109,125,125,143,155,155,66,66,79,94,105,105,59,59,156,156,168,168,168],"floor_reached":19,"playtime":665,"items_purged":[],"score":161,"play_id":"72ce4424-0dd4-4209-8eee-d9826fa539bd","local_time":"20201224215424","is_ascension_mode":false,"campfire_choices":[{"data":"HollowMod:FocusHealStart","floor":7,"key":"SMITH"},{"floor":15,"key":"REST"}],"circlet_count":0,"master_deck":["HollowMod:NailStrikeStart","HollowMod:NailStrikeStart","HollowMod:NailStrikeStart","HollowMod:NailStrikeStart","HollowMod:QuickDashStart","HollowMod:QuickDashStart","HollowMod:QuickDashStart","HollowMod:FocusHealStart+1","HollowMod:PogoStrike","HollowMod:SiblingsShadow","HollowMod:NewLittleFool","HollowMod:DashSlash","HollowMod:ShadowDash","HollowMod:MantisMark","HollowMod:LifebloodCocoon","HollowMod:DashSlash","HollowMod:SharpenedShadows+1","HollowMod:NewJinnsSoul","HollowMod:LordofShades+1","HollowMod:DescendingDark+1"],"relics":["HollowMod:VesselMask","NeowsBlessing","Frozen Egg 2","White Beast Statue","Boot","SacredBark"],"acts_visited":["Exordium","TheCity"],"potions_floor_usage":[11,11,12,16,16,18],"damage_taken":[{"damage":0,"enemies":"2 Louse","floor":1,"turns":1},{"damage":0,"enemies":"Cultist","floor":3,"turns":1},{"damage":0,"enemies":"Jaw Worm","floor":5,"turns":1},{"damage":5,"enemies":"3 Louse","floor":6,"turns":3},{"damage":12,"enemies":"Exordium Wildlife","floor":10,"turns":4},{"damage":4,"enemies":"2 Fungi Beasts","floor":11,"turns":2},{"damage":16,"enemies":"Exordium Thugs","floor":12,"turns":4},{"damage":73,"enemies":"Slime Boss","floor":16,"turns":16},{"damage":28,"enemies":"Shell Parasite","floor":18,"turns":6},{"damage":78,"enemies":"Masked Bandits","floor":19,"turns":3}],"seed_played":"2902434022451465827","potions_obtained":[{"floor":5,"key":"DuplicationPotion"},{"floor":6,"key":"LiquidMemories"},{"floor":10,"key":"Explosive Potion"},{"floor":11,"key":"Dexterity Potion"},{"floor":12,"key":"Energy Potion"},{"floor":16,"key":"BlessingOfTheForge"},{"floor":18,"key":"DistilledChaos"}],"is_trial":false,"path_per_floor":["M","?","M","?","M","M","R","$","T","M","M","M","?","$","R","B",null,"M","?"],"character_chosen":"THE_BUGKNIGHT","items_purchased":["HollowMod:ShadowDash","HollowMod:MantisMark","HollowMod:NewJinnsSoul"],"campfire_rested":1,"item_purchase_floors":[8,8,14],"current_hp_per_floor":[75,75,75,68,68,63,63,63,63,61,63,53,46,46,68,7,75,56,0,0],"gold":168,"neow_bonus":"THREE_ENEMY_KILL","is_daily":false,"chose_seed":false,"campfire_upgraded":1,"win_rate":0.0,"timestamp":1608818064,"path_taken":["M","?","?","?","M","M","R","$","T","M","M","M","?","?","R","BOSS","M","?"],"items_purchased_type":["Card","Card","Card"],"build_version":"2020-12-22","purchased_purges":0,"victory":false,"max_hp_per_floor":[75,75,75,75,75,75,75,75,75,75,75,75,75,75,75,75,75,75,75,75],"card_choices":[{"not_picked":["HollowMod:DoubleDash","HollowMod:SharpenedNail"],"picked":"HollowMod:SiblingsShadow","floor":1},{"not_picked":["HollowMod:PureNailStrike","HollowMod:SoulSplash"],"picked":"HollowMod:NewLittleFool","floor":3},{"not_picked":["HollowMod:ChannelNail","HollowMod:DungDefenderAura"],"picked":"HollowMod:DashSlash","floor":5},{"not_picked":["HollowMod:SoulStrike","HollowMod:TaintedHusks","HollowMod:HowlingWraiths"],"picked":"SKIP","floor":6},{"not_picked":["HollowMod:DesolateDive","HollowMod:SoulSplash"],"picked":"HollowMod:LifebloodCocoon","floor":10},{"not_picked":["HollowMod:SoulStrike","HollowMod:InfectedAttack"],"picked":"HollowMod:DashSlash","floor":11},{"not_picked":["HollowMod:ChannelNail","HollowMod:MantisMark"],"picked":"HollowMod:SharpenedShadows+1","floor":12},{"not_picked":["HollowMod:LifebloodCore","HollowMod:HornetsHelp"],"picked":"HollowMod:LordofShades+1","floor":16},{"not_picked":["HollowMod:PerfectDash","HollowMod:SoulEater+1"],"picked":"HollowMod:DescendingDark+1","floor":18}],"player_experience":222955,"relics_obtained":[{"floor":2,"key":"Frozen Egg 2"},{"floor":9,"key":"Boot"}],"event_choices":[{"damage_healed":0,"gold_gain":0,"player_choice":"Relic","damage_taken":0,"max_hp_gain":0,"max_hp_loss":0,"event_name":"Wheel of Change","floor":2,"gold_loss":0},{"damage_healed":0,"gold_gain":0,"player_choice":"Success","damage_taken":7,"relics_obtained":["White Beast Statue"],"max_hp_gain":0,"max_hp_loss":0,"event_name":"Scrap Ooze","floor":4,"gold_loss":0},{"cards_removed":["HollowMod:QuickDashStart"],"damage_healed":0,"gold_gain":0,"player_choice":"Card Removal","damage_taken":7,"max_hp_gain":0,"max_hp_loss":0,"event_name":"Golden Wing","floor":13,"gold_loss":0},{"damage_healed":0,"gold_gain":0,"player_choice":"Fought Bandits","damage_taken":0,"max_hp_gain":0,"max_hp_loss":0,"event_name":"Masked Bandits","floor":19,"gold_loss":0}],"is_beta":false,"boss_relics":[{"not_picked":["Sozu","Velvet Choker"],"picked":"SacredBark"}],"items_purged_floors":[],"is_endless":false,"potions_floor_spawned":[5,6,10,11,12,16,18],"killed_by":"Masked Bandits","ascension_level":0}}