{"host":"12piqfhmdln9x2la","time":1608831390,"event":{"mods":["2.2 Compatiblity","AchievementEnabler","BaseMod","BetterRewards","Colored Powertips","Minty Spire (QoL Compilation)","Quick Restart","SuperFastMode"],"gold_per_floor":[116,136,197,272,272,303,303,333,333,353,353,371,397,411,411,516,516,516],"floor_reached":17,"playtime":280,"items_purged":[],"score":220,"play_id":"ee63694d-b9fc-43bd-bbf1-5b5226a9ec34","local_time":"20201225023630","is_ascension_mode":true,"campfire_choices":[{"floor":7,"key":"RECALL"},{"data":"Inflame","floor":15,"key":"SMITH"}],"circlet_count":0,"master_deck":["Strike_R","Strike_R","Strike_R","Strike_R","Defend_R","Defend_R","Defend_R","Defend_R","Bash","Flex","Heavy Blade","Rampage","Reaper+1","Cleave+1","Iron Wave+1","Inflame+1","Reaper+1"],"relics":["Burning Blood","NeowsBlessing","Ornamental Fan","Molten Egg 2","Tiny Chest","Black Star"],"acts_visited":["Exordium","TheCity"],"potions_floor_usage":[16,16,16],"damage_taken":[{"damage":0,"enemies":"2 Louse","floor":1,"turns":1},{"damage":0,"enemies":"Jaw Worm","floor":2,"turns":1},{"damage":0,"enemies":"Gremlin Nob","floor":6,"turns":1},{"damage":44,"enemies":"3 Sentries","floor":8,"turns":9},{"damage":1,"enemies":"Cultist","floor":10,"turns":3},{"damage":6,"enemies":"Large Slime","floor":12,"turns":5},{"damage":27,"enemies":"Gremlin Nob","floor":13,"turns":4},{"damage":0,"enemies":"3 Louse","floor":14,"turns":3},{"damage":32,"enemies":"Slime Boss","floor":16,"turns":9}],"seed_played":"-8279112752831847862","potions_obtained":[{"floor":1,"key":"Explosive Potion"},{"floor":6,"key":"ColorlessPotion"},{"floor":12,"key":"EssenceOfSteel"}],"is_trial":false,"path_per_floor":["M","M","?","?","?","E","R","E","T","M","?","M","E","M","R","B",null],"character_chosen":"IRONCLAD","items_purchased":[],"campfire_rested":0,"item_purchase_floors":[],"current_hp_per_floor":[80,80,80,69,69,75,75,37,37,42,42,43,22,28,28,9,80,80],"gold":516,"neow_bonus":"THREE_ENEMY_KILL","is_daily":false,"chose_seed":false,"campfire_upgraded":1,"win_rate":0.0,"timestamp":1608831390,"path_taken":["M","M","?","?","?","E","R","E","T","M","?","M","E","M","R","BOSS"],"items_purchased_type":[],"build_version":"2020-12-22","purchased_purges":0,"victory":false,"max_hp_per_floor":[80,80,80,80,80,80,80,80,80,80,80,80,80,80,80,80,80,80],"card_choices":[{"not_picked":["Perfected Strike","Clothesline"],"picked":"Flex","floor":1},{"not_picked":["Seeing Red","Iron Wave"],"picked":"Heavy Blade","floor":2},{"not_picked":["Body Slam","Cleave"],"picked":"Rampage","floor":6},{"not_picked":["Seeing Red","Headbutt+1"],"picked":"Reaper+1","floor":8},{"not_picked":["Thunderclap+1","Twin Strike+1"],"picked":"Cleave+1","floor":10},{"not_picked":["Havoc","Second Wind","Wild Strike+1"],"picked":"SKIP","floor":12},{"not_picked":["Wild Strike+1","Power Through"],"picked":"Iron Wave+1","floor":13},{"not_picked":["Intimidate","Headbutt+1"],"picked":"Inflame","floor":14},{"not_picked":["Barricade","Fiend Fire+1"],"picked":"Reaper+1","floor":16}],"player_experience":118364,"relics_obtained":[{"floor":6,"key":"Ornamental Fan"},{"floor":8,"key":"Molten Egg 2"},{"floor":13,"key":"Tiny Chest"}],"event_choices":[{"damage_healed":0,"gold_gain":61,"player_choice":"Gained Gold","damage_taken":0,"max_hp_gain":0,"max_hp_loss":0,"event_name":"Golden Wing","floor":3,"gold_loss":0},{"damage_healed":0,"gold_gain":75,"player_choice":"Gather Gold","damage_taken":11,"max_hp_gain":0,"max_hp_loss":0,"event_name":"World of Goop","floor":4,"gold_loss":0},{"cards_removed":["Strike_R"],"damage_healed":0,"gold_gain":0,"player_choice":"Forget","damage_taken":0,"max_hp_gain":0,"max_hp_loss":0,"event_name":"Living Wall","floor":5,"gold_loss":0},{"damage_healed":0,"gold_gain":0,"player_choice":"0 cards matched","damage_taken":0,"max_hp_gain":0,"max_hp_loss":0,"event_name":"Match and Keep!","floor":11,"gold_loss":0,"cards_obtained":[]}],"is_beta":false,"boss_relics":[{"not_picked":["Runic Pyramid","Tiny House"],"picked":"Black Star"}],"items_purged_floors":[],"is_endless":false,"potions_floor_spawned":[1,6,12],"ascension_level":2}}