{"host":"9v3x998ddbx8o276","time":1608792233,"event":{"mods":["AchievementEnabler","BaseMod","Colored Map","Highlight Path","Minty Spire (QoL Compilation)","Quick Restart","Rare Cards Sparkle"],"gold_per_floor":[113,131,131,144,144,188,188,224,247,30,50,50,50,50,50,146,146,159,175,175,8,57,57,77,118,118,118,118],"floor_reached":27,"playtime":659,"items_purged":["Strike_B"],"score":478,"play_id":"cfa48bca-64ae-44c2-87fb-75c2d0c061c5","local_time":"20201224171353","is_ascension_mode":true,"campfire_choices":[{"floor":7,"key":"REST"},{"floor":12,"key":"REST"},{"floor":15,"key":"REST"},{"floor":23,"key":"REST"}],"circlet_count":0,"master_deck":["AscendersBane","Strike_B","Strike_B","Defend_B","Defend_B","Defend_B","Zap","Dualcast","Genetic Algorithm","Compile Driver","Defragment","Beam Cell","Cold Snap","Melter","Gash","Biased Cognition+1","Undo","Double Energy+1","Static Discharge+1","Auto Shields","Hologram+1"],"relics":["Cracked Core","NeowsBlessing","Golden Idol","Potion Belt","Bronze Scales","Lantern","Vajra","Frozen Egg 2","Empty Cage","PreservedInsect","Pen Nib","Toxic Egg 2"],"acts_visited":["Exordium","TheCity"],"potions_floor_usage":[8,16,27,27],"damage_taken":[{"damage":0,"enemies":"Cultist","floor":1,"turns":1},{"damage":0,"enemies":"Small Slimes","floor":2,"turns":2},{"damage":0,"enemies":"2 Louse","floor":4,"turns":1},{"damage":49,"enemies":"3 Sentries","floor":6,"turns":8},{"damage":25,"enemies":"Lagavulin","floor":8,"turns":5},{"damage":2,"enemies":"Large Slime","floor":11,"turns":3},{"damage":39,"enemies":"The Guardian","floor":16,"turns":10},{"damage":0,"enemies":"Spheric Guardian","floor":18,"turns":1},{"damage":8,"enemies":"3 Byrds","floor":19,"turns":3},{"damage":17,"enemies":"Centurion and Healer","floor":24,"turns":6},{"damage":31,"enemies":"Book of Stabbing","floor":25,"turns":4},{"damage":18,"enemies":"Slavers","floor":27,"turns":2}],"seed_played":"4456477069659835581","potions_obtained":[{"floor":1,"key":"DistilledChaos"},{"floor":2,"key":"FearPotion"},{"floor":8,"key":"BlessingOfTheForge"},{"floor":19,"key":"GamblersBrew"},{"floor":20,"key":"PotionOfCapacity"},{"floor":20,"key":"GamblersBrew"}],"is_trial":false,"path_per_floor":["M","M","?","M","?","E","R","E","T","$","M","R","?","$","R","B",null,"M","M","?","$","T","R","M","E","T","E"],"character_chosen":"DEFECT","items_purchased":["Vajra","Melter","Static Discharge+1","PowerPotion"],"campfire_rested":4,"item_purchase_floors":[10,10,21,21],"current_hp_per_floor":[64,64,69,69,69,20,40,15,15,15,13,33,22,22,42,3,53,53,45,45,45,45,65,48,17,17,0,0],"gold":118,"neow_bonus":"THREE_ENEMY_KILL","is_daily":false,"chose_seed":false,"campfire_upgraded":0,"win_rate":0.0,"timestamp":1608792233,"path_taken":["M","?","?","M","?","E","R","E","T","$","M","R","?","?","R","BOSS","M","M","?","$","?","R","?","E","T","E"],"items_purchased_type":["Relic","Card","Card","Potion"],"build_version":"2020-12-22","purchased_purges":1,"victory":false,"max_hp_per_floor":[71,71,76,76,69,69,69,69,69,69,69,69,69,69,69,69,69,69,69,69,69,69,69,69,69,69,69,69],"card_choices":[{"not_picked":["Go for the Eyes","Reinforced Body"],"picked":"Genetic Algorithm","floor":1},{"not_picked":["Auto Shields","Go for the Eyes"],"picked":"Compile Driver","floor":2},{"not_picked":["FTL","Stack"],"picked":"Defragment","floor":4},{"not_picked":["Redo","Streamline"],"picked":"Beam Cell","floor":6},{"not_picked":["Rebound","Thunder Strike"],"picked":"Cold Snap","floor":8},{"not_picked":["Turbo","Compile Driver"],"picked":"Gash","floor":11},{"not_picked":["Core Surge","Fission"],"picked":"Biased Cognition+1","floor":16},{"not_picked":["Hologram","Beam Cell"],"picked":"Undo","floor":18},{"not_picked":["Streamline","Compile Driver"],"picked":"Double Energy+1","floor":19},{"not_picked":["Fusion","Tempest"],"picked":"Auto Shields","floor":24},{"not_picked":["Beam Cell","Steam Power"],"picked":"Hologram+1","floor":25}],"player_experience":2060248,"relics_obtained":[{"floor":6,"key":"Potion Belt"},{"floor":8,"key":"Bronze Scales"},{"floor":9,"key":"Lantern"},{"floor":22,"key":"PreservedInsect"},{"floor":25,"key":"Pen Nib"},{"floor":26,"key":"Toxic Egg 2"}],"event_choices":[{"damage_healed":0,"gold_gain":0,"player_choice":"Donut","damage_taken":0,"max_hp_gain":5,"max_hp_loss":0,"event_name":"Big Fish","floor":3,"gold_loss":0},{"damage_healed":0,"gold_gain":0,"player_choice":"Lose Max HP","damage_taken":0,"relics_obtained":["Golden Idol"],"max_hp_gain":0,"max_hp_loss":7,"event_name":"Golden Idol","floor":5,"gold_loss":0},{"damage_healed":0,"gold_gain":0,"player_choice":"Success","damage_taken":11,"relics_obtained":["Frozen Egg 2"],"max_hp_gain":0,"max_hp_loss":0,"event_name":"Scrap Ooze","floor":13,"gold_loss":0},{"damage_healed":0,"gold_gain":0,"player_choice":"Got Potions","damage_taken":0,"max_hp_gain":0,"max_hp_loss":0,"event_name":"Lab","floor":20,"gold_loss":0}],"is_beta":false,"boss_relics":[{"not_picked":["Ectoplasm","Runic Pyramid"],"picked":"Empty Cage"}],"items_purged_floors":[21],"is_endless":false,"potions_floor_spawned":[1,2,8,19],"killed_by":"Slavers","ascension_level":20}}