{"host":"5raohst9sk3kvp5v","time":1608789409,"event":{"mods":["BaseMod","Colored Powertips","Highlight Path","Minty Spire (QoL Compilation)","Quick Restart","Relic Stats","StSLib"],"gold_per_floor":[112,29,104,23,35,64,64,97,97,97,97,112,72,90,90,169,169,185,185,185,202,39,64,64,64,64],"floor_reached":25,"playtime":928,"items_purged":[],"score":554,"play_id":"70017ce8-db11-4b46-b9ff-91d4b96d175e","local_time":"20201223235649","is_ascension_mode":true,"campfire_choices":[{"data":"True Grit","floor":7.0,"key":"SMITH"},{"data":"Flex","floor":11.0,"key":"SMITH"},{"data":"Carnage","floor":15.0,"key":"SMITH"},{"floor":24,"key":"REST"}],"circlet_count":0,"master_deck":["AscendersBane","Strike_R","Strike_R","Strike_R","Strike_R","Defend_R","Defend_R","Defend_R","Defend_R","Bash","Evolve","Dark Embrace","Flame Barrier","Intimidate","True Grit+1","Flex+1","Entrench","Carnage+1","Immolate","Clothesline","Metallicize","Fiend Fire","Bludgeon"],"relics":["Burning Blood","NeowsBlessing","Sundial","Anchor","Singing Bowl","Philosopher\u0027s Stone","Juzu Bracelet"],"acts_visited":["Exordium","TheCity"],"potions_floor_usage":[23],"damage_taken":[{"damage":0.0,"enemies":"2 Louse","floor":1.0,"turns":1.0},{"damage":0.0,"enemies":"Cultist","floor":5.0,"turns":1.0},{"damage":0.0,"enemies":"Lagavulin","floor":6.0,"turns":1.0},{"damage":57.0,"enemies":"3 Sentries","floor":8.0,"turns":10.0},{"damage":1.0,"enemies":"Small Slimes","floor":12.0,"turns":4.0},{"damage":6.0,"enemies":"Looter","floor":13.0,"turns":4.0},{"damage":2.0,"enemies":"Exordium Wildlife","floor":14.0,"turns":4.0},{"damage":33.0,"enemies":"Hexaghost","floor":16.0,"turns":13.0},{"damage":46.0,"enemies":"3 Byrds","floor":18.0,"turns":4.0},{"damage":15,"enemies":"Chosen","floor":21,"turns":4},{"damage":0,"enemies":"Gremlin Leader","floor":23,"turns":5},{"damage":43,"enemies":"Slavers","floor":25,"turns":4}],"seed_played":"-6275933413305924575","potions_obtained":[{"floor":1.0,"key":"ColorlessPotion"},{"floor":5.0,"key":"EssenceOfSteel"},{"floor":8.0,"key":"LiquidMemories"},{"floor":18.0,"key":"PowerPotion"}],"is_trial":false,"path_per_floor":["M","$","?","$","M","E","R","E","T","?","R","M","M","M","R","B",null,"M","$","?","M","$","E","R","E"],"character_chosen":"IRONCLAD","items_purchased":["Dark Embrace","Flame Barrier","Fiend Fire"],"campfire_rested":1,"item_purchase_floors":[2,4,22],"current_hp_per_floor":[74,74,63,63,69,75,75,24,24,24,24,29,29,35,35,8,60,20,20,20,11,11,17,40,0,0],"gold":64,"neow_bonus":"THREE_ENEMY_KILL","is_daily":false,"chose_seed":false,"campfire_upgraded":3,"win_rate":0.0,"timestamp":1608789409,"path_taken":["M","$","?","$","M","E","R","E","T","?","R","M","M","?","R","BOSS","M","$","?","M","$","E","R","E"],"items_purchased_type":["Card","Card","Card"],"build_version":"2020-12-22","purchased_purges":0,"victory":false,"max_hp_per_floor":[75,75,75,75,75,75,75,75,75,75,75,75,75,77,77,77,77,77,77,77,77,77,77,77,77,77],"relic_stats":{"Singing Bowl":2,"counters":[12,55],"Sundial":[10],"Juzu Bracelet":0,"obtain_stats":[{"Anchor":8,"NeowsBlessing":0,"Singing Bowl":9,"Sundial":6,"Philosopher\u0027s Stone":17,"Juzu Bracelet":23,"Burning Blood":0},{"Anchor":4,"NeowsBlessing":0,"Singing Bowl":4,"Sundial":3,"Philosopher\u0027s Stone":8,"Juzu Bracelet":11,"Burning Blood":0},{"Anchor":13,"NeowsBlessing":0,"Singing Bowl":13,"Sundial":3,"Philosopher\u0027s Stone":38,"Juzu Bracelet":51,"Burning Blood":0}],"Burning Blood":66},"card_choices":[{"not_picked":["Second Wind","Wild Strike"],"picked":"Evolve","floor":1.0},{"not_picked":["Reckless Charge","Blood for Blood"],"picked":"Intimidate","floor":5.0},{"not_picked":["Searing Blow","Havoc"],"picked":"True Grit","floor":6.0},{"not_picked":["Iron Wave","Rampage"],"picked":"Flex","floor":8.0},{"not_picked":["Dual Wield","Heavy Blade"],"picked":"Entrench","floor":12.0},{"not_picked":["Shrug It Off","Rampage"],"picked":"Carnage","floor":13.0},{"not_picked":["Dual Wield","Flex","Fire Breathing"],"picked":"Singing Bowl","floor":14.0},{"not_picked":["Double Tap","Reaper"],"picked":"Immolate","floor":16.0},{"not_picked":["Heavy Blade","Clash"],"picked":"Clothesline","floor":18.0},{"not_picked":["Ghostly Armor","Sword Boomerang"],"picked":"Metallicize","floor":21},{"not_picked":["Wild Strike","Heavy Blade"],"picked":"Bludgeon","floor":23}],"player_experience":1690788,"relics_obtained":[{"floor":6.0,"key":"Sundial"},{"floor":8.0,"key":"Anchor"},{"floor":9.0,"key":"Singing Bowl"},{"floor":23,"key":"Juzu Bracelet"}],"event_choices":[{"damage_healed":0.0,"max_hp_gain":0.0,"max_hp_loss":0.0,"gold_gain":75.0,"event_name":"World of Goop","player_choice":"Gather Gold","floor":3.0,"gold_loss":0.0,"damage_taken":11.0},{"cards_removed":["Strike_R"],"damage_healed":0.0,"max_hp_gain":0.0,"max_hp_loss":0.0,"gold_gain":0.0,"event_name":"Purifier","player_choice":"Purged","floor":10.0,"gold_loss":0.0,"damage_taken":0.0}],"is_beta":false,"boss_relics":[{"not_picked":["Tiny House","Velvet Choker"],"picked":"Philosopher\u0027s Stone"}],"items_purged_floors":[],"is_endless":false,"potions_floor_spawned":[1,5,8,18],"killed_by":"Slavers","ascension_level":20}}