{"host":"951sez6ulsv0fw1i","time":1608824404,"event":{"mods":["2.2 Compatiblity","Aspiration","BaseMod","Better Third Choice","BetterRewards","CCEM","CapriCore","Conspire","Downfall","Googly Eyes","Hermit","Infinite Spire","JesterMod","Luminous","Mari Mod (Legacy)","Mari\u0027s V1 Patch","Marisa????????","Minty Spire (QoL Compilation)","Potionbrewer","Reimu??????","Shade Mod","StSLib","The Cursed","The Immortal","The Runesmith","The Servant 0.9.4","TheBandit","TheSwordswoman"],"gold_per_floor":[119,119,135,6,6,31,31,31,58,58,90,143,155,209,209,310,310,324,334,334,349,349,377,377,67,67,79,106,121,46,63,63,160,160,172,172,172,1171,1191,1191,1191,1191],"floor_reached":41,"playtime":1923,"items_purged":["Defend_Lin:ReiMu"],"score":487,"play_id":"502c6392-3f4c-4586-8c8c-57c980dd64a1","local_time":"20201224164004","is_ascension_mode":false,"campfire_choices":[{"floor":10,"key":"REST"},{"floor":15,"key":"REST"},{"data":"KyokaiOfKami:ReiMu","floor":24,"key":"SMITH"},{"data":"Gathering:ReiMu","floor":32,"key":"SMITH"},{"data":"SubcavityFantasy:ReiMu","floor":40,"key":"SMITH"}],"circlet_count":0,"master_deck":["Defend_Lin:ReiMu","Defend_Lin:ReiMu","NB:ReiMu","Stagnation:ReiMu","CardOfSanctity:ReiMu","UniversalSpiritual:ReiMu+1","Conquer:ReiMu","SpreadBorder2:ReiMu","ShadowOfCrow2:ReiMu","InherentArray:ReiMu","SpiritualOutbreak2:ReiMu","RainPray2:ReiMu","Authority:ReiMu","RainPray2:ReiMu+1","TightArray:ReiMu+1","Meditation:ReiMu+1","Bite","Bite","Bite","Bite","Bite","KyokaiOfKami:ReiMu+1","NineCharacters:ReiMu","AirStrike:ReiMu","SubAcupoint:ReiMu","Gathering:ReiMu+1","AirStrike:ReiMu","SubcavityFantasy:ReiMu+1","Conquer:ReiMu+1","infinitespire:Gouge","infinitespire:Collect","Normality","Normality","Swivel"],"relics":["FlyPower:ReiMu","PreservedInsect","Pantograph","Dream Catcher","aspiration:PoetsPen_weak","infinitespire:CheckeredPen","Bottled Tornado","Tiny Chest","Ancient Tea Set","SlaversCollar","aspiration:WatcherSkillbook","potionbrewer:DrinkingBird"],"acts_visited":["Exordium","TheCity","TheBeyond"],"potions_floor_usage":[3,6,6,6,23,23,28,41],"damage_taken":[{"damage":0,"enemies":"Small Slimes","floor":1,"turns":4},{"damage":9,"enemies":"Cultist","floor":3,"turns":4},{"damage":26,"enemies":"Lagavulin","floor":6,"turns":9},{"damage":18,"enemies":"3 Sentries","floor":11,"turns":6},{"damage":7,"enemies":"Jaw Worm","floor":13,"turns":6},{"damage":11,"enemies":"Slime Boss","floor":16,"turns":10},{"damage":7,"enemies":"Shell Parasite","floor":18,"turns":5},{"damage":0,"enemies":"3 Byrds","floor":19,"turns":3},{"damage":14,"enemies":"Centurion and Healer","floor":21,"turns":14},{"damage":37,"enemies":"Nightmare","floor":23,"turns":8},{"damage":1,"enemies":"Snake Plant","floor":27,"turns":4},{"damage":9,"enemies":"Gremlin Leader","floor":28,"turns":5},{"damage":0,"enemies":"3 Cultists","floor":29,"turns":2},{"damage":2,"enemies":"Chosen and Byrds","floor":31,"turns":3},{"damage":20,"enemies":"conspire:MysteriousRune","floor":33,"turns":7},{"damage":4,"enemies":"3 Shapes","floor":35,"turns":6},{"damage":9,"enemies":"Orb Walker","floor":39,"turns":4},{"damage":40,"enemies":"Reptomancer","floor":41,"turns":4}],"seed_played":"-3267823813656615143","potions_obtained":[{"floor":2,"key":"LiquidBronze"},{"floor":2,"key":"LiquidMemories"},{"floor":2,"key":"EntropicBrew"},{"floor":3,"key":"Ancient Potion"},{"floor":6,"key":"Weak Potion"},{"floor":11,"key":"AttackPotion"},{"floor":19,"key":"LiquidMemories"},{"floor":21,"key":"Regen Potion"},{"floor":28,"key":"AttackPotion"},{"floor":31,"key":"potionbrewer:AcidPotion"},{"floor":35,"key":"Swift Potion"}],"is_trial":false,"path_per_floor":["M","?","M","$","$","E","?","$","T","R","E","T","M","?","R","B",null,"M","M","?","M","?","NM","R","$","T","M","E","M","?","M","R","B",null,"M","?","AVR","?","M","R","E"],"character_chosen":"REIMU","items_purchased":["SpreadBorder2:ReiMu","Bottled Tornado","NineCharacters:ReiMu"],"campfire_rested":2,"item_purchase_floors":[4,25,25],"current_hp_per_floor":[47,47,38,38,38,12,12,12,12,31,13,13,6,6,25,39,65,58,58,47,33,33,23,23,23,23,26,23,25,25,29,29,33,49,49,38,38,38,31,31,0,0],"gold":1191,"neow_bonus":"THREE_RARE_CARDS","is_daily":false,"chose_seed":false,"campfire_upgraded":3,"win_rate":0.0,"timestamp":1608824404,"path_taken":["M","?","M","?","$","E","?","?","T","R","E","?","M","?","R","BOSS","M","M","?","M","?","NM","R","?","T","M","E","M","?","M","R","BOSS","M","?","AVR","?","M","R","E"],"items_purchased_type":["Card","Relic","Card"],"build_version":"2020-12-22","purchased_purges":1,"victory":false,"max_hp_per_floor":[65,65,65,65,65,65,65,65,65,65,65,65,65,65,65,65,65,65,65,70,70,49,49,49,49,49,49,49,49,49,49,49,49,49,49,49,49,49,49,49,49,49],"card_choices":[{"not_picked":["YinYang:ReiMu","BlastKick2:ReiMu"],"picked":"CardOfSanctity:ReiMu","floor":0},{"not_picked":["Mountainwind:ReiMu","Enchanting:ReiMu"],"picked":"UniversalSpiritual:ReiMu","floor":1},{"not_picked":["OrbThrow:ReiMu","AirManeuver:ReiMu"],"picked":"Conquer:ReiMu","floor":3},{"not_picked":["AirStrike:ReiMu","PayForSelf:ReiMu"],"picked":"ShadowOfCrow2:ReiMu","floor":6},{"not_picked":["AirManeuver:ReiMu","Conquer:ReiMu"],"picked":"InherentArray:ReiMu","floor":11},{"not_picked":["CareerPray:ReiMu","AirStrike:ReiMu"],"picked":"SpiritualOutbreak2:ReiMu","floor":13},{"not_picked":["OrbThrow:ReiMu","FineLineFantasy:ReiMu"],"picked":"RainPray2:ReiMu","floor":15},{"not_picked":["CeremonyResonance:ReiMu","HakureiPhantom:ReiMu"],"picked":"Authority:ReiMu","floor":16},{"not_picked":["SubcavityInstant:ReiMu","PrepareRite:ReiMu"],"picked":"RainPray2:ReiMu+1","floor":18},{"not_picked":["RainPray2:ReiMu","SubcavityInstant:ReiMu"],"picked":"TightArray:ReiMu+1","floor":19},{"not_picked":["LearningPray:ReiMu","SpringWay:ReiMu"],"picked":"Meditation:ReiMu+1","floor":21},{"not_picked":["Amulet:ReiMu","WonderfulDomain:ReiMu"],"picked":"KyokaiOfKami:ReiMu","floor":23},{"not_picked":["PassingAway:ReiMu","InherentArray:ReiMu"],"picked":"AirStrike:ReiMu","floor":27},{"not_picked":["PhosphorusFlame:ReiMu","Intuition:ReiMu"],"picked":"SubAcupoint:ReiMu","floor":28},{"not_picked":["Conquer:ReiMu+1","SpreadBorder2:ReiMu"],"picked":"Gathering:ReiMu","floor":29},{"not_picked":["FantasyBorder:ReiMu","FoulBorder2:ReiMu"],"picked":"AirStrike:ReiMu","floor":31},{"not_picked":["CleanRite:ReiMu","YinYang:ReiMu"],"picked":"SubcavityFantasy:ReiMu","floor":33},{"not_picked":["MountainWay:ReiMu","Enchanting:ReiMu"],"picked":"Conquer:ReiMu+1","floor":35},{"not_picked":["infinitespire:Execution","infinitespire:SevenWalls"],"picked":"infinitespire:Gouge","floor":36},{"not_picked":["ForcedLanding:ReiMu","EmergencyTakeOff:ReiMu+1","AirStrike:ReiMu"],"picked":"Swivel","floor":39}],"player_experience":524215,"relics_obtained":[{"floor":6,"key":"PreservedInsect"},{"floor":11,"key":"Pantograph"},{"floor":12,"key":"Dream Catcher"},{"floor":23,"key":"infinitespire:CheckeredPen"},{"floor":26,"key":"Tiny Chest"},{"floor":28,"key":"Ancient Tea Set"}],"event_choices":[{"damage_healed":0,"gold_gain":0,"player_choice":"Got Potions","damage_taken":0,"max_hp_gain":0,"max_hp_loss":0,"event_name":"Lab","floor":2,"gold_loss":0},{"damage_healed":0,"gold_gain":0,"player_choice":"Grow","damage_taken":0,"max_hp_gain":0,"max_hp_loss":0,"event_name":"Living Wall","floor":7,"gold_loss":0,"cards_upgraded":["UniversalSpiritual:ReiMu"]},{"damage_healed":0,"gold_gain":54,"player_choice":"Gained Gold","damage_taken":0,"max_hp_gain":0,"max_hp_loss":0,"event_name":"Golden Wing","floor":14,"gold_loss":0},{"damage_healed":0,"gold_gain":0,"player_choice":"Shed Blood","damage_taken":16,"max_hp_gain":5,"max_hp_loss":0,"event_name":"Forgotten Altar","floor":20,"gold_loss":0},{"damage_healed":0,"gold_gain":0,"player_choice":"Became a vampire","damage_taken":0,"max_hp_gain":0,"max_hp_loss":21,"event_name":"Vampires","floor":22,"gold_loss":0,"cards_obtained":["Bite","Bite","Bite","Bite","Bite"]},{"cards_removed":["Defend_Lin:ReiMu"],"damage_healed":0,"gold_gain":0,"player_choice":"Gave Gold","damage_taken":0,"max_hp_gain":0,"max_hp_loss":0,"event_name":"Beggar","floor":30,"gold_loss":75},{"damage_healed":0,"gold_gain":999,"player_choice":"Gold","damage_taken":0,"max_hp_gain":0,"max_hp_loss":0,"event_name":"MindBloom","floor":38,"gold_loss":0,"cards_obtained":["Normality","Normality"]}],"is_beta":false,"boss_relics":[{"not_picked":["CCEMRelics:GreenEgg","Runesmith:UraniumAnvil"],"picked":"aspiration:PoetsPen_weak"},{"not_picked":["Pandora\u0027s Box","CCEMRelics:TransientCore"],"picked":"SlaversCollar"}],"items_purged_floors":[4],"is_endless":true,"potions_floor_spawned":[3,6,11,19,21,28,31,35,39],"killed_by":"Reptomancer","ascension_level":0}}