{"host":"vyt5ne9ydo1z9gg1","time":1608788042,"event":{"mods":["BaseMod","Curses Come First","DeckTracker","GifTheSpireLib","Minty Spire (QoL Compilation)","StSLib"],"gold_per_floor":[210,210,210,13,26,66,66,84,84,125,141,141,141,164,164,285,285,309,3,3,23,39,39,59,59,131,131,147,173,183,194,194,289,289,302,96,111,111,111],"floor_reached":38,"playtime":2482,"items_purged":["Defend_B","Meteor Strike"],"score":449,"play_id":"a341ff6d-d3a4-46e0-85ec-84e89c2aae49","local_time":"20201224163402","is_ascension_mode":true,"campfire_choices":[{"data":"Zap","floor":13,"key":"SMITH"},{"floor":15,"key":"REST"},{"data":"Gash","floor":23,"key":"SMITH"},{"data":"Go for the Eyes","floor":25,"key":"SMITH"},{"data":"Capacitor","floor":32,"key":"SMITH"}],"circlet_count":0,"master_deck":["Defend_B+1","Defend_B+1","Zap+1","FTL","Ball Lightning","Self Repair","Glacier","Cold Snap","Melter","Go for the Eyes","Reinforced Body","Seek","Thunder Strike+1","Lockon+1","Chaos+1","Stack+1","Skim","Go for the Eyes+1","All For One","White Noise","Gash+1","Glacier+1","Reinforced Body+1","Streamline","Capacitor+1","Echo Form","Coolheaded","Gash+1","Self Repair"],"relics":["Cracked Core","Bloody Idol","Happy Flower","War Paint","Question Card","Blue Candle","Astrolabe","Membership Card","Shuriken","Bottled Lightning","Inserter","PreservedInsect","DollysMirror"],"acts_visited":["Exordium","TheCity","TheBeyond"],"potions_floor_usage":[6,16,16,33,38,38,38],"damage_taken":[{"damage":2,"enemies":"Jaw Worm","floor":1,"turns":4},{"damage":0,"enemies":"2 Louse","floor":5,"turns":2},{"damage":18,"enemies":"Gremlin Nob","floor":6,"turns":4},{"damage":12,"enemies":"Small Slimes","floor":8,"turns":2},{"damage":2,"enemies":"3 Sentries","floor":10,"turns":9},{"damage":9,"enemies":"Looter","floor":11,"turns":2},{"damage":8,"enemies":"3 Louse","floor":14,"turns":3},{"damage":7,"enemies":"Slime Boss","floor":16,"turns":9},{"damage":8,"enemies":"Spheric Guardian","floor":18,"turns":4},{"damage":10,"enemies":"3 Byrds","floor":21,"turns":5},{"damage":0,"enemies":"Centurion and Healer","floor":22,"turns":5},{"damage":1,"enemies":"Chosen and Byrds","floor":24,"turns":6},{"damage":18,"enemies":"Snake Plant","floor":28,"turns":6},{"damage":32,"enemies":"Gremlin Leader","floor":29,"turns":6},{"damage":17,"enemies":"Centurion and Healer","floor":30,"turns":6},{"damage":9,"enemies":"Cultist and Chosen","floor":31,"turns":7},{"damage":20,"enemies":"Automaton","floor":33,"turns":9},{"damage":20,"enemies":"3 Shapes","floor":35,"turns":6},{"damage":62,"enemies":"3 Darklings","floor":37,"turns":5},{"damage":20,"enemies":"Transient","floor":38,"turns":3}],"seed_played":"-7019021763295713480","potions_obtained":[{"floor":1,"key":"LiquidMemories"},{"floor":5,"key":"Regen Potion"},{"floor":8,"key":"FocusPotion"},{"floor":22,"key":"PotionOfCapacity"},{"floor":29,"key":"Ancient Potion"},{"floor":31,"key":"DistilledChaos"},{"floor":33,"key":"BlessingOfTheForge"}],"is_trial":false,"path_per_floor":["M","?","?","$","M","E","T","M","T","E","M","?","R","M","R","B",null,"M","$","?","M","M","R","M","R","T","?","M","E","M","M","R","B",null,"M","$","M","M"],"character_chosen":"DEFECT","items_purchased":["Happy Flower","Explosive Potion","Membership Card","Skim","Go for the Eyes","All For One","PreservedInsect","DollysMirror"],"campfire_rested":1,"item_purchase_floors":[4,4,19,19,19,19,36,36],"current_hp_per_floor":[73,55,55,55,55,56,56,51,51,56,47,40,40,39,61,61,75,74,74,74,75,75,75,75,75,75,75,69,49,44,47,47,32,75,67,67,17,0,0],"gold":111,"neow_bonus":"HUNDRED_GOLD","is_daily":false,"chose_seed":false,"campfire_upgraded":4,"win_rate":0.0,"timestamp":1608788042,"path_taken":["M","?","?","$","M","E","?","M","T","E","M","?","R","M","R","BOSS","M","$","?","M","M","R","M","R","T","?","?","E","M","?","R","BOSS","M","$","M","M"],"items_purchased_type":["Relic","Potion","Relic","Card","Card","Card","Relic","Relic"],"build_version":"2020-12-22","purchased_purges":2,"victory":false,"max_hp_per_floor":[75,75,75,75,75,75,75,75,75,75,75,75,75,75,75,75,75,75,75,75,75,75,75,75,75,75,75,75,75,75,75,75,75,75,75,75,75,75,75],"card_choices":[{"not_picked":["Consume","Redo"],"picked":"FTL","floor":1},{"not_picked":["Darkness","Stack"],"picked":"Self Repair","floor":5},{"not_picked":["Hologram","Beam Cell"],"picked":"Glacier","floor":6},{"not_picked":["Gash","Amplify"],"picked":"Cold Snap","floor":8},{"not_picked":["Ball Lightning","Reprogram","Conserve Battery"],"picked":"Melter","floor":10},{"not_picked":["Rebound","Sunder","Leap"],"picked":"Go for the Eyes","floor":11},{"not_picked":["Steam Power","Fusion","Loop"],"picked":"Reinforced Body","floor":14},{"not_picked":["Amplify","Rainbow","Core Surge"],"picked":"Seek","floor":16},{"not_picked":["Compile Driver","Glacier","Rebound"],"picked":"Stack+1","floor":18},{"not_picked":["Loop","Cold Snap","Chaos"],"picked":"White Noise","floor":21},{"not_picked":["Hello World","Darkness","Cold Snap"],"picked":"Gash","floor":22},{"not_picked":["Go for the Eyes","Meteor Strike","Steam Power+1"],"picked":"Glacier+1","floor":24},{"not_picked":["Consume+1","Steam Power","Storm"],"picked":"Reinforced Body+1","floor":28},{"not_picked":["Meteor Strike","Stack","Lockon"],"picked":"Streamline","floor":29},{"not_picked":["Sunder+1","Barrage+1","Ball Lightning","Force Field+1"],"picked":"SKIP","floor":30},{"not_picked":["Steam","Tempest","Cold Snap"],"picked":"Capacitor","floor":31},{"not_picked":["Fission","Rainbow","Hyperbeam"],"picked":"Echo Form","floor":33},{"not_picked":["Doom and Gloom","Genetic Algorithm+1","Sweeping Beam"],"picked":"Coolheaded","floor":35},{"not_picked":["Turbo+1","Ball Lightning+1","Conserve Battery"],"picked":"Self Repair","floor":37}],"player_experience":149080,"relics_obtained":[{"floor":6,"key":"War Paint"},{"floor":9,"key":"Question Card"},{"floor":10,"key":"Blue Candle"},{"floor":26,"key":"Shuriken"},{"floor":29,"key":"Bottled Lightning"}],"event_choices":[{"damage_healed":0,"gold_gain":0,"player_choice":"Take Damage","damage_taken":18,"relics_obtained":["Golden Idol"],"max_hp_gain":0,"max_hp_loss":0,"event_name":"Golden Idol","floor":2,"gold_loss":0},{"damage_healed":0,"gold_gain":0,"cards_transformed":["Strike_B"],"player_choice":"Change","damage_taken":0,"max_hp_gain":0,"max_hp_loss":0,"event_name":"Living Wall","floor":3,"gold_loss":0,"cards_obtained":["Ball Lightning"]},{"cards_removed":["Strike_B"],"damage_healed":0,"gold_gain":0,"player_choice":"Card Removal","damage_taken":7,"max_hp_gain":0,"max_hp_loss":0,"event_name":"Golden Wing","floor":12,"gold_loss":0},{"damage_healed":0,"gold_gain":0,"player_choice":"Gave Idol","damage_taken":0,"relics_obtained":["Bloody Idol"],"max_hp_gain":0,"max_hp_loss":0,"event_name":"Forgotten Altar","floor":20,"relics_lost":["Golden Idol"],"gold_loss":0},{"damage_healed":0,"gold_gain":0,"cards_transformed":["Dualcast"],"player_choice":"Transformed","damage_taken":0,"max_hp_gain":0,"max_hp_loss":0,"event_name":"Transmorgrifier","floor":27,"gold_loss":0,"cards_obtained":["Meteor Strike"]}],"is_beta":false,"boss_relics":[{"not_picked":["SacredBark","Velvet Choker"],"picked":"Astrolabe"},{"not_picked":["SlaversCollar","Black Star"],"picked":"Inserter"}],"items_purged_floors":[19,36],"is_endless":false,"potions_floor_spawned":[1,5,8,14,22,29,30,31,33],"killed_by":"Transient","ascension_level":2}}