{"host":"vhvm1b4sel61ztfv","time":1608817688,"event":{"mods":["BaseMod","Minty Spire (QoL Compilation)","Replay The Spire","StSLib"],"gold_per_floor":[114,62,76,76,76,110,110,128,153,163,189,5,22,22,22,126,126,136,136,159,5,5,23,36,36,90,108,118,42,42,62,62,62,62],"floor_reached":33,"playtime":1642,"items_purged":[],"score":257,"play_id":"64a72a6e-f159-44e4-9694-59627be39b9e","local_time":"20201224084808","is_ascension_mode":false,"campfire_choices":[{"floor":7,"key":"REST"},{"floor":15,"key":"REST"},{"floor":30,"key":"REST"},{"floor":32,"key":"REST"}],"circlet_count":0,"master_deck":["Strike_B","Strike_B","Strike_B","Strike_B","Defend_B","Defend_B","Defend_B","Zap","Dualcast","Ball Lightning","Gash","Doom and Gloom","Meteor Strike","Genetic Algorithm+1","Ball Lightning","Leap","Sunder","Double Energy","FIFO Queue+1","Panic Button","Electrodynamics","Loop","Decay","Pot Of Greed","Pot Of Greed","Leap","Pot Of Greed","Beam Cell+1","Storm+1","Chill","Static Discharge","ReplayTheSpireMod:Calculation Training"],"relics":["Cracked Core","Blood Vial","Replay:Baseball","ReplayFunnel","Grinning Jar","Replay:Antivirus Software","Strawberry"],"acts_visited":["Exordium","TheCity"],"potions_floor_usage":[11,13,16,16,18,24,31,33],"damage_taken":[{"damage":0,"enemies":"2 Louse","floor":1,"turns":2},{"damage":6,"enemies":"Jaw Worm","floor":3,"turns":2},{"damage":17,"enemies":"Replay:BlueRogue","floor":6,"turns":5},{"damage":0,"enemies":"Small Slimes","floor":8,"turns":2},{"damage":7,"enemies":"Exordium Wildlife","floor":10,"turns":3},{"damage":13,"enemies":"3 Sentries","floor":11,"turns":4},{"damage":5,"enemies":"Looter","floor":13,"turns":2},{"damage":53,"enemies":"Slime Boss","floor":16,"turns":9},{"damage":25,"enemies":"2 Thieves","floor":18,"turns":3},{"damage":10,"enemies":"3 Byrds","floor":23,"turns":4},{"damage":27,"enemies":"Snake Plant","floor":24,"turns":5},{"damage":19,"enemies":"Chosen and Byrds","floor":27,"turns":6},{"damage":8,"enemies":"Centurion and Healer","floor":28,"turns":5},{"damage":16,"enemies":"Snecko","floor":31,"turns":6},{"damage":39,"enemies":"Automaton","floor":33,"turns":4}],"seed_played":"-3901749450261062431","potions_obtained":[{"floor":1,"key":"DistilledChaos"},{"floor":8,"key":"SkillPotion"},{"floor":11,"key":"SpeedPotion"},{"floor":16,"key":"Flashbang"},{"floor":23,"key":"AttackPotion"},{"floor":28,"key":"Explosive Potion"},{"floor":31,"key":"Swift Potion"}],"is_trial":false,"path_per_floor":["M","$","M","?","?","E","R","M","T","M","E","$","M","?","R","B",null,"M","?","T","$","?","M","M","$","T","M","M","$","R","M","R","B"],"character_chosen":"DEFECT","items_purchased":["Gash","Double Energy","FIFO Queue+1","SteroidPotion","Replay:Antivirus Software","Static Discharge"],"campfire_rested":4,"item_purchase_floors":[2,12,12,12,21,29],"current_hp_per_floor":[75,75,69,69,69,52,74,75,75,68,57,57,54,54,75,22,75,50,50,50,50,50,42,17,17,24,7,1,1,25,11,35,0,0],"gold":62,"neow_bonus":"ONE_RANDOM_RARE_CARD","is_daily":false,"chose_seed":false,"campfire_upgraded":0,"win_rate":0.0,"timestamp":1608817688,"path_taken":["M","$","M","?","?","E","R","M","T","M","E","$","M","?","R","BOSS","M","?","?","$","?","M","M","?","T","M","M","$","R","M","R","BOSS"],"items_purchased_type":["Card","Card","Card","Potion","Relic","Card"],"build_version":"2020-12-22","purchased_purges":0,"victory":false,"max_hp_per_floor":[75,75,75,75,75,75,75,75,75,75,75,75,75,75,75,75,75,75,75,75,75,75,75,75,75,82,82,82,82,82,82,82,82,82],"card_choices":[{"not_picked":["BootSequence","ReplayGash"],"picked":"Ball Lightning","floor":1},{"not_picked":["Cold Snap","Barrage"],"picked":"Doom and Gloom","floor":3},{"not_picked":["Beam Cell","Recycle"],"picked":"Ball Lightning","floor":6},{"not_picked":["BasicCrystalCard","Hologram"],"picked":"Leap","floor":8},{"not_picked":["BasicCrystalCard","FTL"],"picked":"Sunder","floor":10},{"not_picked":["Reinforced Body","Steam","Core Surge"],"picked":"SKIP","floor":11},{"not_picked":["Self Repair","Barrage"],"picked":"Panic Button","floor":13},{"not_picked":["All For One","Machine Learning"],"picked":"Electrodynamics","floor":16},{"not_picked":["Barrage","Blizzard"],"picked":"Loop","floor":18},{"not_picked":["Beam Cell","FTL"],"picked":"Leap","floor":23},{"not_picked":["Conserve Battery","Ball Lightning+1"],"picked":"Beam Cell+1","floor":24},{"not_picked":["Beam Cell","Amplify"],"picked":"Storm+1","floor":27},{"not_picked":["Turbo+1","Rebound"],"picked":"Chill","floor":28},{"not_picked":["FIFO Queue","Ball Lightning"],"picked":"ReplayTheSpireMod:Calculation Training","floor":31}],"player_experience":63881,"relics_obtained":[{"floor":6,"key":"Blood Vial"},{"floor":9,"key":"Replay:Baseball"},{"floor":11,"key":"ReplayFunnel"},{"floor":20,"key":"Grinning Jar"},{"floor":26,"key":"Strawberry"}],"event_choices":[{"damage_healed":0,"gold_gain":0,"cards_transformed":["Biased Cognition"],"player_choice":"Change","damage_taken":0,"max_hp_gain":0,"max_hp_loss":0,"event_name":"Living Wall","floor":4,"gold_loss":0,"cards_obtained":["Meteor Strike"]},{"damage_healed":0,"gold_gain":0,"player_choice":"Searched \u00270\u0027 times","damage_taken":0,"max_hp_gain":0,"max_hp_loss":0,"event_name":"Dead Adventurer","floor":14,"gold_loss":0},{"damage_healed":0,"gold_gain":0,"player_choice":"Smashed Altar","damage_taken":0,"max_hp_gain":0,"max_hp_loss":0,"event_name":"Forgotten Altar","floor":19,"gold_loss":0,"cards_obtained":["Decay"]},{"damage_healed":0,"gold_gain":0,"player_choice":"Ignored","damage_taken":0,"max_hp_gain":0,"max_hp_loss":0,"event_name":"Cursed Tome","floor":22,"gold_loss":0}],"is_beta":false,"boss_relics":[{"not_picked":["Ectoplasm","Runic Dome","Coffee Dripper"]}],"items_purged_floors":[],"is_endless":false,"potions_floor_spawned":[1,8,11,16,23,28,31],"killed_by":"Automaton","ascension_level":0}}