{"host":"2se5dq1do2gp0x9k","time":1608793567,"event":{"mods":["AchievementEnabler","BaseMod","Block Reminder","Colored Map","Colored Powertips","Minty Spire (QoL Compilation)","Relic Stats","StSLib","SuperFastMode"],"gold_per_floor":[112,112,124,138,63,98,98,130,130,130,156,156,176,191,191,264,264,283,283,293,305,305,332,332,344,344,370,28,359,309,320,320,415,415,430,22,22,22,77,112,112,128,128,128,153,163,192,206,206,206,206,206,206,2,2,2],"floor_reached":55,"playtime":3065,"items_purged":["Strike_B","Zap"],"score":2481,"play_id":"7d432baa-058f-4c62-a11b-d25b39702328","local_time":"20201223230607","is_ascension_mode":true,"campfire_choices":[{"data":"Hologram","floor":7.0,"key":"SMITH"},{"floor":12.0,"key":"DIG"},{"floor":15.0,"key":"DIG"},{"floor":32.0,"key":"DIG"},{"floor":44.0,"key":"DIG"},{"floor":49.0,"key":"RECALL"},{"floor":53.0,"key":"DIG"}],"circlet_count":0,"master_deck":["AscendersBane","Glacier+1","Hologram+1","Echo Form+1","Compile Driver+1","Sunder+1","Undo+1","Creative AI+1","Skim+1","Core Surge+1","Defragment+1","Core Surge+1","Fusion+1","Static Discharge+1","Sunder+1","Glacier+1","Biased Cognition+1","Turbo+1","Magnetism+1","Echo Form+1","Consume+1","Hologram+1","Rainbow+1","Storm+1","Beam Cell+1","Seek+1","Meteor Strike+1","Hologram+1","PanicButton","Transmutation","Force Field","Reinforced Body+1","Capacitor"],"relics":["Snecko Eye","Mango","Turnip","WingedGreaves","Shovel","Ginger","Question Card","White Beast Statue","Pandora\u0027s Box","War Paint","Smiling Mask","Calipers","Boot","DollysMirror","Old Coin","Art of War","Astrolabe","ClockworkSouvenir","Mark of the Bloom","TungstenRod","Bottled Lightning","Darkstone Periapt","Vajra","Sundial","InkBottle","DataDisk"],"acts_visited":["Exordium","TheCity","TheBeyond","TheEnding"],"potions_floor_usage":[55],"damage_taken":[{"damage":6.0,"enemies":"Small Slimes","floor":1.0,"turns":4.0},{"damage":1.0,"enemies":"Cultist","floor":3.0,"turns":3.0},{"damage":0.0,"enemies":"Jaw Worm","floor":4.0,"turns":2.0},{"damage":15.0,"enemies":"Lagavulin","floor":6.0,"turns":7.0},{"damage":13.0,"enemies":"3 Sentries","floor":8.0,"turns":10.0},{"damage":5.0,"enemies":"Lagavulin","floor":11.0,"turns":6.0},{"damage":10.0,"enemies":"3 Louse","floor":13.0,"turns":3.0},{"damage":0.0,"enemies":"Blue Slaver","floor":14.0,"turns":2.0},{"damage":0.0,"enemies":"The Guardian","floor":16.0,"turns":6.0},{"damage":0.0,"enemies":"Spheric Guardian","floor":18.0,"turns":3.0},{"damage":14.0,"enemies":"Shell Parasite","floor":20.0,"turns":3.0},{"damage":0.0,"enemies":"3 Cultists","floor":21.0,"turns":4.0},{"damage":8.0,"enemies":"Gremlin Leader","floor":23.0,"turns":8.0},{"damage":0.0,"enemies":"Snecko","floor":25.0,"turns":5.0},{"damage":2.0,"enemies":"Book of Stabbing","floor":27.0,"turns":5.0},{"damage":0.0,"enemies":"Gremlin Leader","floor":29.0,"turns":4.0},{"damage":6.0,"enemies":"Chosen and Byrds","floor":31.0,"turns":6.0},{"damage":0.0,"enemies":"Champ","floor":33.0,"turns":8.0},{"damage":0.0,"enemies":"Orb Walker","floor":35.0,"turns":2.0},{"damage":0.0,"enemies":"2 Orb Walkers","floor":39.0,"turns":2.0},{"damage":0.0,"enemies":"Giant Head","floor":40.0,"turns":6.0},{"damage":0.0,"enemies":"3 Darklings","floor":42.0,"turns":6.0},{"damage":13.0,"enemies":"Maw","floor":46.0,"turns":4.0},{"damage":7.0,"enemies":"Reptomancer","floor":47.0,"turns":4.0},{"damage":0.0,"enemies":"Jaw Worm Horde","floor":48.0,"turns":3.0},{"damage":0.0,"enemies":"Donu and Deca","floor":50.0,"turns":9.0},{"damage":21.0,"enemies":"Time Eater","floor":51.0,"turns":8.0},{"damage":40,"enemies":"Shield and Spear","floor":55,"turns":3}],"seed_played":"-1143672293551413183","potions_obtained":[{"floor":6.0,"key":"PotionOfCapacity"},{"floor":11.0,"key":"GamblersBrew"},{"floor":13.0,"key":"FocusPotion"},{"floor":16.0,"key":"FearPotion"},{"floor":18.0,"key":"SkillPotion"},{"floor":20.0,"key":"PowerPotion"},{"floor":29.0,"key":"Strength Potion"},{"floor":31.0,"key":"DistilledChaos"},{"floor":33.0,"key":"GamblersBrew"},{"floor":39.0,"key":"Weak Potion"},{"floor":40.0,"key":"PowerPotion"},{"floor":42.0,"key":"BlessingOfTheForge"},{"floor":46.0,"key":"Explosive Potion"},{"floor":47.0,"key":"LiquidBronze"}],"is_trial":false,"path_per_floor":["M","?","M","M","$","E","R","E","T","T","E","R","M","M","R","B",null,"M","?","M","M","?","E","?","M","T","E","$","E","$","M","R","B",null,"M","$","?","$","?","E","?","M","T","R","T","M","E","M","R","B","B",null,"R","$","E"],"character_chosen":"DEFECT","items_purchased":["Magnetism","DollysMirror","Meteor Strike","ClockworkSouvenir","Hologram","Capacitor","DataDisk"],"campfire_rested":0,"item_purchase_floors":[28,28,36,36,36,54,54],"current_hp_per_floor":[58,58,57,57,57,56,56,43,43,43,38,38,28,28,28,28,71,71,71,57,57,57,49,49,49,49,47,47,47,47,41,41,41,74,74,74,74,74,74,74,65,65,65,65,65,52,45,45,45,45,24,24,24,24,0,0],"gold":2,"neow_bonus":"BOSS_RELIC","is_daily":false,"chose_seed":false,"campfire_upgraded":1,"win_rate":0.0,"timestamp":1608793567,"path_taken":["M","?","M","?","$","E","R","E","T","?","E","R","?","M","R","BOSS","M","?","?","?","?","E","?","M","T","E","$","E","?","M","R","BOSS","M","$","?","$","?","E","?","M","T","R","?","M","E","?","R","BOSS","BOSS","R","$","E"],"items_purchased_type":["Card","Relic","Card","Relic","Card","Card","Relic"],"build_version":"2020-12-22","purchased_purges":2,"victory":false,"max_hp_per_floor":[71,71,71,71,71,85,85,85,85,85,85,85,85,85,85,85,85,85,85,85,85,85,85,85,85,85,85,85,85,85,85,85,85,85,85,85,85,85,85,85,85,85,85,85,85,85,85,85,85,85,85,85,85,85,85,85],"relic_stats":{"Darkstone Periapt":0,"Mark of the Bloom":46,"counters":[28,136],"Astrolabe":["Storm","Beam Cell","Seek"],"Ginger":[19],"War Paint":["Undo","Dualcast"],"Question Card":22,"Smiling Mask":50,"Boot":[5],"Shovel":5,"Sundial":[2],"Snecko Eye":[250,232,232,228],"Pandora\u0027s Box":["Skim","Core Surge","Defragment","Core Surge","Fusion","Static Discharge","Sunder"],"Turnip":[21],"Art of War":[13],"obtain_stats":[{"Darkstone Periapt":44,"Mark of the Bloom":37,"Calipers":26,"Vajra":45,"Mango":6,"Ginger":11,"Smiling Mask":23,"Boot":27,"Old Coin":29,"ClockworkSouvenir":36,"Shovel":10,"DollysMirror":28,"Sundial":47,"WingedGreaves":9,"Cracked Core":0,"InkBottle":53,"Astrolabe":34,"War Paint":19,"Question Card":12,"White Beast Statue":15,"DataDisk":54,"Snecko Eye":0,"Pandora\u0027s Box":17,"Turnip":8,"Art of War":32,"Bottled Lightning":40,"TungstenRod":39},{"Darkstone Periapt":22,"Mark of the Bloom":19,"Calipers":14,"Vajra":22,"Mango":4,"Ginger":6,"Smiling Mask":13,"Boot":15,"Old Coin":16,"ClockworkSouvenir":19,"Shovel":5,"DollysMirror":15,"Sundial":24,"WingedGreaves":5,"Cracked Core":0,"InkBottle":27,"Astrolabe":18,"War Paint":10,"Question Card":6,"White Beast Statue":8,"DataDisk":27,"Snecko Eye":0,"Pandora\u0027s Box":9,"Turnip":5,"Art of War":17,"Bottled Lightning":21,"TungstenRod":20},{"Darkstone Periapt":105,"Mark of the Bloom":91,"Calipers":66,"Vajra":105,"Mango":16,"Ginger":32,"Smiling Mask":61,"Boot":71,"Old Coin":75,"ClockworkSouvenir":91,"Shovel":26,"DollysMirror":71,"Sundial":113,"WingedGreaves":26,"Cracked Core":0,"InkBottle":133,"Astrolabe":89,"War Paint":46,"Question Card":32,"White Beast Statue":37,"DataDisk":133,"Snecko Eye":0,"Pandora\u0027s Box":43,"Turnip":26,"Art of War":81,"Bottled Lightning":99,"TungstenRod":93}],"TungstenRod":8,"InkBottle":[1]},"card_choices":[{"not_picked":["Streamline","Steam"],"picked":"Ball Lightning","floor":1.0},{"not_picked":["Blizzard","White Noise"],"picked":"Glacier","floor":3.0},{"not_picked":["Reprogram","Ball Lightning"],"picked":"Hologram","floor":4.0},{"not_picked":["Chaos","Ball Lightning"],"picked":"Echo Form","floor":6.0},{"not_picked":["Gash","Loop"],"picked":"Compile Driver","floor":8.0},{"not_picked":["Rebound","Tempest"],"picked":"Sunder","floor":11.0},{"not_picked":["Beam Cell","Steam","Steam Power"],"picked":"Reinforced Body","floor":13.0},{"not_picked":["Double Energy","Streamline","Compile Driver"],"picked":"Undo","floor":14.0},{"not_picked":["Buffer","Core Surge","Seek"],"picked":"Creative AI","floor":16.0},{"not_picked":["Sweeping Beam","FTL","Steam","Beam Cell"],"picked":"SKIP","floor":18.0},{"not_picked":["Rebound+1","Sweeping Beam+1","Cold Snap"],"picked":"Glacier","floor":20.0},{"not_picked":["Lockon","Steam","Conserve Battery","Redo"],"picked":"SKIP","floor":21.0},{"not_picked":["Coolheaded","Go for the Eyes","Undo"],"picked":"Biased Cognition","floor":23.0},{"not_picked":["Compile Driver","Cold Snap","Genetic Algorithm","Darkness"],"picked":"SKIP","floor":25.0},{"not_picked":["Steam","Conserve Battery","Leap"],"picked":"Turbo","floor":27.0},{"not_picked":["Melter","Reboot","Beam Cell"],"picked":"Consume","floor":29.0},{"not_picked":["Gash","Reinforced Body","Stack"],"picked":"Hologram","floor":31.0},{"not_picked":["Amplify","Buffer","Multi-Cast"],"picked":"Rainbow","floor":33.0},{"not_picked":["White Noise+1","Darkness","Go for the Eyes","Reprogram"],"picked":"SKIP","floor":35.0},{"not_picked":["Conserve Battery+1","Gash","Compile Driver","Steam"],"picked":"SKIP","floor":40.0},{"not_picked":["Swift Strike","Madness","Forethought"],"picked":"PanicButton","floor":41.0},{"not_picked":["Forethought","Dramatic Entrance","Enlightenment"],"picked":"Transmutation","floor":41.0},{"not_picked":["FTL","Blizzard","Go for the Eyes","Leap"],"picked":"SKIP","floor":42.0},{"not_picked":["Streamline+1","Redo","Reinforced Body+1"],"picked":"Force Field","floor":46.0},{"not_picked":["Turbo","Barrage","Beam Cell","BootSequence"],"picked":"SKIP","floor":47.0},{"not_picked":["Sweeping Beam","Rip and Tear+1","FTL+1"],"picked":"Reinforced Body+1","floor":48.0}],"player_experience":3609827,"relics_obtained":[{"floor":6.0,"key":"Mango"},{"floor":8.0,"key":"Turnip"},{"floor":9.0,"key":"WingedGreaves"},{"floor":10.0,"key":"Shovel"},{"floor":11.0,"key":"Ginger"},{"floor":12.0,"key":"Question Card"},{"floor":15.0,"key":"White Beast Statue"},{"floor":23.0,"key":"Smiling Mask"},{"floor":26.0,"key":"Calipers"},{"floor":27.0,"key":"Boot"},{"floor":29.0,"key":"Old Coin"},{"floor":32.0,"key":"Art of War"},{"floor":39.0,"key":"TungstenRod"},{"floor":40.0,"key":"Bottled Lightning"},{"floor":44.0,"key":"Darkstone Periapt"},{"floor":45.0,"key":"Vajra"},{"floor":47.0,"key":"Sundial"},{"floor":53.0,"key":"InkBottle"}],"event_choices":[{"damage_healed":0.0,"max_hp_gain":0.0,"max_hp_loss":0.0,"gold_gain":0.0,"event_name":"Upgrade Shrine","player_choice":"Upgraded","floor":2.0,"gold_loss":0.0,"damage_taken":0.0,"cards_upgraded":["Ball Lightning"]},{"damage_healed":0.0,"max_hp_gain":0.0,"max_hp_loss":0.0,"gold_gain":0.0,"event_name":"WeMeetAgain","player_choice":"Gave Potion","floor":19.0,"gold_loss":0.0,"damage_taken":0.0,"relics_obtained":["War Paint"]},{"damage_healed":0.0,"max_hp_gain":0.0,"max_hp_loss":0.0,"gold_gain":0.0,"event_name":"Ghosts","player_choice":"Ignored","floor":22.0,"gold_loss":0.0,"damage_taken":0.0},{"damage_healed":0.0,"max_hp_gain":0.0,"max_hp_loss":0.0,"gold_gain":0.0,"event_name":"Vampires","player_choice":"Ignored","floor":24.0,"gold_loss":0.0,"damage_taken":0.0},{"damage_healed":0.0,"max_hp_gain":0.0,"max_hp_loss":0.0,"gold_gain":0.0,"event_name":"MindBloom","player_choice":"Upgrade","floor":37.0,"gold_loss":0.0,"damage_taken":0.0,"cards_upgraded":["Glacier","Echo Form","Compile Driver","Sunder","Creative AI","Skim","Core Surge","Defragment","Core Surge","Fusion","Static Discharge","Sunder","Glacier","Biased Cognition","Turbo","Magnetism","Echo Form","Consume","Hologram","Rainbow","Meteor Strike","Hologram"],"relics_obtained":["Mark of the Bloom"]},{"damage_healed":0.0,"max_hp_gain":0.0,"max_hp_loss":0.0,"gold_gain":0.0,"event_name":"Mysterious Sphere","player_choice":"Fight","floor":39.0,"gold_loss":0.0,"damage_taken":0.0},{"damage_healed":0.0,"max_hp_gain":0.0,"max_hp_loss":0.0,"gold_gain":0.0,"event_name":"SensoryStone","player_choice":"Memory 3","floor":41.0,"gold_loss":0.0,"damage_taken":10.0}],"is_beta":false,"boss_relics":[{"not_picked":["Tiny House","Cursed Key"],"picked":"Pandora\u0027s Box"},{"not_picked":["Velvet Choker","Fusion Hammer"],"picked":"Astrolabe"}],"items_purged_floors":[5,30],"is_endless":false,"potions_floor_spawned":[6,11,13,16,18,20,21,23,25,27,29,31,33,35,39,40,42,46,47,48],"killed_by":"Shield and Spear","ascension_level":20}}