{"host":"uyrebrj0204enqpc","time":1608828059,"event":{"mods":["BaseMod","Block Reminder","Challenge The Spire","Colored Map","Downfall","GifTheSpireLib","HexUI Lib","Highlight Path","Hubris","Minty Spire (QoL Compilation)","Quick Restart","Replay The Spire","Shop Mod","StSLib","The Blue Laboratory","The Bug Knight"],"gold_per_floor":[112,112,112,131,131,131,158,158,158,185,199,218,218,233,233,333,333,348,348,360,370,370,397,397,408,482,482,516,516,526,539,539,641,641,652,193,211,211,227,227,257,307,387,387,400,416,416,432,432,432,432,432,268,300,300],"floor_reached":56,"playtime":2173,"items_purged":["Strike_G","Defend_G"],"score":1354,"play_id":"b5a540c5-d2de-4903-b3be-1e07bdd93665","local_time":"20201224114059","is_ascension_mode":true,"campfire_choices":[{"data":"Poisoned Stab","floor":6.0,"key":"SMITH"},{"data":"Toxin Wave","floor":8.0,"key":"SMITH"},{"floor":15.0,"key":"DIG"},{"floor":27.0,"key":"REST"},{"data":"Strike_G","floor":29.0,"key":"PURGE"},{"data":"Strike_G","floor":32.0,"key":"PURGE"},{"data":"Strike_G","floor":40.0,"key":"PURGE"},{"floor":44,"key":"RECALL"},{"data":"Strike_G","floor":47,"key":"PURGE"},{"data":"Toxin Wave+1","floor":49,"key":"PURGE"},{"data":"Poisoned Stab+1","floor":52,"key":"PURGE"}],"circlet_count":0,"master_deck":["Defend_G","Defend_G","Defend_G","Survivor","Neutralize","Deflect","Deflect","Acrobatics","Dagger Throw","hubris:Sniper","Storm of Steel+1","Storm of Steel+1","Acrobatics+1","ReplayTheSpireMod:Scrap Shanks+1","Reflex","Phantasmal Killer+1","ReplayTheSpireMod:Scrap Shanks","Accuracy+1"],"relics":["NeowsBlessing","StrikeDummy","ReplayTheSpireMod:Ring of Collecting","Golden Egg","Ring of Fury","Omamori","Onion Ring","Sizzling Blood","Strawberry","HoveringKite","Blood Vial","Peace Pipe","Pantograph","Mummified Hand","Snecko Scales","Membership Card","Tough Bandages","InkBottle","PreservedInsect","hubris:GlazedTorus","Vajra","hubris:BundleOfHerbs"],"acts_visited":["Exordium","TheCity","TheBeyond","TheEnding"],"potions_floor_usage":[55,55],"damage_taken":[{"damage":0.0,"enemies":"Cultist","floor":1.0,"turns":1.0},{"damage":0.0,"enemies":"Small Slimes","floor":4.0,"turns":1.0},{"damage":0.0,"enemies":"Replay:BlueRogue","floor":7.0,"turns":1.0},{"damage":28.0,"enemies":"3 Sentries","floor":10.0,"turns":7.0},{"damage":0.0,"enemies":"2 Louse","floor":11.0,"turns":1.0},{"damage":1.0,"enemies":"Blue Slaver","floor":12.0,"turns":2.0},{"damage":0.0,"enemies":"Gremlin Gang","floor":14.0,"turns":2.0},{"damage":48.0,"enemies":"The Guardian","floor":16.0,"turns":11.0},{"damage":12.0,"enemies":"Shell Parasite","floor":18.0,"turns":2.0},{"damage":10.0,"enemies":"Chosen","floor":20.0,"turns":3.0},{"damage":28.0,"enemies":"Snake Plant","floor":21.0,"turns":3.0},{"damage":37.0,"enemies":"Replay:Snechameleon","floor":23.0,"turns":7.0},{"damage":0.0,"enemies":"Shelled Parasite and Fungi","floor":25.0,"turns":1.0},{"damage":9.0,"enemies":"Slavers","floor":28.0,"turns":3.0},{"damage":5.0,"enemies":"Centurion and Healer","floor":30.0,"turns":2.0},{"damage":15.0,"enemies":"Snecko","floor":31.0,"turns":3.0},{"damage":34.0,"enemies":"hubris:MusketHawk","floor":33.0,"turns":4.0},{"damage":0.0,"enemies":"Orb Walker","floor":35.0,"turns":2.0},{"damage":0.0,"enemies":"3 Shapes","floor":37.0,"turns":2.0},{"damage":0.0,"enemies":"Maw","floor":39.0,"turns":2.0},{"damage":0.0,"enemies":"Reptomancer","floor":41.0,"turns":2.0},{"damage":0,"enemies":"Mind Bloom Boss Battle","floor":42,"turns":2},{"damage":0,"enemies":"Spire Growth","floor":45,"turns":2},{"damage":0,"enemies":"Sphere and 2 Shapes","floor":46,"turns":2},{"damage":0,"enemies":"Maw","floor":48,"turns":3},{"damage":8,"enemies":"hubris:GrandSnecko","floor":50,"turns":4},{"damage":0,"enemies":"Shield and Spear","floor":54,"turns":2},{"damage":41,"enemies":"The Heart","floor":55,"turns":4}],"seed_played":"-8913381804939168968","potions_obtained":[{"floor":4.0,"key":"blueLaboratory:StoneskinPotion"},{"floor":7.0,"key":"Elixir"},{"floor":10.0,"key":"champ:CounterPotion"},{"floor":12.0,"key":"AttackPotion"},{"floor":20.0,"key":"blueLaboratory:ArtistsPotion"},{"floor":23.0,"key":"CunningPotion"},{"floor":28.0,"key":"blueLaboratory:HummingbirdPotion"},{"floor":33.0,"key":"blueLaboratory:StoneskinPotion"},{"floor":35.0,"key":"blueLaboratory:LouseDecoction"},{"floor":46,"key":"blueLaboratory:BottleOfRum"}],"is_trial":false,"path_per_floor":["M","T","?","M","?","R","E","R","T","E","M","M","?","M","R_BF","B",null,"M","?","M","M","?","E","?","M","T","R","E","R","M","M","R","B",null,"M","$","M","?","M","R","E","?","T","R","M","M","R","M","R","B",null,"R","$","E","B",null],"character_chosen":"THE_SILENT","items_purchased":["Membership Card","Tough Bandages","InkBottle","Vajra","Accuracy"],"campfire_rested":1,"item_purchase_floors":[36,36,36,53,53],"current_hp_per_floor":[70,70,63,63,63,63,63,63,63,35,35,34,38,42,49,5,81,73,73,67,43,43,12,12,18,18,42,39,39,40,31,31,28,81,81,81,81,81,81,81,81,81,81,81,81,81,81,81,81,77,81,81,81,81,44],"gold":300,"neow_bonus":"THREE_ENEMY_KILL","is_daily":false,"chose_seed":false,"campfire_upgraded":2,"win_rate":0.0,"timestamp":1608828059,"path_taken":["M","?","?","M","?","R","E","R","T","E","M","M","?","M","R_BF","BOSS","M","?","M","?","?","E","?","M","T","R","E","R","?","M","R","BOSS","M","$","M","?","M","R","E","?","T","R","M","M","R","M","R","BOSS","R","$","E","BOSS"],"items_purchased_type":["Relic","Relic","Relic","Relic","Card"],"build_version":"2020-12-22","purchased_purges":2,"victory":true,"max_hp_per_floor":[70,70,70,70,70,70,70,70,70,70,70,70,74,74,81,81,81,81,81,81,81,81,81,81,81,81,81,81,81,81,81,81,81,81,81,81,81,81,81,81,81,81,81,81,81,81,81,81,81,81,81,81,81,81,81],"card_choices":[{"not_picked":["Hidden Blade","All Out Attack"],"picked":"Deflect","floor":1.0},{"not_picked":["Hidden Blade","Expertise"],"picked":"Poisoned Stab","floor":4.0},{"not_picked":["Expertise","Finisher"],"picked":"Toxin Wave","floor":7.0},{"not_picked":["Endless Agony","Backflip"],"picked":"Deflect","floor":10.0},{"not_picked":["Crippling Poison","Dash"],"picked":"Acrobatics","floor":11.0},{"not_picked":["Catalyst","Fluid Movement"],"picked":"Dagger Throw","floor":12.0},{"not_picked":["Expertise","Flechettes"],"picked":"hubris:Sniper","floor":14.0},{"not_picked":["Wraith Form v2","ReplayTheSpireMod:From All Sides"],"picked":"Storm of Steel","floor":16.0},{"not_picked":["hubris:SlightOfHand","Slice","Flying Knee"],"picked":"SKIP","floor":18.0},{"not_picked":["Dagger Throw","Draining Mist+1"],"picked":"Acrobatics+1","floor":20.0},{"not_picked":["Underhanded Strike+1","Catalyst+1","Quick Slash"],"picked":"SKIP","floor":21.0},{"not_picked":["Bane+1","Poison Darts"],"picked":"ReplayTheSpireMod:Scrap Shanks+1","floor":23.0},{"not_picked":["Terror","PiercingWail","Flechettes+1"],"picked":"SKIP","floor":25.0},{"not_picked":["Bane","Underhanded Strike+1","Flying Knee+1"],"picked":"SKIP","floor":28.0},{"not_picked":["Dash","Quick Slash+1","Dodge and Roll+1"],"picked":"SKIP","floor":30.0},{"not_picked":["Predator+1","ReplayTheSpireMod:Shiv Toss"],"picked":"Reflex","floor":31.0},{"not_picked":["Doppelganger","Poison Darts"],"picked":"Phantasmal Killer","floor":33.0},{"not_picked":["Quick Slash","Deadly Poison+1","Terror"],"picked":"SKIP","floor":35.0},{"not_picked":["Outmaneuver+1","Sucker Punch","Underhanded Strike"],"picked":"SKIP","floor":37.0},{"not_picked":["Acrobatics","Sneak Up+1","Deadly Poison"],"picked":"SKIP","floor":39.0},{"not_picked":["Footwork","hubris:TrickCloak+1","Cloak And Dagger"],"picked":"SKIP","floor":41.0},{"not_picked":["Escape Plan","Underhanded Strike+1"],"picked":"ReplayTheSpireMod:Scrap Shanks","floor":42},{"not_picked":["Backstab","Setup+1","Corpse Explosion"],"picked":"SKIP","floor":45},{"not_picked":["Deflect","Dagger Throw","Bane"],"picked":"SKIP","floor":46},{"not_picked":["Prepared+1","Hidden Blade","Cloak And Dagger"],"picked":"SKIP","floor":48},{"not_picked":["Slice+1","Backflip+1","Dash"],"picked":"SKIP","floor":54}],"player_experience":901346,"relics_obtained":[{"floor":2.0,"key":"StrikeDummy"},{"floor":5.0,"key":"ReplayTheSpireMod:Ring of Collecting"},{"floor":7.0,"key":"Golden Egg"},{"floor":9.0,"key":"Ring of Fury"},{"floor":9.0,"key":"Omamori"},{"floor":10.0,"key":"Onion Ring"},{"floor":15.0,"key":"Strawberry"},{"floor":23.0,"key":"Peace Pipe"},{"floor":26.0,"key":"Pantograph"},{"floor":28.0,"key":"Mummified Hand"},{"floor":41.0,"key":"PreservedInsect"},{"floor":42,"key":"hubris:GlazedTorus"},{"floor":54,"key":"hubris:BundleOfHerbs"}],"event_choices":[{"cards_removed":["Defend_G"],"damage_healed":0.0,"max_hp_gain":0.0,"max_hp_loss":0.0,"gold_gain":0.0,"event_name":"Golden Wing","player_choice":"Card Removal","floor":3.0,"gold_loss":0.0,"damage_taken":7.0},{"damage_healed":0.0,"max_hp_gain":0.0,"max_hp_loss":0.0,"gold_gain":0.0,"event_name":"Duplicator","player_choice":"Copied","floor":19.0,"gold_loss":0.0,"damage_taken":0.0,"cards_obtained":["Storm of Steel"]},{"cards_removed":["Amnesia"],"damage_healed":0.0,"max_hp_gain":0.0,"max_hp_loss":0.0,"gold_gain":0.0,"event_name":"Fountain of Cleansing","player_choice":"Removed Curses","floor":24.0,"gold_loss":0.0,"damage_taken":0.0},{"damage_healed":0.0,"max_hp_gain":0.0,"max_hp_loss":0.0,"gold_gain":0.0,"event_name":"Tomb of Lord Red Mask","player_choice":"Ignored","floor":38.0,"gold_loss":0.0,"damage_taken":0.0},{"damage_healed":0,"gold_gain":0,"player_choice":"Fight","damage_taken":0,"max_hp_gain":0,"max_hp_loss":0,"event_name":"MindBloom","floor":42,"gold_loss":0}],"is_beta":false,"boss_relics":[{"not_picked":["Replay:Wanted Poster","hubris:VirtuousBlindfold"],"picked":"HoveringKite"},{"not_picked":["Runic Pyramid","hubris:TerracottaHorce"],"picked":"Snecko Scales"}],"items_purged_floors":[36,53],"is_endless":false,"potions_floor_spawned":[4,7,10,12,20,23,25,28,33,35,37,46],"ascension_level":1}}