{"host":"q229ysid750dmjme","time":1608798260,"event":{"mods":["AchievementEnabler","BaseMod","Colored Map","Minty Spire (QoL Compilation)","Prisma Mod","StSLib","The Animator","everything is the same but u backflip on backflip"],"gold_per_floor":[10,24,38,113,113,144,159,84,84,112,122,22,22,22],"floor_reached":13,"playtime":1094,"items_purged":["Strike_P","Strike_P"],"score":100,"play_id":"4767ec40-ffc6-4488-9521-ac952cd2ad68","local_time":"20201224172420","is_ascension_mode":true,"campfire_choices":[],"circlet_count":0,"master_deck":["Strike_P+1","Defend_P","Defend_P","Defend_P+1","Defend_P","Eruption","Vigilance","LessonLearned","PathToVictory+1","ThirdEye","EmptyBody","MentalFortress","CrushJoints","PathToVictory","Meditate"],"relics":["PureWater","InkBottle","Kunai","Meat on the Bone"],"acts_visited":["Exordium"],"potions_floor_usage":[11],"damage_taken":[{"damage":3.0,"enemies":"Jaw Worm","floor":1.0,"turns":3.0},{"damage":0.0,"enemies":"2 Louse","floor":2.0,"turns":3.0},{"damage":8.0,"enemies":"Cultist","floor":3.0,"turns":6.0},{"damage":20.0,"enemies":"Lagavulin","floor":6.0,"turns":9.0},{"damage":2.0,"enemies":"Red Slaver","floor":7.0,"turns":5.0},{"damage":22,"enemies":"3 Sentries","floor":10,"turns":12},{"damage":5,"enemies":"Exordium Thugs","floor":11,"turns":4},{"damage":31,"enemies":"Gremlin Nob","floor":13,"turns":3}],"seed_played":"-6273508150027175485","potions_obtained":[{"floor":2.0,"key":"Explosive Potion"},{"floor":10,"key":"BottledMiracle"},{"floor":11,"key":"SpeedPotion"}],"is_trial":false,"path_per_floor":["M","M","M","?","?","E","M","$","T","E","M","$","E"],"character_chosen":"WATCHER","items_purchased":[],"campfire_rested":0,"item_purchase_floors":[],"current_hp_per_floor":[69,69,61,50,50,30,28,28,28,6,13,13,0,0],"gold":22,"neow_bonus":"THREE_RARE_CARDS","is_daily":false,"chose_seed":false,"campfire_upgraded":0,"win_rate":0.0,"timestamp":1608798260,"path_taken":["M","M","M","?","?","E","M","$","T","E","M","?","E"],"items_purchased_type":[],"build_version":"2020-12-22","purchased_purges":2,"victory":false,"max_hp_per_floor":[72,72,72,72,72,72,72,72,72,72,72,72,72,72],"card_choices":[{"not_picked":["Devotion","Establishment"],"picked":"LessonLearned","floor":0.0},{"not_picked":["Protect","DeceiveReality"],"picked":"PathToVictory","floor":1.0},{"not_picked":["Halt","Prostrate"],"picked":"ThirdEye","floor":2.0},{"not_picked":["Consecrate","FollowUp"],"picked":"EmptyBody","floor":3.0},{"not_picked":["Worship","Pray"],"picked":"CrushJoints","floor":6.0},{"not_picked":["EmptyMind","Evaluate"],"picked":"PathToVictory","floor":7.0},{"not_picked":["Weave","EmptyBody","Swivel"],"picked":"SKIP","floor":10},{"not_picked":["Crescendo","ThirdEye"],"picked":"Meditate","floor":11}],"player_experience":316015,"relics_obtained":[{"floor":6.0,"key":"InkBottle"},{"floor":9.0,"key":"Kunai"},{"floor":10,"key":"Meat on the Bone"}],"event_choices":[{"damage_healed":0.0,"max_hp_gain":0.0,"max_hp_loss":0.0,"gold_gain":75.0,"event_name":"World of Goop","player_choice":"Gather Gold","floor":4.0,"gold_loss":0.0,"damage_taken":11.0},{"damage_healed":0.0,"max_hp_gain":0.0,"max_hp_loss":0.0,"gold_gain":0.0,"cards_transformed":["Strike_P"],"event_name":"Living Wall","player_choice":"Change","floor":5.0,"gold_loss":0.0,"damage_taken":0.0,"cards_obtained":["MentalFortress"]}],"is_beta":false,"boss_relics":[],"items_purged_floors":[8,12],"is_endless":false,"potions_floor_spawned":[2,10,11],"killed_by":"Gremlin Nob","ascension_level":1}}