{"host":"lck2g1j0kcwr02ez","time":1608824218,"event":{"mods":["Act Like it!","BaseMod","CapriCore","Hallownest","Mari Mod (Legacy)","Mari\u0027s V1 Patch","Minty Spire (QoL Compilation)","Prisma Mod","Rare Cards Sparkle","StSLib","The Bug Knight","The Hierophant"],"gold_per_floor":[111,111,130,9262,8613,8644,8678,8678,8705,8705,8738,8751,8210,8221,8221,8319,8319,8333,7616,6795,6795,6795,6826,6576,6605,6630,6644,5911,5939,5983,6001,6001,6103,6103,6113,6113,5561,5721,5079,5110,5110,5190,5190,5190,5190,5223,5237,5254,5254,5254,5254,5254,4694,4727,4727],"floor_reached":56,"playtime":3583,"items_purged":["HollowMod:DoubleDash","HollowMod:Grubsong"],"score":1720,"play_id":"37b2c928-7547-49c3-b6b4-e8e5d680e5c6","local_time":"20201224233658","daily_mods":["SealedDeck","Heirloom","Flight"],"is_ascension_mode":false,"campfire_choices":[{"data":"Enlightenment","floor":10,"key":"SMITH"},{"floor":15,"key":"RECALL"},{"data":"HollowMod:GoodIntentions","floor":32,"key":"SMITH"},{"data":"HollowMod:SoulEater","floor":41,"key":"SMITH"},{"data":"HollowMod:HowlingWraiths","floor":45,"key":"SMITH"},{"data":"HollowMod:DungDefenderAura","floor":49,"key":"SMITH"},{"data":"HollowMod:HeavyBlow","floor":52,"key":"SMITH"}],"circlet_count":0,"master_deck":["HollowMod:PureNailStrike+1","HollowMod:SoulEater","HollowMod:DungDefenderAura+1","HollowMod:GreatSlash+1","HollowMod:HeavyBlow+1","HollowMod:GoodIntentions+1","HollowMod:SoulEater+1","Enlightenment+1","HollowMod:HeavyBlow+1","HollowMod:HowlingWraiths+1","HollowMod:DungDefenderAura","HollowMod:SlysStrikes+1","HollowMod:SoulMaster+1","HollowMod:SoulVessel+1","HollowMod:GoodIntentions+1","HollowMod:GreatSlash+1","HollowMod:MantisMark+1","HollowMod:GoodIntentions+1"],"relics":["Snecko Eye","Pocketwatch","Hallownest:DreamNailRelic","Pen Nib","Orichalcum","Orrery","Potion Belt","Letter Opener","Nunchaku","Frozen Egg 2","Anchor","Eternal Feather","Prayer Wheel","Busted Crown","Toxic Egg 2","Dream Catcher","TheAbacus","Bottled Tornado","HollowMod:JonisBlessing","Mercury Hourglass","Ancient Tea Set","Hallownest:UnbreakableCardRelic","Turnip","Blood Vial","HollowMod:KingsBrand","Ice Cream","Medical Kit","CeramicFish","Whetstone","Cursed Key","Omamori","HornCleat","ClockworkSouvenir","Hallownest:GodTamersBeastRelic","CaptainsWheel","MealTicket","Strange Spoon","Smiling Mask","Bag of Marbles","Hallownest:BeastSealRelic","Akabeko","Lantern","StrikeDummy","Frozen Eye","Boot"],"acts_visited":["Exordium","Hallownest:Greenpath","Hallownest:CityofTears","TheEnding"],"potions_floor_usage":[7,8,23,23,29,29,30,38,40,40,54,55,55],"damage_taken":[{"damage":0,"enemies":"Hallownest:2_Tiktiks_and_1_Crawlid","floor":1,"turns":1},{"damage":0,"enemies":"2_ Uuma","floor":3,"turns":3},{"damage":1,"enemies":"Hallownest:eliteCrystalGuardian","floor":6,"turns":3},{"damage":0,"enemies":"Hallownest:eliteMossKnight","floor":7,"turns":3},{"damage":0,"enemies":"Hallownest:monsterMarmu","floor":8,"turns":3},{"damage":2,"enemies":"Hallownest:eliteCrystalGuardian","floor":11,"turns":4},{"damage":0,"enemies":"Hallownest:2_MossCreeps","floor":12,"turns":3},{"damage":0,"enemies":"Hallownest:monsterMossCharger","floor":14,"turns":3},{"damage":0,"enemies":"Hallownest:BossBrokenVessel","floor":16,"turns":6},{"damage":0,"enemies":"Hallownest:3_Youths","floor":18,"turns":3},{"damage":0,"enemies":"Hallownest:eliteWatcherKnight","floor":23,"turns":6},{"damage":0,"enemies":"Hallownest:Nosk","floor":25,"turns":4},{"damage":0,"enemies":"Hallownest:2_Mistakes","floor":27,"turns":3},{"damage":0,"enemies":"Hallownest:eliteSoulWarrior","floor":29,"turns":4},{"damage":0,"enemies":"Hallownest:Nosk","floor":30,"turns":5},{"damage":0,"enemies":"Hallownest:Master_and_Novice","floor":31,"turns":2},{"damage":0,"enemies":"Hallownest:BossMantisLord","floor":33,"turns":4},{"damage":0,"enemies":"Hallownest:2_Littles","floor":35,"turns":3},{"damage":0,"enemies":"Hallownest:2_Littles","floor":38,"turns":3},{"damage":0,"enemies":"Hallownest:2_Littles","floor":38,"turns":3},{"damage":0,"enemies":"Hallownest:2_Littles","floor":38,"turns":4},{"damage":0,"enemies":"Hallownest:2_Littles","floor":38,"turns":2},{"damage":0,"enemies":"Hallownest:StalkingDevout","floor":40,"turns":3},{"damage":0,"enemies":"Hallownest:eliteHiveKnight","floor":46,"turns":4},{"damage":0,"enemies":"Hallownest:3_Siblings","floor":47,"turns":1},{"damage":0,"enemies":"Hallownest:monsterPrimalAspid","floor":48,"turns":2},{"damage":0,"enemies":"Hallownest:BossHollowKnight","floor":50,"turns":6},{"damage":0,"enemies":"Shield and Spear","floor":54,"turns":3},{"damage":2,"enemies":"The Heart","floor":55,"turns":9}],"seed_played":"1422960758672994090","potions_obtained":[{"floor":3,"key":"Block Potion"},{"floor":11,"key":"FearPotion"},{"floor":29,"key":"FearPotion"},{"floor":33,"key":"FearPotion"},{"floor":47,"key":"PowerPotion"}],"is_trial":true,"path_per_floor":["M","?","M","$","$","E","E","?","T","R","E","M","$","M","R","B",null,"M","$","$","?","?","E","?","E","T","M","$","E","E","M","R","B",null,"M","?","$","?","$","E","R","T","T","?","R","E","M","M","R","B",null,"R","$","E","B",null],"character_chosen":"THE_BUGKNIGHT","items_purchased":["Weak Potion","FearPotion","Pen Nib","Orichalcum","HollowMod:SoulEater","Enlightenment","Orrery","Potion Belt","Letter Opener","Explosive Potion","SteroidPotion","HollowMod:HowlingWraiths","Eternal Feather","Prayer Wheel","Toxic Egg 2","Dream Catcher","TheAbacus","HollowMod:SoulVessel+1","HollowMod:GoodIntentions+1","ColorlessPotion","Bottled Tornado","HollowMod:JonisBlessing","Mercury Hourglass","Apotheosis+1","HollowMod:KingsBrand","Ice Cream","Medical Kit","AttackPotion","GamblersBrew","Omamori","HornCleat","ClockworkSouvenir","CaptainsWheel","MealTicket","Strange Spoon","SteroidPotion","Lantern","StrikeDummy","Frozen Eye"],"campfire_rested":0,"item_purchase_floors":[4,4,4,4,4,4,4,5,5,5,5,5,13,13,19,19,19,19,19,19,20,20,20,20,28,28,28,28,28,37,37,37,39,39,39,39,53,53,53],"current_hp_per_floor":[75,75,75,75,75,74,74,74,74,74,72,72,72,72,75,75,75,75,75,75,75,75,75,75,75,75,75,75,75,75,75,75,75,75,75,75,75,75,75,75,75,75,75,75,75,75,75,75,75,75,75,75,75,75,73],"gold":4727,"neow_bonus":"","is_daily":false,"chose_seed":false,"campfire_upgraded":6,"win_rate":0.0,"timestamp":1608824218,"path_taken":["M","?","?","$","$","E","E","?","T","R","E","?","$","?","R","BOSS","M","$","$","?","?","E","?","E","T","?","$","E","E","M","R","BOSS","M","?","$","?","$","E","R","?","T","?","R","E","M","?","R","BOSS","R","$","E","BOSS"],"items_purchased_type":["Potion","Potion","Relic","Relic","Card","Card","Relic","Relic","Relic","Potion","Potion","Card","Relic","Relic","Relic","Relic","Relic","Card","Card","Potion","Relic","Relic","Relic","Card","Relic","Relic","Relic","Potion","Potion","Relic","Relic","Relic","Relic","Relic","Relic","Potion","Relic","Relic","Relic"],"build_version":"2020-12-22","purchased_purges":2,"victory":true,"max_hp_per_floor":[75,75,75,75,75,75,75,75,75,75,75,75,75,75,75,75,75,75,75,75,75,75,75,75,75,75,75,75,75,75,75,75,75,75,75,75,75,75,75,75,75,75,75,75,75,75,75,75,75,75,75,75,75,75,75],"card_choices":[{"not_picked":["HollowMod:CycloneSlash","HollowMod:WraithStrike","HollowMod:DescendingDark"],"picked":"SKIP","floor":1},{"not_picked":["HollowMod:HowlingWraiths","HollowMod:NewLittleFool","HollowMod:BlackTendrils"],"picked":"SKIP","floor":3},{"not_picked":["HollowMod:MonarchWings","HollowMod:VengefulVoid"],"picked":"HollowMod:HeavyBlow","floor":4},{"not_picked":["HollowMod:MonarchWings","HollowMod:ShadowDash"],"picked":"HollowMod:DungDefenderAura","floor":6},{"not_picked":["HollowMod:BaldurShell+1","HollowMod:CornifersMapStart"],"picked":"HollowMod:SlysStrikes+1","floor":7},{"not_picked":["HollowMod:ChannelNail","HollowMod:HeavyBlow","HollowMod:MidwifesHunger"],"picked":"SKIP","floor":11},{"not_picked":["HollowMod:DoubleDash","HollowMod:DescendingDark","HollowMod:InfectedCysts"],"picked":"SKIP","floor":12},{"not_picked":["HollowMod:CloakDash","HollowMod:BlackTendrils","HollowMod:MothsMistake+1"],"picked":"SKIP","floor":14},{"not_picked":["HollowMod:ShadowDash","HollowMod:VengefulVoid","HollowMod:ChannelNail"],"picked":"SKIP","floor":14},{"not_picked":["HollowMod:NewInfectedGuardian","HollowMod:theNailsmith"],"picked":"HollowMod:SoulMaster+1","floor":16},{"not_picked":["HollowMod:SoulStrike"],"picked":"SKIP","floor":18},{"not_picked":["HollowMod:WraithStrike"],"picked":"SKIP","floor":18},{"not_picked":[],"picked":"HollowMod:GreatSlash+1","floor":22},{"not_picked":["HollowMod:GreatSlash"],"picked":"SKIP","floor":23},{"not_picked":["HollowMod:SoulMaster+1"],"picked":"SKIP","floor":25},{"not_picked":[],"picked":"HollowMod:MantisMark+1","floor":27},{"not_picked":["HollowMod:DoubleDash+1"],"picked":"SKIP","floor":27},{"not_picked":["HollowMod:SharpenedShadows+1"],"picked":"SKIP","floor":29},{"not_picked":[],"picked":"HollowMod:GoodIntentions+1","floor":30},{"not_picked":["HollowMod:SiblingsShadow+1"],"picked":"SKIP","floor":31},{"not_picked":["HollowMod:InfectedCysts"],"picked":"SKIP","floor":31},{"not_picked":["HollowMod:ChannelNail+1"],"picked":"SKIP","floor":35},{"not_picked":["HollowMod:GoodIntentions+1"],"picked":"SKIP","floor":35},{"not_picked":["HollowMod:DesolateDive"],"picked":"SKIP","floor":40},{"not_picked":["HollowMod:MonomonsArchive+1"],"picked":"SKIP","floor":46},{"not_picked":["HollowMod:CycloneSlash+1"],"picked":"SKIP","floor":47},{"not_picked":["HollowMod:SiblingsSouls+1"],"picked":"SKIP","floor":47},{"not_picked":["HollowMod:BrokenVessel+1"],"picked":"SKIP","floor":48},{"not_picked":["HollowMod:WraithStrike+1"],"picked":"SKIP","floor":48},{"not_picked":["HollowMod:CornifersMapStart+1"],"picked":"SKIP","floor":54}],"player_experience":295163,"relics_obtained":[{"floor":6,"key":"Nunchaku"},{"floor":7,"key":"Frozen Egg 2"},{"floor":11,"key":"Anchor"},{"floor":23,"key":"Ancient Tea Set"},{"floor":25,"key":"Turnip"},{"floor":26,"key":"Blood Vial"},{"floor":29,"key":"CeramicFish"},{"floor":30,"key":"Whetstone"},{"floor":40,"key":"Smiling Mask"},{"floor":43,"key":"Bag of Marbles"},{"floor":46,"key":"Akabeko"},{"floor":54,"key":"Boot"}],"event_choices":[],"is_beta":false,"boss_relics":[{"not_picked":["Runic Pyramid","Runic Dome"],"picked":"Busted Crown"},{"not_picked":["Empty Cage","Coffee Dripper"],"picked":"Cursed Key"}],"items_purged_floors":[4,5],"is_endless":false,"potions_floor_spawned":[3,6,11,16,29,30,33,38,47,48],"ascension_level":0}}