{"host":"6pgtslebjnyv5xmi","time":1608783704,"event":{"mods":["AchievementEnabler","BaseMod","Colored Map","Minty Spire (QoL Compilation)","Rare Cards Sparkle","StSLib","SuperFastMode","The Dragon Tamer","everything is the same but u backflip on backflip"],"gold_per_floor":[114,127,127,137,137,162,162,179,179,199,21,21,40,40,40,140,140,158,158,12,12,12,12,31,31,31,66,66,66,91,104,104,205,205,215,232,244,293,310,310,323,323,323],"floor_reached":42,"playtime":9993,"items_purged":[],"score":687,"play_id":"82544ecf-dbad-4f49-97a1-6e8f171001c6","local_time":"20201224132144","is_ascension_mode":true,"campfire_choices":[{"floor":7,"key":"REST"},{"data":"Corruption","floor":12,"key":"SMITH"},{"data":"Fire Breathing","floor":15,"key":"SMITH"},{"data":"Demon Form","floor":23,"key":"SMITH"},{"data":"Impervious","floor":28,"key":"SMITH"},{"data":"Pummel","floor":32,"key":"SMITH"},{"data":"Limit Break","floor":40,"key":"SMITH"}],"circlet_count":0,"master_deck":["Defend_R+1","Defend_R","Defend_R","Defend_R","Bash","Panacea+1","Pummel+1","Feel No Pain","Shrug It Off","Corruption+1","Feel No Pain","Demon Form+1","Fire Breathing+1","Impervious+1","Shrug It Off","Exhume","Flex+1","Bite","Bite","Bite","Bite","Bite","Rage","Impervious+1","Warcry+1","Limit Break+1","Seeing Red","Seeing Red+1","Armaments+1","Exhume","Thunderclap+1","Sword Boomerang+1"],"relics":["Burning Blood","Red Skull","Question Card","War Paint","Sozu","OrangePellets","Oddly Smooth Stone","Calipers","Strawberry","Snecko Eye","Torii"],"acts_visited":["Exordium","TheCity","TheBeyond"],"potions_floor_usage":[16,16,16,19],"damage_taken":[{"damage":13,"enemies":"Jaw Worm","floor":1,"turns":4},{"damage":3,"enemies":"Small Slimes","floor":2,"turns":4},{"damage":0,"enemies":"Cultist","floor":4,"turns":2},{"damage":18,"enemies":"3 Sentries","floor":6,"turns":9},{"damage":8,"enemies":"Exordium Wildlife","floor":8,"turns":4},{"damage":10,"enemies":"Lots of Slimes","floor":10,"turns":7},{"damage":0,"enemies":"Blue Slaver","floor":13,"turns":4},{"damage":30,"enemies":"Hexaghost","floor":16,"turns":10},{"damage":17,"enemies":"3 Byrds","floor":18,"turns":7},{"damage":0,"enemies":"2 Thieves","floor":19,"turns":1},{"damage":1,"enemies":"Snecko","floor":24,"turns":5},{"damage":35,"enemies":"Book of Stabbing","floor":27,"turns":6},{"damage":18,"enemies":"Gremlin Leader","floor":30,"turns":6},{"damage":0,"enemies":"Centurion and Healer","floor":31,"turns":8},{"damage":0,"enemies":"Champ","floor":33,"turns":8},{"damage":0,"enemies":"3 Darklings","floor":35,"turns":5},{"damage":37,"enemies":"3 Shapes","floor":36,"turns":6},{"damage":0,"enemies":"Maw","floor":37,"turns":6},{"damage":25,"enemies":"2 Orb Walkers","floor":38,"turns":7},{"damage":22,"enemies":"Sphere and 2 Shapes","floor":39,"turns":7},{"damage":8,"enemies":"3 Darklings","floor":41,"turns":5},{"damage":82,"enemies":"Reptomancer","floor":42,"turns":2}],"seed_played":"-247836281129069960","potions_obtained":[{"floor":10,"key":"Weak Potion"},{"floor":14,"key":"Block Potion"},{"floor":14,"key":"Regen Potion"},{"floor":16,"key":"SmokeBomb"}],"is_trial":false,"path_per_floor":["M","M","?","M","?","E","R","M","T","M","$","R","M","?","R","B",null,"M","M","$","?","?","R","M","$","T","E","R","?","E","M","R","B",null,"M","M","M","?","M","R","M","E"],"character_chosen":"IRONCLAD","items_purchased":["Fire Breathing","Impervious","OrangePellets"],"campfire_rested":1,"item_purchase_floors":[11,11,20],"current_hp_per_floor":[65,68,26,32,32,20,44,42,42,38,38,38,44,44,44,35,69,58,64,64,56,47,47,61,61,61,38,38,38,45,68,68,68,68,68,51,68,62,68,68,68,0,0],"gold":323,"neow_bonus":"RANDOM_COLORLESS","is_daily":false,"chose_seed":false,"campfire_upgraded":6,"win_rate":0.0,"timestamp":1608783704,"path_taken":["M","M","?","M","?","E","R","?","T","M","$","R","M","?","R","BOSS","M","?","$","?","?","R","M","?","T","E","R","?","E","M","R","BOSS","M","M","?","?","M","R","M","E"],"items_purchased_type":["Card","Card","Relic"],"build_version":"2020-12-22","purchased_purges":0,"victory":false,"max_hp_per_floor":[80,80,80,80,80,80,80,80,80,80,80,80,80,80,80,80,80,80,80,80,56,61,61,61,61,61,61,61,61,68,68,68,68,68,68,68,68,68,68,68,68,68,68],"card_choices":[{"not_picked":["Forethought","Bandage Up"],"picked":"Panacea","floor":0},{"not_picked":["Thunderclap","Iron Wave"],"picked":"Pummel","floor":1},{"not_picked":["Flex","Rupture"],"picked":"Feel No Pain","floor":2},{"not_picked":["Anger","Perfected Strike"],"picked":"Shrug It Off","floor":4},{"not_picked":["Evolve","Disarm"],"picked":"Corruption","floor":6},{"not_picked":["Infernal Blade","Flex","Thunderclap"],"picked":"Feel No Pain","floor":8},{"not_picked":["Second Wind","Warcry","Flex"],"picked":"Demon Form","floor":10},{"not_picked":["Carnage","Fire Breathing","Burning Pact"],"picked":"Shrug It Off","floor":13},{"not_picked":["Juggernaut","Berserk","Corruption"],"picked":"Exhume","floor":16},{"not_picked":["Cleave+1","Searing Blow+1","Shockwave"],"picked":"Flex+1","floor":18},{"not_picked":["Flame Barrier","Inflame","Wild Strike"],"picked":"Rage","floor":24},{"not_picked":["True Grit","Clothesline","Carnage","Flex"],"picked":"SKIP","floor":27},{"not_picked":["Feel No Pain","Heavy Blade","Dual Wield","Havoc"],"picked":"SKIP","floor":30},{"not_picked":["Anger","Barricade","Thunderclap"],"picked":"Warcry+1","floor":31},{"not_picked":["Demon Form","Exhume","Fiend Fire"],"picked":"Limit Break","floor":33},{"not_picked":["Warcry","Rampage+1","Bloodletting"],"picked":"Seeing Red","floor":35},{"not_picked":["Cleave","Heavy Blade","Headbutt"],"picked":"Seeing Red+1","floor":36},{"not_picked":["Headbutt","Twin Strike","Warcry"],"picked":"Armaments+1","floor":37},{"not_picked":["Heavy Blade","True Grit+1","Carnage+1"],"picked":"Exhume","floor":38},{"not_picked":["Wild Strike+1","Reckless Charge+1","True Grit"],"picked":"Thunderclap+1","floor":39},{"not_picked":["Clothesline+1","Headbutt","Sentinel"],"picked":"Sword Boomerang+1","floor":41}],"player_experience":424763,"relics_obtained":[{"floor":6,"key":"Question Card"},{"floor":9,"key":"War Paint"},{"floor":26,"key":"Oddly Smooth Stone"},{"floor":27,"key":"Calipers"},{"floor":30,"key":"Strawberry"},{"floor":38,"key":"Torii"}],"event_choices":[{"damage_healed":0,"gold_gain":0,"player_choice":"Success","damage_taken":42,"relics_obtained":["Red Skull"],"max_hp_gain":0,"max_hp_loss":0,"event_name":"Scrap Ooze","floor":3,"gold_loss":0},{"cards_removed":["Strike_R"],"damage_healed":0,"gold_gain":0,"player_choice":"Offered Basic","damage_taken":0,"max_hp_gain":0,"max_hp_loss":0,"event_name":"Bonfire Elementals","floor":5,"gold_loss":0},{"damage_healed":0,"gold_gain":0,"player_choice":"Got Potions","damage_taken":0,"max_hp_gain":0,"max_hp_loss":0,"event_name":"Lab","floor":14,"gold_loss":0},{"damage_healed":0,"gold_gain":0,"player_choice":"Became a vampire","damage_taken":0,"max_hp_gain":0,"max_hp_loss":24,"event_name":"Vampires","floor":21,"gold_loss":0,"cards_obtained":["Bite","Bite","Bite","Bite","Bite"]},{"damage_healed":0,"gold_gain":0,"player_choice":"Shed Blood","damage_taken":14,"max_hp_gain":5,"max_hp_loss":0,"event_name":"Forgotten Altar","floor":22,"gold_loss":0},{"damage_healed":0,"gold_gain":0,"player_choice":"Copied","damage_taken":0,"max_hp_gain":0,"max_hp_loss":0,"event_name":"Duplicator","floor":29,"gold_loss":0,"cards_obtained":["Impervious"]},{"damage_healed":0,"gold_gain":0,"player_choice":"Fight","damage_taken":0,"max_hp_gain":0,"max_hp_loss":0,"event_name":"Mysterious Sphere","floor":38,"gold_loss":0}],"is_beta":false,"boss_relics":[{"not_picked":["Fusion Hammer","Coffee Dripper"],"picked":"Sozu"},{"not_picked":["Black Blood","Runic Pyramid"],"picked":"Snecko Eye"}],"items_purged_floors":[],"is_endless":false,"potions_floor_spawned":[10,16,18,30,35,36,38],"killed_by":"Reptomancer","ascension_level":7}}