{"host":"chv1qanoipyt46jc","time":1608832451,"event":{"mods":["2.2 Compatiblity","AchievementEnabler","BaseMod","BetterRewards","CapriCore","Card Filter","Conspire","Downfall","Gold Saver","Grow up Mod","Minty Spire (QoL Compilation)","Rare Cards Sparkle","Relic Filter","Remove Card Discount Mod","Reorder Act Four","StSLib"],"gold_per_floor":[943,959,976,976,994,973,997,1007,657,667,695,715,715,745,759,856,856,706,722,699,717,740,740,740,740,768,788,873,891,816,836,857,963,963,963,987,1005,1038,1031,1031,1057,1425,1425,1425,1452,1490,1513,1540,1559,1559,1559,1602,1602,1578,1578],"floor_reached":56,"playtime":4007,"items_purged":["hexamod:Strike","hexamod:Strike","hexamod:Defend","hexamod:Strike","hexamod:Strike","hexamod:Defend","hexamod:Defend","hexamod:Sear","hexamod:HauntingEcho","hexamod:ExtraCrispy","hexamod:VolcanoVisage","hexamod:SecondSeal","hexamod:FourthSeal","Parasite","Parasite","hexamod:FirstSeal","hexamod:HauntingEcho","hexamod:HauntingEcho","hexamod:Hexaguard","hexamod:SkipABeat+1","hexamod:RecurringNightmare+1","hexamod:Float","hexamod:CatchUp+1"],"score":1222,"play_id":"24be7d23-74e7-46d1-af0b-b1b136c899a4","local_time":"20201224115411","is_ascension_mode":false,"campfire_choices":[{"data":"hexamod:VolcanoVisage","floor":1,"key":"SMITH"},{"data":"hexamod:FastForward","floor":13,"key":"SMITH"},{"floor":18,"key":"RECALL"},{"data":"RitualDagger","floor":30,"key":"SMITH"},{"data":"hexamod:HexaLevel","floor":35,"key":"SMITH"},{"data":"hexamod:EmpoweredFlame","floor":40,"key":"SMITH"},{"data":"hexamod:FastForward","floor":43,"key":"SMITH"},{"data":"hexamod:TimeWarp","floor":53,"key":"SMITH"}],"circlet_count":0,"master_deck":["hexamod:VolcanoVisage+1","hexamod:EmpoweredFlame","hexamod:FastForward+1","hexamod:TimeWarp+1","hexamod:EmpoweredFlame+1","RitualDagger+1","hexamod:HexaLevel+1","hexamod:FastForward+1","hexamod:FastForward+1"],"relics":["hexamod:SpiritBrand","Gremlin Horn","Matryoshka","Guardian:PocketSentry","downfall:HeartBlessingGreen","downfall:HeartBlessingBlue","Pear","Bottled Tornado","downfall:HeartBlessingRed","Black Star","Anchor","Orichalcum","Pen Nib","Ornamental Fan","Prayer Wheel","Strawberry","Akabeko"],"acts_visited":["Exordium","TheCity","TheBeyond","TheEnding"],"potions_floor_usage":[],"damage_taken":[{"damage":13,"enemies":"2 Louse","floor":2,"turns":3},{"damage":1,"enemies":"Jaw Worm","floor":3,"turns":4},{"damage":8,"enemies":"conspire:RoseBush","floor":5,"turns":3},{"damage":5,"enemies":"downfall:FleeingMerchant","floor":6,"turns":4},{"damage":16,"enemies":"Lots of Slimes","floor":8,"turns":4},{"damage":4,"enemies":"downfall:FleeingMerchant","floor":9,"turns":4},{"damage":10,"enemies":"Large Slime","floor":10,"turns":3},{"damage":33,"enemies":"3 Sentries","floor":11,"turns":5},{"damage":5,"enemies":"conspire:2 RoseBushes","floor":12,"turns":4},{"damage":24,"enemies":"Lagavulin","floor":14,"turns":6},{"damage":5,"enemies":"Blue Slaver","floor":15,"turns":4},{"damage":14,"enemies":"downfall:Watcher","floor":16,"turns":5},{"damage":7,"enemies":"Shell Parasite","floor":19,"turns":5},{"damage":14,"enemies":"downfall:FleeingMerchant","floor":20,"turns":4},{"damage":8,"enemies":"Snake Plant","floor":21,"turns":3},{"damage":16,"enemies":"Cultist and Chosen","floor":22,"turns":6},{"damage":14,"enemies":"Centurion and Healer","floor":26,"turns":4},{"damage":12,"enemies":"Snecko","floor":27,"turns":5},{"damage":1,"enemies":"conspire:HollyBat","floor":29,"turns":6},{"damage":18,"enemies":"Snake Plant","floor":31,"turns":4},{"damage":13,"enemies":"Snecko","floor":32,"turns":6},{"damage":69,"enemies":"downfall:Ironclad","floor":33,"turns":7},{"damage":34,"enemies":"Orb Walker","floor":36,"turns":5},{"damage":21,"enemies":"3 Shapes","floor":37,"turns":5},{"damage":42,"enemies":"conspire:MimicChest","floor":38,"turns":7},{"damage":11,"enemies":"downfall:FleeingMerchant","floor":39,"turns":4},{"damage":24,"enemies":"downfall:FleeingMerchant","floor":42,"turns":4},{"damage":35,"enemies":"Writhing Mass","floor":45,"turns":6},{"damage":61,"enemies":"Nemesis","floor":46,"turns":7},{"damage":81,"enemies":"4 Shapes","floor":47,"turns":5},{"damage":13,"enemies":"Maw","floor":48,"turns":7},{"damage":31,"enemies":"Writhing Mass","floor":49,"turns":6},{"damage":87,"enemies":"downfall:Defect","floor":50,"turns":9},{"damage":199,"enemies":"downfall:CharBossMerchant","floor":52,"turns":9},{"damage":181,"enemies":"downfall:NeowBoss","floor":55,"turns":27}],"seed_played":"-3282682355926937782","potions_obtained":[{"floor":3,"key":"LiquidMemories"},{"floor":10,"key":"conspire:TimeTravelPotion"},{"floor":11,"key":"SpeedPotion"},{"floor":21,"key":"Fire Potion"},{"floor":22,"key":"sneckomod:MuddlingPotion"},{"floor":31,"key":"hexamod:DoubleChargePotion"},{"floor":33,"key":"FairyPotion"}],"is_trial":false,"path_per_floor":["R","M","M","?","M","$","T","M","$","M","E","M","R","E","M","B",null,"R","M","$","M","M","?","T","?","M","M","?","M","R","M","M","B",null,"R","M","M","?","$","R","T","$","R","?","M","E","M","M","M","B",null,"E","R","$","B",null],"character_chosen":"THE_SPIRIT","items_purchased":["hexamod:FirstSeal","Gremlin Horn"],"campfire_rested":0,"item_purchase_floors":[9,9],"current_hp_per_floor":[90,87,96,106,108,113,123,117,123,130,114,126,136,129,141,144,250,270,280,283,292,293,303,323,327,330,335,331,347,357,356,360,308,440,450,433,429,404,410,420,430,423,433,443,425,381,317,321,307,237,610,435,445,455,284],"gold":1578,"neow_bonus":"ONE_RANDOM_RARE_CARD","is_daily":false,"chose_seed":false,"campfire_upgraded":7,"win_rate":0.0,"timestamp":1608832451,"path_taken":["R","M","M","?","M","$","T","M","?","M","E","M","R","E","M","BOSS","R","M","$","M","M","?","T","?","M","M","?","M","R","M","M","BOSS","R","M","M","?","$","R","T","$","R","?","M","E","M","?","M","BOSS","E","R","$","BOSS"],"items_purchased_type":["Card","Relic"],"build_version":"2020-12-22","purchased_purges":23,"victory":true,"max_hp_per_floor":[90,100,110,120,130,140,150,160,170,180,190,200,210,220,230,240,250,270,280,290,300,310,320,340,350,360,370,380,390,400,410,420,430,440,450,460,470,480,490,500,510,520,530,540,550,560,570,580,590,600,610,627,637,641,651],"card_choices":[{"not_picked":["hexamod:ShieldOfDarkness","hexamod:InspiringFlames"],"picked":"hexamod:EmpoweredFlame","floor":2},{"not_picked":["hexamod:EtherealExpedition","hexamod:ShieldOfDarkness"],"picked":"hexamod:HauntingEcho","floor":3},{"not_picked":["hexamod:SpectersWail","hexamod:ShieldOfDarkness","hexamod:RainOfEmbers"],"picked":"SKIP","floor":5},{"not_picked":["hexamod:ShieldOfDarkness","hexamod:NightmareStrike","hexamod:HeatCrush"],"picked":"SKIP","floor":6},{"not_picked":["hexamod:NightmareStrike","hexamod:InspiringFlames"],"picked":"hexamod:HauntingEcho","floor":8},{"not_picked":["hexamod:Rewind","hexamod:HeatShield"],"picked":"hexamod:VolcanoVisage","floor":9},{"not_picked":["hexamod:RainOfEmbers","hexamod:NightmareGuise"],"picked":"hexamod:HauntingEcho","floor":10},{"not_picked":["hexamod:GhostOfSpirePast","hexamod:HeatMetal"],"picked":"hexamod:FastForward","floor":11},{"not_picked":["hexamod:GhostOfSpireFuture","hexamod:BacktrackSmack"],"picked":"hexamod:Hexaguard","floor":12},{"not_picked":["hexamod:NightmareStrike","hexamod:NightmareGuise"],"picked":"hexamod:ExtraCrispy","floor":14},{"not_picked":["hexamod:BacktrackSmack","hexamod:SpectersWail","hexamod:GhostOfSpireFuture"],"picked":"SKIP","floor":15},{"not_picked":["hexamod:WildfireWeapon","hexamod:TimeOfNeed"],"picked":"hexamod:TimeWarp","floor":16},{"not_picked":["hexamod:AdvancingGuard+1","hexamod:BacktrackSmack"],"picked":"hexamod:CatchUp+1","floor":19},{"not_picked":["hexamod:ShieldOfDarkness","hexamod:BurningTouch+1"],"picked":"hexamod:SecondSeal","floor":20},{"not_picked":["hexamod:NightmareGuise","hexamod:HeatCrush"],"picked":"hexamod:EmpoweredFlame","floor":21},{"not_picked":["hexamod:RecurringNightmare","hexamod:PhantomFireball","hexamod:HeatShield+1"],"picked":"SKIP","floor":22},{"not_picked":["hexamod:HeatCrush+1","hexamod:RainOfEmbers+1","hexamod:TimeOfNeed"],"picked":"SKIP","floor":26},{"not_picked":["hexamod:HeatShield","hexamod:NightmareGuise+1","hexamod:Incineration"],"picked":"SKIP","floor":27},{"not_picked":["hexamod:ShieldOfDarkness","hexamod:RainOfEmbers+1"],"picked":"hexamod:FourthSeal","floor":29},{"not_picked":["hexamod:BurningTouch","hexamod:RainOfEmbers","hexamod:ThermalTransfer"],"picked":"SKIP","floor":31},{"not_picked":["hexamod:GhostShield","hexamod:EtherealExpedition","hexamod:BacktrackSmack"],"picked":"SKIP","floor":32},{"not_picked":["hexamod:VolcanoVisage","hexamod:TurnItUp"],"picked":"hexamod:HexaLevel","floor":33},{"not_picked":["hexamod:BacktrackSmack+1","hexamod:Again","hexamod:Hexaguard+1"],"picked":"SKIP","floor":36},{"not_picked":["hexamod:NecessarySacrifice+1","hexamod:SpectralAdrenaline"],"picked":"hexamod:RecurringNightmare+1","floor":37},{"not_picked":["hexamod:PhantomFireball","hexamod:BurningTouch+1","hexamod:EmpoweredFlame"],"picked":"SKIP","floor":39},{"not_picked":["hexamod:HauntingEcho+1","hexamod:Again+1"],"picked":"hexamod:FastForward","floor":42},{"not_picked":["hexamod:BurningTouch","hexamod:Firestarter+1","hexamod:SecondSeal"],"picked":"SKIP","floor":45},{"not_picked":["hexamod:Incineration+1","hexamod:BacktrackSmack","hexamod:RainOfEmbers"],"picked":"SKIP","floor":46},{"not_picked":["hexamod:SwordOfDarkness","hexamod:EmpoweringStance"],"picked":"hexamod:FastForward+1","floor":47},{"not_picked":["hexamod:SpectersWail","hexamod:SwordOfDarkness","hexamod:GhostShield+1"],"picked":"SKIP","floor":47},{"not_picked":["hexamod:EtherealExpedition+1","hexamod:StepThrough","hexamod:GhostShield"],"picked":"SKIP","floor":48},{"not_picked":["hexamod:BacktrackSmack","hexamod:GhostOfSpirePast","hexamod:SwordOfDarkness"],"picked":"SKIP","floor":48},{"not_picked":["hexamod:SkipABeat","hexamod:ThermalTransfer","hexamod:ShieldOfDarkness+1"],"picked":"SKIP","floor":49},{"not_picked":["hexamod:ExtraCrispy","hexamod:Hexaguard+1","hexamod:FourthSeal"],"picked":"SKIP","floor":49},{"not_picked":["hexamod:StepThrough+1","hexamod:SwordOfDarkness"],"picked":"hexamod:SkipABeat+1","floor":52}],"player_experience":343840,"relics_obtained":[{"floor":11,"key":"Matryoshka"},{"floor":14,"key":"Guardian:PocketSentry"},{"floor":24,"key":"Pear"},{"floor":24,"key":"Bottled Tornado"},{"floor":38,"key":"Anchor"},{"floor":41,"key":"Orichalcum"},{"floor":41,"key":"Pen Nib"},{"floor":46,"key":"Ornamental Fan"},{"floor":46,"key":"Prayer Wheel"},{"floor":52,"key":"Strawberry"},{"floor":52,"key":"Akabeko"}],"event_choices":[{"cards_removed":["hexamod:Defend"],"damage_healed":0,"gold_gain":0,"player_choice":"Purged","damage_taken":0,"max_hp_gain":0,"max_hp_loss":0,"event_name":"Purifier","floor":4,"gold_loss":0},{"damage_healed":0,"gold_gain":0,"player_choice":"Leave","damage_taken":0,"max_hp_gain":0,"max_hp_loss":0,"event_name":"conspire:Investor","floor":23,"gold_loss":0},{"damage_healed":0,"gold_gain":0,"player_choice":"Got Potions","damage_taken":0,"max_hp_gain":0,"max_hp_loss":0,"event_name":"Lab","floor":44,"gold_loss":0}],"is_beta":false,"boss_relics":[{"not_picked":["Astrolabe","Pandora\u0027s Box","Runic Dome"]},{"not_picked":["SlaversCollar","Runic Pyramid"],"picked":"Black Star"}],"items_purged_floors":[6,6,6,9,9,9,9,20,20,20,20,54,54,54,54,54,54,54,54,54,54,54,54],"is_endless":false,"potions_floor_spawned":[3,10,11,14,15,16,21,22,26,27,31,36,37,47,49],"ascension_level":0}}