{"host":"99ad87xtd5ypi7ii","time":1608806783,"event":{"mods":["BaseMod","Hermit","Highlight Path","Marisa????????","Minty Spire (QoL Compilation)","Robot Space Explorer","StSLib","The Bladedancer","The Construct","The Cursed","The Disciple","The Gatherer","The Hierophant","The Runesmith","The Servant 0.9.4","TheVacant"],"gold_per_floor":[112,112,125,141,153,153,153,167,167,207,161,161,235,253,253,358,358,375,393,478,528,551,551,584,605,628,628,88,113,123,123],"floor_reached":30,"playtime":1831,"items_purged":[],"score":254,"play_id":"4dd0af52-1816-48d8-a192-d5f6043ecba5","local_time":"20201224114623","is_ascension_mode":false,"campfire_choices":[{"data":"hermit:Showdown","floor":6,"key":"SMITH"},{"floor":15,"key":"REST"},{"floor":23,"key":"REST"},{"floor":27,"key":"REST"}],"circlet_count":0,"master_deck":["hermit:Strike_Hermit","hermit:Strike_Hermit","hermit:Strike_Hermit","hermit:Strike_Hermit","hermit:Defend_Hermit+1","hermit:Defend_Hermit","hermit:Defend_Hermit","hermit:Defend_Hermit","hermit:Snapshot+1","hermit:Covet","hermit:HighCaliber","hermit:Showdown+1","hermit:PistolWhip","Parasite","hermit:Scavenge","hermit:Maintenance","hermit:BodyArmor","hermit:Shortfuse","hermit:HighNoon","CurseOfTheBell","hermit:PistolWhip","hermit:Scavenge","hermit:Gambit","hermit:Maintenance","hermit:Gambit"],"relics":["hermit:Momento","Dream Catcher","Lantern","Calling Bell","Vajra","Turnip","Runesmith:Nanobots","Red Mask","Nloth\u0027s Gift","Darkstone Periapt","Happy Flower","Kunai","Medical Kit"],"acts_visited":["Exordium","TheCity"],"potions_floor_usage":[5,13,16,20,24,30],"damage_taken":[{"damage":0,"enemies":"2 Louse","floor":1,"turns":3},{"damage":2,"enemies":"Small Slimes","floor":3,"turns":3},{"damage":1,"enemies":"Cultist","floor":4,"turns":3},{"damage":1,"enemies":"Looter","floor":5,"turns":3},{"damage":7,"enemies":"Blue Slaver","floor":8,"turns":3},{"damage":23,"enemies":"Gremlin Nob","floor":10,"turns":4},{"damage":9,"enemies":"Lots of Slimes","floor":13,"turns":4},{"damage":5,"enemies":"3 Louse","floor":14,"turns":3},{"damage":25,"enemies":"Slime Boss","floor":16,"turns":9},{"damage":2,"enemies":"Chosen","floor":18,"turns":4},{"damage":8,"enemies":"Shell Parasite","floor":19,"turns":4},{"damage":10,"enemies":"Masked Bandits","floor":20,"turns":5},{"damage":21,"enemies":"Snecko","floor":22,"turns":5},{"damage":35,"enemies":"Slavers","floor":24,"turns":7},{"damage":29,"enemies":"Snake Plant","floor":25,"turns":5},{"damage":4,"enemies":"Centurion and Healer","floor":29,"turns":8},{"damage":28,"enemies":"Book of Stabbing","floor":30,"turns":3}],"seed_played":"-6554929848893103002","potions_obtained":[{"floor":1,"key":"LiquidBronze"},{"floor":3,"key":"hermit:Tonic"},{"floor":10,"key":"FearPotion"},{"floor":13,"key":"AttackPotion"},{"floor":22,"key":"Fire Potion"},{"floor":29,"key":"AttackPotion"}],"is_trial":false,"path_per_floor":["M","?","M","M","M","R","?","M","T","E","$","?","M","M","R","B",null,"M","M","?","?","M","R","E","M","T","R","$","M","E"],"character_chosen":"HERMIT","items_purchased":["hermit:BodyArmor","Kunai","Medical Kit","hermit:Gambit"],"campfire_rested":3,"item_purchase_floors":[11,28,28,28],"current_hp_per_floor":[82,66,64,63,62,62,82,75,75,52,52,52,43,38,62,37,82,80,72,62,62,41,65,30,1,1,25,25,21,0,0],"gold":123,"neow_bonus":"TEN_PERCENT_HP_BONUS","is_daily":false,"chose_seed":false,"campfire_upgraded":1,"win_rate":0.0,"timestamp":1608806783,"path_taken":["M","?","M","M","M","R","?","M","T","E","$","?","?","M","R","BOSS","M","M","?","?","M","R","E","M","T","R","$","?","E"],"items_purchased_type":["Card","Relic","Relic","Card"],"build_version":"2020-12-22","purchased_purges":0,"victory":false,"max_hp_per_floor":[82,82,82,82,82,82,82,82,82,82,82,82,82,82,82,82,82,82,82,82,82,82,82,82,82,82,82,82,82,82,82],"card_choices":[{"not_picked":["hermit:Gestalt","hermit:Dive"],"picked":"hermit:HighCaliber","floor":1},{"not_picked":["hermit:BodyArmor","hermit:NoHoldsBarred"],"picked":"hermit:Showdown","floor":3},{"not_picked":["hermit:LoneWolf","hermit:ItchyTrigger"],"picked":"hermit:PistolWhip","floor":4},{"not_picked":["hermit:Vantage","hermit:Quickdraw","hermit:HoleUp"],"picked":"SKIP","floor":5},{"not_picked":["hermit:BodyArmor","hermit:TrackingShot"],"picked":"hermit:Scavenge","floor":8},{"not_picked":["hermit:EternalForm","hermit:Roulette"],"picked":"hermit:Maintenance","floor":10},{"not_picked":["hermit:Cheat","hermit:LowProfile","hermit:Manifest"],"picked":"SKIP","floor":13},{"not_picked":["hermit:Coalescence","hermit:Virtue","hermit:TakeAim"],"picked":"SKIP","floor":14},{"not_picked":["hermit:Deadeye","hermit:Dive"],"picked":"hermit:Shortfuse","floor":15},{"not_picked":["hermit:Magnum","hermit:OverwhelmingPower"],"picked":"hermit:HighNoon","floor":16},{"not_picked":["hermit:CursedWeapon+1","hermit:ItchyTrigger+1","hermit:Grudge"],"picked":"SKIP","floor":18},{"not_picked":["hermit:Vantage+1","hermit:GhostlyPresence+1"],"picked":"hermit:PistolWhip","floor":19},{"not_picked":["hermit:TrackingShot+1","hermit:BigShot+1","hermit:Quickdraw"],"picked":"SKIP","floor":22},{"not_picked":["hermit:SprayPray","hermit:DeadMansHand+1"],"picked":"hermit:Scavenge","floor":23},{"not_picked":["hermit:Scavenge","hermit:Snipe+1"],"picked":"hermit:Gambit","floor":24},{"not_picked":["hermit:Spite","hermit:Dive+1"],"picked":"hermit:Maintenance","floor":25},{"not_picked":["hermit:TakeCover","hermit:ItchyTrigger","hermit:FromBeyond"],"picked":"SKIP","floor":29}],"player_experience":835961,"relics_obtained":[{"floor":9,"key":"Dream Catcher"},{"floor":10,"key":"Lantern"},{"floor":17,"key":"Vajra"},{"floor":17,"key":"Turnip"},{"floor":17,"key":"Runesmith:Nanobots"},{"floor":20,"key":"Red Mask"},{"floor":24,"key":"Darkstone Periapt"},{"floor":26,"key":"Happy Flower"}],"event_choices":[{"damage_healed":0,"gold_gain":0,"player_choice":"Entered Light","damage_taken":16,"max_hp_gain":0,"max_hp_loss":0,"event_name":"Shining Light","floor":2,"gold_loss":0,"cards_upgraded":["hermit:Defend_Hermit","hermit:Snapshot"]},{"damage_healed":20,"gold_gain":0,"player_choice":"Healed and dodged fight","damage_taken":0,"max_hp_gain":0,"max_hp_loss":0,"event_name":"Mushrooms","floor":7,"gold_loss":0,"cards_obtained":["Parasite"]},{"damage_healed":0,"gold_gain":0,"player_choice":"Trade","damage_taken":0,"relics_obtained":["SsserpentHead"],"max_hp_gain":0,"max_hp_loss":0,"event_name":"FaceTrader","floor":12,"gold_loss":0},{"damage_healed":0,"gold_gain":0,"player_choice":"Fought Bandits","damage_taken":0,"max_hp_gain":0,"max_hp_loss":0,"event_name":"Masked Bandits","floor":20,"gold_loss":0},{"damage_healed":0,"gold_gain":0,"player_choice":"Traded Relic","damage_taken":0,"relics_obtained":["Nloth\u0027s Gift"],"max_hp_gain":0,"max_hp_loss":0,"event_name":"N\u0027loth","floor":21,"relics_lost":["SsserpentHead"],"gold_loss":0}],"is_beta":false,"boss_relics":[{"not_picked":["Black Star","Empty Cage"],"picked":"Calling Bell"}],"items_purged_floors":[],"is_endless":false,"potions_floor_spawned":[1,3,10,13,22,29],"killed_by":"Book of Stabbing","ascension_level":0}}