{"host":"vyt5ne9ydo1z9gg1","time":1608813603,"event":{"mods":["BaseMod","Curses Come First","GifTheSpireLib","Minty Spire (QoL Compilation)","StSLib"],"gold_per_floor":[116,133,145,43,55,55,84,114,166,186,196,196,208,218,218,319,319,336,21,21,21,21,21,48,48,98,98,109,109,109,144,144,240,240,256,7,19,35,47,47,82,82,109,159,175,175,26,37,37,37,37,37,37,64,64,64],"floor_reached":55,"playtime":3166,"items_purged":["Strike_B","Strike_B"],"score":756,"play_id":"6fff055e-b57d-4d10-a648-56c4275ccdfe","local_time":"20201224234003","is_ascension_mode":true,"campfire_choices":[{"floor":6,"key":"REST"},{"floor":12,"key":"REST"},{"data":"Coolheaded","floor":15,"key":"SMITH"},{"data":"Defragment","floor":23,"key":"SMITH"},{"data":"Defragment","floor":25,"key":"SMITH"},{"floor":27,"key":"RECALL"},{"data":"Echo Form","floor":29,"key":"SMITH"},{"data":"Self Repair","floor":32,"key":"SMITH"},{"data":"Electrodynamics","floor":40,"key":"SMITH"},{"data":"Capacitor","floor":42,"key":"SMITH"},{"data":"Reinforced Body","floor":46,"key":"SMITH"},{"data":"Zap","floor":49,"key":"SMITH"},{"data":"Leap","floor":52,"key":"SMITH"}],"circlet_count":0,"master_deck":["Strike_B","Strike_B","Defend_B","Defend_B","Defend_B","Defend_B","Zap+1","Dualcast","Core Surge","Coolheaded+1","Redo","Sweeping Beam","Cold Snap","Melter","Aggregate+1","Doom and Gloom","Blizzard","Echo Form+1","Glacier+1","Defragment+1","Chill+1","Defragment+1","Rebound+1","Self Repair+1","Electrodynamics+1","Coolheaded+1","Leap+1","Consume","Capacitor+1","Reinforced Body+1","Cold Snap","Self Repair","BootSequence+1"],"relics":["Cracked Core","Eternal Feather","Bag of Marbles","SlaversCollar","Runic Capacitor","Enchiridion","Centennial Puzzle","Nunchaku","Happy Flower","War Paint","SacredBark","PreservedInsect","Ornamental Fan","Boot","Mango","ClockworkSouvenir","Anchor"],"acts_visited":["Exordium","TheCity","TheBeyond","TheEnding"],"potions_floor_usage":[7,16,31,38,39,44,48,55,55,55],"damage_taken":[{"damage":3,"enemies":"Small Slimes","floor":1,"turns":3},{"damage":7,"enemies":"Jaw Worm","floor":2,"turns":4},{"damage":0,"enemies":"2 Louse","floor":3,"turns":2},{"damage":15,"enemies":"Gremlin Gang","floor":5,"turns":5},{"damage":3,"enemies":"3 Sentries","floor":7,"turns":9},{"damage":10,"enemies":"Large Slime","floor":10,"turns":5},{"damage":1,"enemies":"Blue Slaver","floor":11,"turns":2},{"damage":0,"enemies":"3 Louse","floor":13,"turns":1},{"damage":3,"enemies":"Large Slime","floor":14,"turns":4},{"damage":19,"enemies":"Slime Boss","floor":16,"turns":7},{"damage":9,"enemies":"Spheric Guardian","floor":18,"turns":3},{"damage":1,"enemies":"Book of Stabbing","floor":24,"turns":5},{"damage":0,"enemies":"Shell Parasite","floor":28,"turns":5},{"damage":18,"enemies":"Gremlin Leader","floor":31,"turns":6},{"damage":25,"enemies":"Automaton","floor":33,"turns":8},{"damage":14,"enemies":"3 Darklings","floor":35,"turns":5},{"damage":3,"enemies":"3 Shapes","floor":37,"turns":3},{"damage":41,"enemies":"Spire Growth","floor":38,"turns":6},{"damage":0,"enemies":"Writhing Mass","floor":39,"turns":4},{"damage":11,"enemies":"Giant Head","floor":41,"turns":7},{"damage":20,"enemies":"Mind Bloom Boss Battle","floor":44,"turns":5},{"damage":9,"enemies":"Sphere and 2 Shapes","floor":45,"turns":4},{"damage":14,"enemies":"Transient","floor":48,"turns":5},{"damage":19,"enemies":"Awakened One","floor":50,"turns":14},{"damage":10,"enemies":"Shield and Spear","floor":54,"turns":8},{"damage":90,"enemies":"The Heart","floor":55,"turns":6}],"seed_played":"-7814509609573560748","potions_obtained":[{"floor":2,"key":"SkillPotion"},{"floor":7,"key":"EssenceOfDarkness"},{"floor":13,"key":"Regen Potion"},{"floor":14,"key":"AttackPotion"},{"floor":16,"key":"DuplicationPotion"},{"floor":28,"key":"DistilledChaos"},{"floor":33,"key":"FearPotion"},{"floor":38,"key":"AttackPotion"},{"floor":45,"key":"Fire Potion"},{"floor":48,"key":"Strength Potion"},{"floor":54,"key":"Fire Potion"}],"is_trial":false,"path_per_floor":["M","M","M","$","M","R","E","?","T","M","M","R","M","M","R","B",null,"M","$","?","?","?","R","E","R","T","R","M","R","?","E","R","B",null,"M","$","M","M","M","R","E","R","T","?","M","R","$","M","R","B",null,"R","$","E","B"],"character_chosen":"DEFECT","items_purchased":["Cold Snap","Defragment","Chill","Runic Capacitor","PreservedInsect","ClockworkSouvenir"],"campfire_rested":2,"item_purchase_floors":[4,19,19,19,36,47],"current_hp_per_floor":[51,44,44,44,29,51,48,48,48,38,37,68,68,65,74,55,75,66,66,50,50,50,62,61,73,73,75,75,75,75,57,72,57,75,71,71,75,71,75,75,74,75,75,79,80,89,89,85,89,87,89,89,89,89,0,0],"gold":64,"neow_bonus":"THREE_RARE_CARDS","is_daily":false,"chose_seed":false,"campfire_upgraded":10,"win_rate":0.0,"timestamp":1608813603,"path_taken":["M","M","M","$","M","R","E","?","T","M","M","R","M","M","R","BOSS","M","$","?","?","?","R","E","R","T","R","?","R","?","E","R","BOSS","M","$","M","?","M","R","E","R","T","?","M","R","$","M","R","BOSS","R","$","E","BOSS"],"items_purchased_type":["Card","Card","Card","Relic","Relic","Relic"],"build_version":"2020-12-22","purchased_purges":2,"victory":false,"max_hp_per_floor":[75,75,75,75,75,75,75,75,75,75,75,75,75,75,75,75,75,75,75,75,75,75,75,75,75,75,75,75,75,75,75,75,75,75,75,75,75,75,75,75,75,75,75,89,89,89,89,89,89,89,89,89,89,89,89,89],"card_choices":[{"not_picked":["Creative AI","Echo Form"],"picked":"Core Surge","floor":0},{"not_picked":["Stack","Turbo"],"picked":"Coolheaded","floor":1},{"not_picked":["Streamline","Lockon"],"picked":"Redo","floor":2},{"not_picked":["Steam Power","Stack"],"picked":"Sweeping Beam","floor":3},{"not_picked":["Stack","Double Energy"],"picked":"Melter","floor":5},{"not_picked":["Creative AI","Heatsinks"],"picked":"Aggregate","floor":7},{"not_picked":["Hologram","Turbo"],"picked":"Doom and Gloom","floor":10},{"not_picked":["Turbo","Go for the Eyes"],"picked":"Blizzard","floor":11},{"not_picked":["Reprogram","Blizzard","Sweeping Beam"],"picked":"SKIP","floor":13},{"not_picked":["Steam","All For One","Sunder"],"picked":"SKIP","floor":14},{"not_picked":["Seek","Reboot"],"picked":"Echo Form","floor":16},{"not_picked":["Cold Snap","Go for the Eyes+1"],"picked":"Glacier","floor":18},{"not_picked":["Gash","Rebound"],"picked":"Defragment","floor":24},{"not_picked":["Gash+1","Force Field"],"picked":"Rebound+1","floor":28},{"not_picked":["Capacitor","Steam Power"],"picked":"Self Repair","floor":31},{"not_picked":["Buffer","Creative AI"],"picked":"Electrodynamics","floor":33},{"not_picked":["Beam Cell","Go for the Eyes","Steam+1"],"picked":"SKIP","floor":35},{"not_picked":["Genetic Algorithm","Barrage+1"],"picked":"Coolheaded+1","floor":37},{"not_picked":["Heatsinks+1","Sweeping Beam"],"picked":"Leap","floor":38},{"not_picked":["Sweeping Beam","Echo Form"],"picked":"Consume","floor":39},{"not_picked":["Self Repair+1","Beam Cell+1"],"picked":"Capacitor","floor":41},{"not_picked":["Sweeping Beam","Redo"],"picked":"Reinforced Body","floor":44},{"not_picked":["Rebound","FTL+1"],"picked":"Cold Snap","floor":45},{"not_picked":["Sweeping Beam+1","Sunder+1"],"picked":"Self Repair","floor":48},{"not_picked":["Beam Cell","Rip and Tear"],"picked":"BootSequence+1","floor":54}],"player_experience":164040,"relics_obtained":[{"floor":7,"key":"Eternal Feather"},{"floor":20,"key":"Enchiridion"},{"floor":24,"key":"Nunchaku"},{"floor":26,"key":"Happy Flower"},{"floor":31,"key":"War Paint"},{"floor":41,"key":"Ornamental Fan"},{"floor":43,"key":"Boot"},{"floor":44,"key":"Mango"},{"floor":54,"key":"Anchor"}],"event_choices":[{"damage_healed":0,"gold_gain":30,"player_choice":"Searched \u00273\u0027 times","damage_taken":0,"relics_obtained":["Bag of Marbles"],"max_hp_gain":0,"max_hp_loss":0,"event_name":"Dead Adventurer","floor":8,"gold_loss":0},{"damage_healed":0,"gold_gain":0,"player_choice":"Obtained Book","damage_taken":16,"max_hp_gain":0,"max_hp_loss":0,"event_name":"Cursed Tome","floor":20,"gold_loss":0},{"damage_healed":0,"gold_gain":0,"player_choice":"Stole Relic","damage_taken":0,"relics_obtained":["Centennial Puzzle"],"max_hp_gain":0,"max_hp_loss":0,"event_name":"Addict","floor":21,"gold_loss":0,"cards_obtained":["Shame"]},{"cards_removed":["Shame"],"damage_healed":0,"gold_gain":0,"player_choice":"Removed Curses","damage_taken":0,"max_hp_gain":0,"max_hp_loss":0,"event_name":"Fountain of Cleansing","floor":22,"gold_loss":0},{"damage_healed":0,"gold_gain":0,"player_choice":"Forge","damage_taken":0,"max_hp_gain":0,"max_hp_loss":0,"event_name":"Accursed Blacksmith","floor":30,"gold_loss":0,"cards_upgraded":["Glacier"]},{"damage_healed":0,"gold_gain":0,"player_choice":"Fight","damage_taken":0,"max_hp_gain":0,"max_hp_loss":0,"event_name":"MindBloom","floor":44,"gold_loss":0}],"is_beta":false,"boss_relics":[{"not_picked":["Philosopher\u0027s Stone","Astrolabe"],"picked":"SlaversCollar"},{"not_picked":["Sozu","Tiny House"],"picked":"SacredBark"}],"items_purged_floors":[4,36],"is_endless":false,"potions_floor_spawned":[2,7,13,14,16,18,28,33,35,38,45,48,54],"killed_by":"The Heart","ascension_level":2}}