{"host":"t179ovrkr5k1gnfh","time":1608848316,"event":{"mods":["AchievementEnabler","BaseMod","Colored Map","Downfall","Minty Spire (QoL Compilation)","StSLib"],"gold_per_floor":[349,359,377,391,100,113,168,93,121,221,106,31,46,31,48,152,152,152,170,170,188,22,35,58,58,69,69,95,105,123,142,159,255,255,255,270,283,297,297,215,240,275,287,212,260,289,289,305,322,322,322,356,45,45,45],"floor_reached":56,"playtime":6414,"items_purged":["Guardian:Defend_Guardian","Guardian:Strike_Guardian","Guardian:Defend_Guardian","Guardian:Strike_Guardian","Guardian:Defend_Guardian"],"score":1634,"play_id":"efef1336-6381-46fa-98a6-f8a9f6dc9b06","local_time":"20201224231836","is_ascension_mode":true,"campfire_choices":[{"floor":1.0,"key":"RECALL"},{"floor":8.0,"key":"REST"},{"floor":12.0,"key":"REST"},{"data":"Guardian:DonusPower","floor":18.0,"key":"SMITH"},{"data":"Guardian:FuturePlans","floor":25.0,"key":"SMITH"},{"data":"Guardian:FastForward","floor":27.0,"key":"SMITH"},{"data":"Guardian:Planning","floor":35,"key":"SMITH"},{"data":"Guardian:CompilePackage","floor":44,"key":"SMITH"},{"floor":47,"key":"REST"},{"data":"Guardian:Orbwalk","floor":54,"key":"SMITH"}],"circlet_count":0,"master_deck":["Guardian:Strike_Guardian+1","Guardian:TwinSlam","Guardian:FuturePlans+1","Guardian:Incinerate+1","Guardian:PiercingHide+1","Guardian:TemporalShield","Guardian:FloatingOrbs","Guardian:Recover","Guardian:DonusPower+1","Guardian:ChargeUp","Guardian:TimeCapacitor","Guardian:DecasProtection","Guardian:Gem_Green","Guardian:FastForward+1","Guardian:Suspension","Guardian:Orbwalk+1","Guardian:Gem_Red","Guardian:SentryBeam+1","Guardian:Planning+1","Guardian:CompilePackage+1","Guardian:ChargeCore+1","Guardian:ChargeCore","Guardian:PolyBeam+1","Guardian:FierceBash"],"relics":["Guardian:ModeShifterPlus","OrangePellets","Centennial Puzzle","downfall:HeartBlessingRed","Regal Pillow","downfall:HeartBlessingGreen","Bronze Scales","Tiny Chest","Sozu","Frozen Eye","Whetstone","Orichalcum","downfall:HeartBlessingBlue","Strawberry","StoneCalendar","Bottled Flame"],"acts_visited":["Exordium","TheCity","TheBeyond","TheEnding"],"potions_floor_usage":[33,33,49],"damage_taken":[{"damage":5.0,"enemies":"2 Louse","floor":2.0,"turns":3.0},{"damage":3.0,"enemies":"Jaw Worm","floor":3.0,"turns":5.0},{"damage":0.0,"enemies":"Cultist","floor":4.0,"turns":4.0},{"damage":5.0,"enemies":"downfall:FleeingMerchant","floor":5.0,"turns":4.0},{"damage":14.0,"enemies":"Gremlin Gang","floor":6.0,"turns":4.0},{"damage":26.0,"enemies":"Lagavulin","floor":9.0,"turns":6.0},{"damage":14.0,"enemies":"downfall:Heads","floor":10.0,"turns":6.0},{"damage":0.0,"enemies":"downfall:FleeingMerchant","floor":11.0,"turns":4.0},{"damage":0.0,"enemies":"2 Fungi Beasts","floor":13.0,"turns":3.0},{"damage":0.0,"enemies":"downfall:FleeingMerchant","floor":14.0,"turns":4.0},{"damage":0.0,"enemies":"Gremlin Gang","floor":15.0,"turns":4.0},{"damage":0.0,"enemies":"downfall:Watcher","floor":16.0,"turns":5.0},{"damage":0.0,"enemies":"Chosen","floor":19.0,"turns":4.0},{"damage":0.0,"enemies":"Snecko","floor":21.0,"turns":6.0},{"damage":0.0,"enemies":"downfall:FleeingMerchant","floor":22.0,"turns":4.0},{"damage":8.0,"enemies":"Cultist and Chosen","floor":23.0,"turns":7.0},{"damage":0.0,"enemies":"Shelled Parasite and Fungi","floor":26.0,"turns":5.0},{"damage":16.0,"enemies":"Slavers","floor":28.0,"turns":5.0},{"damage":6.0,"enemies":"Sentry and Sphere","floor":29.0,"turns":3.0},{"damage":0.0,"enemies":"Snecko","floor":30.0,"turns":4.0},{"damage":8.0,"enemies":"Shelled Parasite and Fungi","floor":31.0,"turns":3.0},{"damage":3.0,"enemies":"Centurion and Healer","floor":32.0,"turns":5.0},{"damage":0,"enemies":"downfall:Defect","floor":33,"turns":6},{"damage":0,"enemies":"3 Shapes","floor":36,"turns":5},{"damage":0,"enemies":"3 Darklings","floor":37,"turns":5},{"damage":10,"enemies":"4 Shapes","floor":38,"turns":5},{"damage":6,"enemies":"downfall:FleeingMerchant","floor":40,"turns":3},{"damage":0,"enemies":"Giant Head","floor":42,"turns":4},{"damage":15,"enemies":"Sphere and 2 Shapes","floor":43,"turns":3},{"damage":3,"enemies":"Nemesis","floor":46,"turns":5},{"damage":0,"enemies":"Writhing Mass","floor":48,"turns":4},{"damage":0,"enemies":"Jaw Worm Horde","floor":49,"turns":4},{"damage":5,"enemies":"downfall:Silent","floor":50,"turns":9},{"damage":24,"enemies":"downfall:CharBossMerchant","floor":52,"turns":6},{"damage":16,"enemies":"downfall:NeowBoss","floor":55,"turns":15}],"seed_played":"3950630983771369334","potions_obtained":[{"floor":2.0,"key":"GamblersBrew"},{"floor":9.0,"key":"FearPotion"},{"floor":13.0,"key":"BlessingOfTheForge"},{"floor":15.0,"key":"sneckomod:MuddlingPotion"},{"floor":16.0,"key":"ColorlessPotion"},{"floor":19.0,"key":"Block Potion"},{"floor":21.0,"key":"sneckomod:MuddlingPotion"},{"floor":28.0,"key":"Guardian:StasisDiscoveryPotion"},{"floor":29.0,"key":"PowerPotion"},{"floor":32.0,"key":"PowerPotion"},{"floor":33,"key":"LiquidBronze"}],"is_trial":false,"path_per_floor":["R","M","M","M","$","M","T","R","E","?","$","R","M","$","M","B",null,"R","M","?","M","$","M","T","R","M","R","E","M","M","M","M","B",null,"R","M","M","M","?","$","T","E","M","R","T","E","R","M","M","B",null,"E","$","R","B",null],"character_chosen":"GUARDIAN","items_purchased":["OrangePellets","Guardian:Incinerate","Guardian:Suspension","Frozen Eye","Whetstone","Guardian:FierceBash"],"campfire_rested":3,"item_purchase_floors":[5,5,22,40,40,53],"current_hp_per_floor":[56,51,48,48,43,29,29,53,27,13,13,52,52,52,52,52,80,80,80,80,80,80,72,72,72,72,72,56,50,50,42,39,39,80,80,80,80,70,70,64,64,64,49,59,66,63,97,97,97,92,97,73,73,73,57],"gold":45,"neow_bonus":"TWO_FIFTY_GOLD","is_daily":false,"chose_seed":false,"campfire_upgraded":6,"win_rate":0.0,"timestamp":1608848316,"path_taken":["R","M","M","M","$","M","T","R","E","?","$","R","M","$","M","BOSS","R","M","?","?","$","M","T","R","M","R","E","?","M","M","M","BOSS","R","M","M","?","?","$","T","E","M","R","?","E","R","?","M","BOSS","E","$","R","BOSS"],"items_purchased_type":["Relic","Card","Card","Relic","Relic","Card"],"build_version":"2020-12-22","purchased_purges":5,"victory":true,"max_hp_per_floor":[80,80,80,80,80,80,80,80,80,80,80,80,80,80,80,80,80,80,80,80,80,80,80,80,80,80,80,80,80,80,80,80,80,80,80,80,80,80,80,80,80,80,80,90,97,97,97,97,97,97,97,97,97,97,97],"card_choices":[{"not_picked":["Guardian:RefractedBeam","Guardian:Suspension","Guardian:TemporalStrike"],"picked":"SKIP","floor":2.0},{"not_picked":["Guardian:Planning","Guardian:TemporalShield"],"picked":"Guardian:FuturePlans","floor":3.0},{"not_picked":["Guardian:FuturePlans","Guardian:CrystalBeam"],"picked":"Guardian:Gem_Crimson","floor":4.0},{"not_picked":["Guardian:Gem_White","Guardian:Gem_Cyan"],"picked":"Guardian:Gem_Blue","floor":5.0},{"not_picked":["Guardian:Reroute","Guardian:RefractedBeam"],"picked":"Guardian:PiercingHide","floor":6.0},{"not_picked":["Guardian:Gem_Cyan","Guardian:Clone"],"picked":"Guardian:TemporalShield","floor":9.0},{"not_picked":["Guardian:PrimingBeam","Guardian:ChargeUp"],"picked":"Guardian:Gem_Cyan","floor":10.0},{"not_picked":["Guardian:Clone","Guardian:TimeBomb"],"picked":"Guardian:Recover","floor":11.0},{"not_picked":["Guardian:ChargeCore","Guardian:Repulse"],"picked":"Guardian:DonusPower","floor":13.0},{"not_picked":["Guardian:FierceBash","Guardian:Emergency"],"picked":"Guardian:ChargeUp","floor":14.0},{"not_picked":["Guardian:CrystalBeam","Guardian:PiercingHide"],"picked":"Guardian:TimeCapacitor","floor":15.0},{"not_picked":["Guardian:GatlingBeam","Guardian:StasisField"],"picked":"Guardian:Gem_Synthetic","floor":16.0},{"not_picked":["Guardian:TemporalStrike","Guardian:PrimingBeam+1"],"picked":"Guardian:DecasProtection","floor":19.0},{"not_picked":["Guardian:Suspension","Guardian:PiercingHide","Guardian:MultiBeam"],"picked":"SKIP","floor":21.0},{"not_picked":["Guardian:Planning","Guardian:ChargeCore+1"],"picked":"Guardian:FastForward","floor":22.0},{"not_picked":["Guardian:Incinerate","Guardian:Gem_Blue"],"picked":"Guardian:Orbwalk","floor":23.0},{"not_picked":["Guardian:VentSteam","Guardian:ArmoredProtocol","Guardian:PiercingHide+1"],"picked":"SKIP","floor":26.0},{"not_picked":["Guardian:PrimingBeam","Guardian:Gem_Green"],"picked":"Guardian:Gem_Red","floor":28.0},{"not_picked":["Guardian:PiercingHide+1","Guardian:Incinerate"],"picked":"Guardian:SentryBeam+1","floor":29.0},{"not_picked":["Guardian:VentSteam","Guardian:PiercingHide+1"],"picked":"Guardian:Planning","floor":30.0},{"not_picked":["Guardian:TemporalStrike","Guardian:Suspension","Guardian:MultiBeam"],"picked":"SKIP","floor":31.0},{"not_picked":["Guardian:FuturePlans","Guardian:PiercingHide"],"picked":"Guardian:CompilePackage","floor":32.0},{"not_picked":["Guardian:TimeSifter","Guardian:FierceBash"],"picked":"Guardian:Gem_Synthetic","floor":33},{"not_picked":["Guardian:RollAttack+1","Guardian:PiercingHide+1"],"picked":"Guardian:Gem_Yellow","floor":36},{"not_picked":["Guardian:RollAttack+1","Guardian:CrystalBeam","Guardian:Gem_Cyan"],"picked":"SKIP","floor":37},{"not_picked":["Guardian:PrimingBeam","Guardian:PiercingHide","Guardian:Gem_Cyan"],"picked":"SKIP","floor":38},{"not_picked":["Guardian:ShieldCharger+1","Guardian:Gem_Crimson"],"picked":"Guardian:ChargeCore+1","floor":40},{"not_picked":["Guardian:Recover","Guardian:MultiBeam+1"],"picked":"Guardian:ChargeCore","floor":42},{"not_picked":["Guardian:Gem_Blue","Guardian:Harden"],"picked":"Guardian:PolyBeam+1","floor":43},{"not_picked":["Guardian:PiercingHide","Guardian:Emergency+1","Guardian:Gem_Red"],"picked":"SKIP","floor":46},{"not_picked":["Guardian:TemporalStrike+1","Guardian:Gem_Fragmented","Guardian:RevengeProtocol"],"picked":"SKIP","floor":48},{"not_picked":["Guardian:Gem_Blue","Guardian:TemporalStrike","Guardian:Suspension+1"],"picked":"SKIP","floor":49},{"not_picked":["Guardian:Harden+1","Guardian:TemporalShield","Guardian:Gem_Green"],"picked":"SKIP","floor":52}],"player_experience":149428,"relics_obtained":[{"floor":7.0,"key":"Centennial Puzzle"},{"floor":9.0,"key":"Regal Pillow"},{"floor":24.0,"key":"Bronze Scales"},{"floor":28.0,"key":"Tiny Chest"},{"floor":42,"key":"Orichalcum"},{"floor":45,"key":"Strawberry"},{"floor":46,"key":"StoneCalendar"},{"floor":52,"key":"Bottled Flame"}],"event_choices":[{"cards_removed":["Guardian:CurlUp"],"damage_healed":0,"gold_gain":0,"player_choice":"Removed Skill","damage_taken":0,"max_hp_gain":0,"max_hp_loss":0,"event_name":"Falling","floor":39,"gold_loss":0}],"is_beta":false,"boss_relics":[{"not_picked":["SlaversCollar","SacredBark"],"picked":"Guardian:ModeShifterPlus"},{"not_picked":["Tiny House","Runic Pyramid"],"picked":"Sozu"}],"items_purged_floors":[5,11,22,40,53],"is_endless":false,"potions_floor_spawned":[2,9,13,15,16,19,21,28,29,32,33,38,42,43,46,48,49],"ascension_level":3}}