{"host":"nnt34ungdh9fkcmy","time":1608773791,"event":{"mods":["BaseMod","Downfall","Minty Spire (QoL Compilation)","StSLib","SuperFastMode"],"gold_per_floor":[99,117,137,137,149,180,180,40,50,50,85,101,121,141,161,260,260,260,275,289,62,162,162,162,87,97,111,111,138,138,171,186,281,281,206,217,111,111,124,144,212,241,241,257,284,209,244,257,273,273,273,302,50,50,50],"floor_reached":56,"playtime":3655,"items_purged":["Pain","champ:Strike","champ:Defend"],"score":1523,"play_id":"b86c239d-358c-46d8-b78c-8773d924f85f","local_time":"20201223183631","is_ascension_mode":true,"campfire_choices":[{"data":"champ:Execute","floor":1.0,"key":"SMITH"},{"data":"champ:Taunt","floor":10.0,"key":"SMITH"},{"data":"champ:ArenaPreparation","floor":18.0,"key":"SMITH"},{"data":"champ:Improvising","floor":25.0,"key":"SMITH"},{"floor":30.0,"key":"RECALL"},{"data":"champ:ArenaPreparation","floor":35.0,"key":"SMITH"},{"data":"Purity","floor":43,"key":"SMITH"},{"data":"champ:Haymaker","floor":46,"key":"SMITH"},{"data":"champ:RageSigil","floor":54,"key":"SMITH"}],"circlet_count":0,"master_deck":["champ:Strike","champ:Strike","champ:Defend","champ:Defend","champ:Execute+1","champ:Taunt+1","champ:FlashCut","champ:TornadoPunch+1","champ:ArenaPreparation+1","champ:Haymaker+1","champ:RisingSlash+1","champ:Improvising+1","Purity+1","champ:RageSigil+1","champ:ArenaPreparation+1","champ:TornadoPunch+1"],"relics":["Busted Crown","WarpedTongs","Bottled Flame","Singing Bowl","StoneCalendar","Black Star","champ:BlackKnightHelmet","Bottled Tornado","downfall:HeartBlessingBlue","Whetstone","Bag of Preparation","Happy Flower","Shuriken","Coffee Dripper","downfall:HeartBlessingRed","Pantograph","Letter Opener","Molten Egg 2","Boot","Gremlin Horn","Incense Burner","downfall:HeartBlessingGreen","Question Card","Darkstone Periapt","Bag of Marbles","Anchor","Ornamental Fan"],"acts_visited":["Exordium","TheCity","TheBeyond","TheEnding"],"potions_floor_usage":[50,55,55],"damage_taken":[{"damage":8.0,"enemies":"Jaw Worm","floor":2.0,"turns":4.0},{"damage":5.0,"enemies":"Cultist","floor":3.0,"turns":3.0},{"damage":7.0,"enemies":"Small Slimes","floor":5.0,"turns":2.0},{"damage":28.0,"enemies":"3 Sentries","floor":6.0,"turns":7.0},{"damage":35.0,"enemies":"downfall:FleeingMerchant","floor":8.0,"turns":4.0},{"damage":5.0,"enemies":"Blue Slaver","floor":9.0,"turns":4.0},{"damage":19.0,"enemies":"Gremlin Nob","floor":11.0,"turns":3.0},{"damage":29.0,"enemies":"Large Slime","floor":12.0,"turns":3.0},{"damage":20.0,"enemies":"Blue Slaver","floor":13.0,"turns":2.0},{"damage":1.0,"enemies":"Exordium Thugs","floor":14.0,"turns":3.0},{"damage":21.0,"enemies":"Large Slime","floor":15.0,"turns":4.0},{"damage":23.0,"enemies":"downfall:Silent","floor":16.0,"turns":7.0},{"damage":10.0,"enemies":"Spheric Guardian","floor":19.0,"turns":4.0},{"damage":13.0,"enemies":"Cultist and Chosen","floor":20.0,"turns":5.0},{"damage":7.0,"enemies":"downfall:FleeingMerchant","floor":21.0,"turns":4.0},{"damage":112.0,"enemies":"downfall:FleeingMerchant","floor":22.0,"turns":7.0},{"damage":33.0,"enemies":"Shelled Parasite and Fungi","floor":26.0,"turns":3.0},{"damage":16.0,"enemies":"3 Cultists","floor":27.0,"turns":3.0},{"damage":59.0,"enemies":"Slavers","floor":29.0,"turns":4.0},{"damage":15.0,"enemies":"Book of Stabbing","floor":31.0,"turns":4.0},{"damage":26.0,"enemies":"Snecko","floor":32.0,"turns":3.0},{"damage":45.0,"enemies":"downfall:Watcher","floor":33.0,"turns":7.0},{"damage":27.0,"enemies":"3 Shapes","floor":36.0,"turns":3.0},{"damage":11.0,"enemies":"downfall:FleeingMerchant","floor":37.0,"turns":3.0},{"damage":28,"enemies":"3 Darklings","floor":39,"turns":2},{"damage":15,"enemies":"Jaw Worm Horde","floor":40,"turns":3},{"damage":31,"enemies":"Reptomancer","floor":42,"turns":3},{"damage":19,"enemies":"Transient","floor":44,"turns":5},{"damage":26,"enemies":"Giant Head","floor":45,"turns":4},{"damage":20,"enemies":"Reptomancer","floor":47,"turns":2},{"damage":28,"enemies":"Spire Growth","floor":48,"turns":3},{"damage":2,"enemies":"Jaw Worm Horde","floor":49,"turns":2},{"damage":30,"enemies":"downfall:Defect","floor":50,"turns":5},{"damage":10,"enemies":"downfall:CharBossMerchant","floor":52,"turns":6},{"damage":128,"enemies":"downfall:NeowBoss","floor":55,"turns":15}],"seed_played":"1754505540589696075","potions_obtained":[{"floor":2.0,"key":"SkillPotion"},{"floor":9.0,"key":"Swift Potion"},{"floor":11.0,"key":"Guardian:BlockOnCardUsePotion"},{"floor":12.0,"key":"Dexterity Potion"},{"floor":15.0,"key":"Fire Potion"},{"floor":22.0,"key":"EssenceOfSteel"},{"floor":26.0,"key":"GamblersBrew"},{"floor":27.0,"key":"BlessingOfTheForge"},{"floor":39,"key":"PowerPotion"}],"is_trial":false,"path_per_floor":["R","M","M","?","M","E","T","$","M","R","E","M","M","M","M","B",null,"R","M","M","$","?","?","T","R","M","M","?","E","R","E","M","B",null,"R","M","?","?","M","M","T","E","R","M","E","R","E","M","M","B",null,"E","$","R","B",null],"character_chosen":"THE_CHAMP","items_purchased":["champ:Haymaker","Purity","champ:RageSigil","Pantograph","PowerPotion","Ornamental Fan"],"campfire_rested":0,"item_purchase_floors":[8,21,21,37,37,53],"current_hp_per_floor":[90,90,90,90,88,65,65,57,59,59,61,60,62,63,62,54,102,102,104,103,103,48,84,84,94,83,77,77,73,73,75,71,60,130,130,118,119,119,121,113,113,103,103,105,106,106,103,97,102,117,148,150,150,150,131],"gold":50,"neow_bonus":"BOSS_RELIC","is_daily":false,"chose_seed":false,"campfire_upgraded":8,"win_rate":0.0,"timestamp":1608773791,"path_taken":["R","M","M","?","M","E","T","$","M","R","E","?","M","M","M","BOSS","R","M","M","$","?","?","T","R","M","M","?","E","R","E","M","BOSS","R","M","?","?","M","M","T","E","R","M","E","R","E","M","M","BOSS","E","$","R","BOSS"],"items_purchased_type":["Card","Card","Card","Relic","Potion","Relic"],"build_version":"2020-12-22","purchased_purges":3,"victory":true,"max_hp_per_floor":[90,90,90,90,90,90,90,92,94,94,96,98,100,102,102,102,102,102,104,106,108,110,110,110,120,122,122,122,124,124,126,128,130,130,130,130,132,132,134,136,136,138,138,140,142,142,144,146,148,148,148,150,150,150,150],"card_choices":[{"not_picked":["champ:Riposte"],"picked":"SKIP","floor":2.0},{"not_picked":[],"picked":"champ:FlashCut","floor":3.0},{"not_picked":[],"picked":"champ:TornadoPunch","floor":5.0},{"not_picked":[],"picked":"champ:ArenaPreparation","floor":6.0},{"not_picked":["champ:Circumvent"],"picked":"Singing Bowl","floor":8.0},{"not_picked":["champ:FightOn"],"picked":"Singing Bowl","floor":9.0},{"not_picked":["champ:FocusedDefense"],"picked":"Singing Bowl","floor":11.0},{"not_picked":["champ:Haymaker"],"picked":"Singing Bowl","floor":12.0},{"not_picked":["champ:BerserkersShout"],"picked":"Singing Bowl","floor":13.0},{"not_picked":["champ:BladeFlurry"],"picked":"Singing Bowl","floor":14.0},{"not_picked":[],"picked":"champ:RisingSlash","floor":15.0},{"not_picked":[],"picked":"champ:Improvising","floor":16.0},{"not_picked":["champ:FocusedGladiator+1"],"picked":"Singing Bowl","floor":19.0},{"not_picked":["champ:FlashCut+1"],"picked":"Singing Bowl","floor":20.0},{"not_picked":["champ:PerfectedStrike"],"picked":"Singing Bowl","floor":21.0},{"not_picked":["champ:ShieldWall"],"picked":"Singing Bowl","floor":22.0},{"not_picked":["champ:CrookedStrike"],"picked":"Singing Bowl","floor":26.0},{"not_picked":[],"picked":"champ:ArenaPreparation","floor":27.0},{"not_picked":["champ:Balance"],"picked":"Singing Bowl","floor":29.0},{"not_picked":["champ:EndlessRage"],"picked":"Singing Bowl","floor":31.0},{"not_picked":["champ:BerserkersShout"],"picked":"Singing Bowl","floor":32.0},{"not_picked":["champ:VampiricStrike"],"picked":"Singing Bowl","floor":33.0},{"not_picked":[],"picked":"champ:TornadoPunch+1","floor":36.0},{"not_picked":["champ:FanOfKnives"],"picked":"Singing Bowl","floor":37.0},{"not_picked":["champ:DefensiveShout+1"],"picked":"Singing Bowl","floor":39},{"not_picked":["champ:TornadoPunch"],"picked":"Singing Bowl","floor":40},{"not_picked":["champ:FocusedGladiator+1"],"picked":"Singing Bowl","floor":42},{"not_picked":["champ:EnragedBash+1"],"picked":"Singing Bowl","floor":44},{"not_picked":["champ:DeathBlow+1"],"picked":"Singing Bowl","floor":45},{"not_picked":["champ:FocusedGladiator"],"picked":"Singing Bowl","floor":47},{"not_picked":["champ:StanceDance+1","champ:ShieldSigil"],"picked":"Singing Bowl","floor":48},{"not_picked":["champ:SwordSigil","champ:Control+1"],"picked":"Singing Bowl","floor":49},{"not_picked":["champ:FlashCut+1","champ:CrookedStrike+1"],"picked":"Singing Bowl","floor":52}],"player_experience":204154,"relics_obtained":[{"floor":6.0,"key":"Bottled Flame"},{"floor":7.0,"key":"Singing Bowl"},{"floor":11.0,"key":"StoneCalendar"},{"floor":22.0,"key":"champ:BlackKnightHelmet"},{"floor":22.0,"key":"Bottled Tornado"},{"floor":29.0,"key":"Whetstone"},{"floor":29.0,"key":"Bag of Preparation"},{"floor":31.0,"key":"Happy Flower"},{"floor":31.0,"key":"Shuriken"},{"floor":41,"key":"Letter Opener"},{"floor":42,"key":"Molten Egg 2"},{"floor":42,"key":"Boot"},{"floor":45,"key":"Gremlin Horn"},{"floor":45,"key":"Incense Burner"},{"floor":47,"key":"Question Card"},{"floor":47,"key":"Darkstone Periapt"},{"floor":52,"key":"Bag of Marbles"},{"floor":52,"key":"Anchor"}],"event_choices":[{"damage_healed":0.0,"max_hp_gain":0.0,"max_hp_loss":0.0,"gold_gain":0.0,"event_name":"Accursed Blacksmith","player_choice":"Rummage","floor":4.0,"gold_loss":0.0,"damage_taken":0.0,"relics_obtained":["WarpedTongs"],"cards_obtained":["Pain"]},{"damage_healed":36.0,"max_hp_gain":0.0,"max_hp_loss":0.0,"gold_gain":0.0,"event_name":"The Library","player_choice":"Heal","floor":23.0,"gold_loss":0.0,"damage_taken":0.0},{"cards_removed":["champ:Defend"],"damage_healed":0.0,"max_hp_gain":0.0,"max_hp_loss":0.0,"gold_gain":0.0,"event_name":"Falling","player_choice":"Removed Skill","floor":38.0,"gold_loss":0.0,"damage_taken":0.0}],"is_beta":false,"boss_relics":[{"not_picked":["SlaversCollar","Sozu"],"picked":"Black Star"},{"not_picked":["Velvet Choker","Pandora\u0027s Box"],"picked":"Coffee Dripper"}],"items_purged_floors":[8,21,37],"is_endless":false,"potions_floor_spawned":[2,9,11,12,13,15,20,22,26,27,39,40,42,49],"ascension_level":1}}