{"host":"qxeepl7ydvsgmfdb","time":1608792013,"event":{"mods":["AchievementEnabler","BaseMod","Colored Powertips","Minty Spire (QoL Compilation)","Quick Restart","slay the spire mod where everything is the same but ironclad has a cowboy hat"],"gold_per_floor":[116,116,116,128,53,53,83,83,83,101,112,112,44,219,219,320,320,320,320],"floor_reached":18,"playtime":308,"items_purged":[],"score":201,"play_id":"dff4d7a9-8ac8-4100-971a-4b399bc847fa","local_time":"20201224014013","is_ascension_mode":true,"campfire_choices":[{"data":"Infernal Blade","floor":6,"key":"SMITH"},{"data":"Flex","floor":8,"key":"SMITH"},{"data":"Metallicize","floor":15,"key":"SMITH"}],"circlet_count":0,"master_deck":["Bash","Flex","Infernal Blade+1","Flex+1","Iron Wave","Sword Boomerang","Metallicize+1","Doubt","Demon Form","Entrench","Uppercut","Metallicize","Rupture","Flame Barrier","Havoc","Barricade","Warcry"],"relics":["Burning Blood","NeowsBlessing","FossilizedHelix","Bronze Scales","Blood Vial","Pandora\u0027s Box"],"acts_visited":["Exordium","TheCity"],"potions_floor_usage":[16,16],"damage_taken":[{"damage":0,"enemies":"2 Louse","floor":1,"turns":1},{"damage":0,"enemies":"Jaw Worm","floor":4,"turns":1},{"damage":0,"enemies":"Gremlin Nob","floor":7,"turns":1},{"damage":0,"enemies":"Cultist","floor":10,"turns":2},{"damage":0,"enemies":"Looter","floor":11,"turns":2},{"damage":37,"enemies":"The Guardian","floor":16,"turns":12},{"damage":0,"enemies":"2 Thieves","floor":18,"turns":1}],"seed_played":"-8325175075646552021","potions_obtained":[{"floor":4,"key":"AttackPotion"},{"floor":11,"key":"BlessingOfTheForge"}],"is_trial":false,"path_per_floor":["M","?","?","M","$","R","E","R","T","M","M","?","$","?","R","B",null,"M"],"character_chosen":"IRONCLAD","items_purchased":["Infernal Blade","Metallicize"],"campfire_rested":0,"item_purchase_floors":[5,13],"current_hp_per_floor":[80,64,64,70,70,70,76,76,76,80,80,62,62,62,62,33,80,80,80],"gold":320,"neow_bonus":"THREE_ENEMY_KILL","is_daily":false,"chose_seed":false,"campfire_upgraded":3,"win_rate":0.0,"timestamp":1608792013,"path_taken":["M","?","?","?","$","R","E","R","T","M","M","?","$","?","R","BOSS","M"],"items_purchased_type":["Card","Card"],"build_version":"2020-12-22","purchased_purges":0,"victory":false,"max_hp_per_floor":[80,80,80,80,80,80,80,80,80,80,80,80,80,80,80,80,80,80,80],"card_choices":[{"not_picked":["Thunderclap","Sword Boomerang"],"picked":"Flex","floor":1},{"not_picked":["Bloodletting","Evolve","Warcry"],"picked":"SKIP","floor":4},{"not_picked":["Sentinel","Pummel"],"picked":"Flex","floor":7},{"not_picked":["Armaments","Blood for Blood"],"picked":"Iron Wave","floor":10},{"not_picked":["Blood for Blood","Flex"],"picked":"Sword Boomerang","floor":11},{"not_picked":["Berserk","Limit Break"],"picked":"Demon Form","floor":16}],"player_experience":351866,"relics_obtained":[{"floor":7,"key":"FossilizedHelix"},{"floor":9,"key":"Bronze Scales"}],"event_choices":[{"damage_healed":0,"gold_gain":0,"player_choice":"Entered Light","damage_taken":16,"max_hp_gain":0,"max_hp_loss":0,"event_name":"Shining Light","floor":2,"gold_loss":0,"cards_upgraded":["Strike_R","Defend_R"]},{"cards_removed":["Strike_R"],"damage_healed":0,"gold_gain":0,"player_choice":"Card Removal","damage_taken":0,"max_hp_gain":0,"max_hp_loss":0,"event_name":"Wheel of Change","floor":3,"gold_loss":0},{"damage_healed":0,"gold_gain":0,"player_choice":"Success","damage_taken":18,"relics_obtained":["Blood Vial"],"max_hp_gain":0,"max_hp_loss":0,"event_name":"Scrap Ooze","floor":12,"gold_loss":0},{"damage_healed":0,"gold_gain":175,"player_choice":"AGREE","damage_taken":0,"max_hp_gain":0,"max_hp_loss":0,"event_name":"Liars Game","floor":14,"gold_loss":0,"cards_obtained":["Doubt"]}],"is_beta":false,"boss_relics":[{"not_picked":["Runic Pyramid","Sozu"],"picked":"Pandora\u0027s Box"}],"items_purged_floors":[],"is_endless":false,"potions_floor_spawned":[4,11],"killed_by":"2 Thieves","ascension_level":2}}