{"host":"5bdt6s51dmpd4l3v","time":1608796933,"event":{"mods":["AchievementEnabler","BaseMod","Colored Map","Colored Powertips","Highlight Path","Minty Spire (QoL Compilation)","Quick Restart","Rare Cards Sparkle","StSLib"],"gold_per_floor":[113,1,20,20,39,64,64,64,64],"floor_reached":8,"playtime":135,"items_purged":[],"score":98,"play_id":"b4b554d8-eb02-4b47-ae81-20abd975b16d","local_time":"20201224160213","is_ascension_mode":true,"campfire_choices":[{"data":"Infernal Blade","floor":7,"key":"SMITH"}],"circlet_count":0,"master_deck":["AscendersBane","Strike_R","Strike_R","Strike_R","Strike_R","Strike_R","Defend_R","Defend_R","Defend_R","Defend_R","Bash","Infernal Blade+1","Whirlwind","Bloodletting","Headbutt","Sword Boomerang"],"relics":["Burning Blood","NeowsBlessing","Paper Frog"],"acts_visited":["Exordium"],"potions_floor_usage":[6],"damage_taken":[{"damage":0.0,"enemies":"Jaw Worm","floor":1.0,"turns":1.0},{"damage":0,"enemies":"Cultist","floor":3,"turns":1},{"damage":0,"enemies":"2 Louse","floor":5,"turns":1},{"damage":58,"enemies":"Lagavulin","floor":6,"turns":6},{"damage":0,"enemies":"3 Sentries","floor":8,"turns":1}],"seed_played":"-3397788264857456961","potions_obtained":[{"floor":3,"key":"Regen Potion"},{"floor":4,"key":"ElixirPotion"},{"floor":4,"key":"SmokeBomb"}],"is_trial":false,"path_per_floor":["M","$","M","?","M","E","R","E"],"character_chosen":"IRONCLAD","items_purchased":["Whirlwind","Bloodletting"],"campfire_rested":0,"item_purchase_floors":[2,2],"current_hp_per_floor":[74,74,75,75,75,28,28,28,28],"gold":64,"neow_bonus":"THREE_ENEMY_KILL","is_daily":false,"chose_seed":false,"campfire_upgraded":1,"win_rate":0.0,"timestamp":1608796933,"path_taken":["M","$","M","?","?","E","R","E"],"items_purchased_type":["Card","Card"],"build_version":"2020-12-22","purchased_purges":0,"victory":false,"max_hp_per_floor":[75,75,75,75,75,75,75,75,75],"card_choices":[{"not_picked":["Havoc","Iron Wave"],"picked":"Infernal Blade","floor":1.0},{"not_picked":["Warcry","Flame Barrier"],"picked":"Headbutt","floor":3},{"not_picked":["True Grit","Warcry"],"picked":"Sword Boomerang","floor":5},{"not_picked":["Juggernaut","Searing Blow","Dark Embrace"],"picked":"SKIP","floor":6}],"player_experience":221900,"relics_obtained":[{"floor":6,"key":"Paper Frog"}],"event_choices":[{"damage_healed":0,"gold_gain":0,"player_choice":"Got Potions","damage_taken":0,"max_hp_gain":0,"max_hp_loss":0,"event_name":"Lab","floor":4,"gold_loss":0}],"is_beta":false,"boss_relics":[],"items_purged_floors":[],"is_endless":false,"potions_floor_spawned":[3,5],"killed_by":"3 Sentries","ascension_level":15}}