{"host":"30jsp143e4v19aze","time":1608852329,"event":{"mods":["BaseMod","Colored Map","Colored Powertips","Curses Come First","DeckTracker","Highlight Path","Minty Spire (QoL Compilation)","Quick Restart","Relic Stats","StSLib","everything is the same but u backflip on backflip","slay the spire mod where everything is the same but ironclad has a cowboy hat"],"gold_per_floor":[115,40,52,63,77,77,111,111,111,136,136,136,179,195,195,294,294,309,38,59,59,73,73,73],"floor_reached":23,"playtime":1158,"items_purged":["Strike_G"],"score":422,"play_id":"a6fe1853-1b15-4659-b89a-6262ce26e675","local_time":"20201225002529","is_ascension_mode":true,"campfire_choices":[{"data":"Underhanded Strike","floor":6,"key":"SMITH"},{"floor":8,"key":"REST"},{"data":"Bouncing Flask","floor":12,"key":"SMITH"},{"data":"Catalyst","floor":15,"key":"SMITH"}],"circlet_count":0,"master_deck":["AscendersBane","Strike_G","Strike_G","Strike_G","Defend_G","Defend_G","Defend_G","Defend_G","Defend_G","Survivor","Neutralize","Underhanded Strike+1","Bouncing Flask+1","Acrobatics","PiercingWail","All Out Attack","Backflip","Catalyst+1","Deadly Poison","Venomology","Noxious Fumes","Wraith Form v2","Adrenaline","Footwork","Bouncing Flask","Well Laid Plans"],"relics":["Ring of the Snake","Anchor","Smiling Mask","Pantograph","Golden Idol","Eternal Feather","HoveringKite","Orrery","CultistMask"],"acts_visited":["Exordium","TheCity"],"potions_floor_usage":[10,18,20,22,22,22,22,22,23],"damage_taken":[{"damage":4,"enemies":"Small Slimes","floor":1,"turns":4},{"damage":1,"enemies":"Jaw Worm","floor":3,"turns":4},{"damage":0,"enemies":"Cultist","floor":4,"turns":3},{"damage":4,"enemies":"Lots of Slimes","floor":5,"turns":5},{"damage":32,"enemies":"3 Sentries","floor":7,"turns":9},{"damage":8,"enemies":"Gremlin Nob","floor":10,"turns":3},{"damage":15,"enemies":"3 Sentries","floor":13,"turns":10},{"damage":8,"enemies":"Exordium Thugs","floor":14,"turns":3},{"damage":20,"enemies":"Hexaghost","floor":16,"turns":6},{"damage":31,"enemies":"Chosen","floor":18,"turns":4},{"damage":0,"enemies":"3 Byrds","floor":20,"turns":3},{"damage":10,"enemies":"3 Cultists","floor":22,"turns":6},{"damage":14,"enemies":"Book of Stabbing","floor":23,"turns":2}],"seed_played":"-5781082405825281294","potions_obtained":[{"floor":1,"key":"Poison Potion"},{"floor":5,"key":"LiquidBronze"},{"floor":14,"key":"FearPotion"}],"is_trial":false,"path_per_floor":["M","?","M","M","M","R","E","R","T","E","?","R","E","M","R","B",null,"M","$","M","?","M","E"],"character_chosen":"THE_SILENT","items_purchased":["Orrery","Energy Potion"],"campfire_rested":1,"item_purchase_floors":[19,19],"current_hp_per_floor":[55,55,54,54,50,50,18,37,37,29,29,29,14,6,18,23,51,20,20,20,20,10,0,0],"gold":73,"neow_bonus":"THREE_CARDS","is_daily":false,"chose_seed":false,"campfire_upgraded":3,"win_rate":0.0,"timestamp":1608852329,"path_taken":["M","?","M","M","M","R","E","R","T","E","?","R","E","M","R","BOSS","M","$","M","?","?","E"],"items_purchased_type":["Relic","Potion"],"build_version":"2020-12-22","purchased_purges":1,"victory":false,"max_hp_per_floor":[66,66,66,66,66,66,66,66,66,66,60,60,60,60,60,60,60,60,60,60,60,60,60,60],"relic_stats":{"counters":[13,62],"Golden Idol":42,"Pantograph":25,"HoveringKite":[7],"Eternal Feather":12,"Smiling Mask":25,"obtain_stats":[{"Anchor":7,"Golden Idol":11,"Pantograph":10,"HoveringKite":17,"Orrery":19,"Eternal Feather":13,"CultistMask":21,"Smiling Mask":9,"Ring of the Snake":0},{"Anchor":5,"Golden Idol":6,"Pantograph":6,"HoveringKite":9,"Orrery":10,"Eternal Feather":7,"CultistMask":11,"Smiling Mask":5,"Ring of the Snake":0},{"Anchor":25,"Golden Idol":28,"Pantograph":28,"HoveringKite":47,"Orrery":51,"Eternal Feather":38,"CultistMask":54,"Smiling Mask":25,"Ring of the Snake":0}],"Ring of the Snake":[26]},"card_choices":[{"not_picked":["Distraction","Escape Plan"],"picked":"Underhanded Strike","floor":0},{"not_picked":["Flechettes","PiercingWail"],"picked":"Bouncing Flask","floor":1},{"not_picked":["Blade Dance","Outmaneuver"],"picked":"Acrobatics","floor":3},{"not_picked":["Deadly Poison","Expertise"],"picked":"PiercingWail","floor":4},{"not_picked":["Concentrate","Sucker Punch"],"picked":"All Out Attack","floor":5},{"not_picked":["Flechettes","Prepared","Masterful Stab"],"picked":"SKIP","floor":7},{"not_picked":["Acrobatics","Predator"],"picked":"Backflip","floor":10},{"not_picked":["Concentrate","Footwork"],"picked":"Catalyst","floor":13},{"not_picked":["Distraction","Finisher"],"picked":"Deadly Poison","floor":14},{"not_picked":["After Image","Unload"],"picked":"Venomology","floor":16},{"not_picked":["Deadly Poison","Dagger Spray","Finisher"],"picked":"SKIP","floor":18},{"not_picked":["Terror","Dagger Spray"],"picked":"Noxious Fumes","floor":19},{"not_picked":["Dagger Throw","Poisoned Stab"],"picked":"Wraith Form v2","floor":19},{"not_picked":["Slice+1","Flying Knee"],"picked":"Adrenaline","floor":19},{"not_picked":["Dodge and Roll","All Out Attack"],"picked":"Footwork","floor":19},{"not_picked":["Finisher","Underhanded Strike"],"picked":"Bouncing Flask","floor":20},{"not_picked":["Calculated Gamble","Cloak And Dagger"],"picked":"Well Laid Plans","floor":22}],"player_experience":3172786,"relics_obtained":[{"floor":7,"key":"Anchor"},{"floor":9,"key":"Smiling Mask"},{"floor":10,"key":"Pantograph"},{"floor":13,"key":"Eternal Feather"}],"event_choices":[{"cards_removed":["Strike_G"],"damage_healed":0,"gold_gain":0,"player_choice":"Card Removal","damage_taken":0,"max_hp_gain":0,"max_hp_loss":0,"event_name":"The Cleric","floor":2,"gold_loss":75},{"damage_healed":0,"gold_gain":0,"player_choice":"Lose Max HP","damage_taken":0,"relics_obtained":["Golden Idol"],"max_hp_gain":0,"max_hp_loss":6,"event_name":"Golden Idol","floor":11,"gold_loss":0},{"damage_healed":0,"gold_gain":0,"player_choice":"Trade","damage_taken":0,"relics_obtained":["CultistMask"],"max_hp_gain":0,"max_hp_loss":0,"event_name":"FaceTrader","floor":21,"gold_loss":0}],"is_beta":false,"boss_relics":[{"not_picked":["Empty Cage","WristBlade"],"picked":"HoveringKite"}],"items_purged_floors":[19],"is_endless":false,"potions_floor_spawned":[1,5,7,14],"killed_by":"Book of Stabbing","ascension_level":20}}