{"host":"Jonboy","time":1608816881,"event":{"mods":["AchievementEnabler","BaseMod","Block Reminder","Colored Powertips","Minty Spire (QoL Compilation)","Relic Stats"],"gold_per_floor":[99,99,99,99,69,69,69,54,54,54,54,54,54,54,54,54,54,54,54,9,9,9,9,9,9,9,9,9,9,9,9,9,9,9],"floor_reached":33,"playtime":1653,"items_purged":[],"score":586,"play_id":"743aab35-f737-4eca-83fc-8b14e317a5bc","local_time":"20201224133441","is_ascension_mode":true,"campfire_choices":[{"floor":11,"key":"REST"},{"floor":15,"key":"REST"},{"data":"Burning Pact","floor":24,"key":"SMITH"},{"data":"Feed","floor":27,"key":"SMITH"},{"data":"Demon Form","floor":32,"key":"SMITH"}],"circlet_count":0,"master_deck":["AscendersBane","Strike_R","Strike_R","Strike_R","Strike_R","Defend_R","Defend_R","Defend_R","Defend_R","Bash","Hemokinesis","Twin Strike","Iron Wave","Shrug It Off","Burning Pact+1","Offering","Armaments","Feed+1","Pommel Strike","Power Through","Reaper","Carnage","Reaper","Shrug It Off","Shrug It Off","Ghostly","Ghostly","Ghostly","Demon Form+1"],"relics":["Ectoplasm","Oddly Smooth Stone","StrikeDummy","Smiling Mask","Sozu","Red Skull","Shuriken"],"acts_visited":["Exordium","TheCity"],"potions_floor_usage":[6,12,13,16,22],"damage_taken":[{"damage":1,"enemies":"Cultist","floor":1,"turns":3},{"damage":0,"enemies":"Small Slimes","floor":2,"turns":3},{"damage":5,"enemies":"2 Louse","floor":3,"turns":2},{"damage":11,"enemies":"2 Fungi Beasts","floor":4,"turns":4},{"damage":18,"enemies":"Exordium Thugs","floor":5,"turns":5},{"damage":14,"enemies":"3 Sentries","floor":6,"turns":10},{"damage":8,"enemies":"Exordium Wildlife","floor":7,"turns":4},{"damage":8,"enemies":"Looter","floor":8,"turns":2},{"damage":8,"enemies":"Large Slime","floor":12,"turns":4},{"damage":13,"enemies":"Lagavulin","floor":13,"turns":6},{"damage":8,"enemies":"Red Slaver","floor":14,"turns":2},{"damage":8,"enemies":"Slime Boss","floor":16,"turns":6},{"damage":2,"enemies":"Spheric Guardian","floor":18,"turns":3},{"damage":20,"enemies":"2 Thieves","floor":20,"turns":5},{"damage":8,"enemies":"Cultist and Chosen","floor":21,"turns":6},{"damage":9,"enemies":"Sentry and Sphere","floor":22,"turns":4},{"damage":57,"enemies":"Gremlin Leader","floor":23,"turns":9},{"damage":6,"enemies":"Snake Plant","floor":25,"turns":4},{"damage":9,"enemies":"Shelled Parasite and Fungi","floor":31,"turns":3},{"damage":56,"enemies":"Automaton","floor":33,"turns":6}],"seed_played":"840032084356091948","potions_obtained":[{"floor":2,"key":"ColorlessPotion"},{"floor":4,"key":"Strength Potion"},{"floor":6,"key":"ElixirPotion"},{"floor":13,"key":"Energy Potion"},{"floor":14,"key":"Energy Potion"},{"floor":16,"key":"LiquidMemories"}],"is_trial":false,"path_per_floor":["M","M","M","M","M","E","M","M","T","$","R","M","E","M","R","B",null,"M","?","M","M","M","E","R","M","T","R","?","?","?","M","R","B"],"character_chosen":"IRONCLAD","items_purchased":[],"campfire_rested":2,"item_purchase_floors":[],"current_hp_per_floor":[67,67,62,51,33,19,11,3,3,3,25,20,10,6,31,26,73,71,71,63,70,72,31,31,33,33,33,33,33,33,31,31,0,0],"gold":9,"neow_bonus":"BOSS_RELIC","is_daily":false,"chose_seed":false,"campfire_upgraded":3,"win_rate":0.0,"timestamp":1608816881,"path_taken":["M","M","?","M","M","E","M","M","T","$","R","M","E","?","R","BOSS","M","?","?","M","M","E","R","M","T","R","?","?","?","?","R","BOSS"],"items_purchased_type":[],"build_version":"2020-12-18","purchased_purges":0,"victory":false,"max_hp_per_floor":[75,75,75,75,75,75,75,75,75,75,75,78,81,85,85,88,88,88,88,88,91,94,98,98,98,98,98,49,49,49,53,53,53,53],"relic_stats":{"Sozu":2,"counters":[20,91],"Shuriken":[4],"Ectoplasm":484,"Smiling Mask":0,"obtain_stats":[{"Sozu":17,"Shuriken":26,"Oddly Smooth Stone":6,"Ectoplasm":0,"StrikeDummy":9,"Smiling Mask":13,"Burning Blood":0,"Red Skull":23},{"Sozu":12,"Shuriken":18,"Oddly Smooth Stone":6,"Ectoplasm":0,"StrikeDummy":8,"Smiling Mask":10,"Burning Blood":0,"Red Skull":17},{"Sozu":51,"Shuriken":82,"Oddly Smooth Stone":27,"Ectoplasm":0,"StrikeDummy":33,"Smiling Mask":43,"Burning Blood":0,"Red Skull":78}]},"card_choices":[{"not_picked":["Wild Strike","Flex"],"picked":"Hemokinesis","floor":1},{"not_picked":["Anger","Flex"],"picked":"Twin Strike","floor":2},{"not_picked":["Ghostly Armor","Second Wind"],"picked":"Iron Wave","floor":3},{"not_picked":["Cleave","Perfected Strike"],"picked":"Shrug It Off","floor":4},{"not_picked":["Heavy Blade","Intimidate"],"picked":"Burning Pact","floor":5},{"not_picked":["Corruption","Feel No Pain"],"picked":"Offering","floor":6},{"not_picked":["Heavy Blade","Thunderclap"],"picked":"Armaments","floor":7},{"not_picked":["Twin Strike","Heavy Blade"],"picked":"Feed","floor":8},{"not_picked":["Headbutt","Entrench","Twin Strike"],"picked":"SKIP","floor":12},{"not_picked":["Warcry","Havoc"],"picked":"Pommel Strike","floor":13},{"not_picked":["Hemokinesis","Havoc"],"picked":"Power Through","floor":14},{"not_picked":["Exhume","Limit Break"],"picked":"Reaper","floor":16},{"not_picked":["Intimidate","Twin Strike"],"picked":"Carnage","floor":18},{"not_picked":["Flex","Havoc","Heavy Blade"],"picked":"SKIP","floor":20},{"not_picked":["Clothesline","Twin Strike"],"picked":"Shrug It Off","floor":21},{"not_picked":["Perfected Strike","Dark Embrace+1","Reckless Charge"],"picked":"SKIP","floor":22},{"not_picked":["Havoc","Perfected Strike+1","Wild Strike"],"picked":"SKIP","floor":23},{"not_picked":["Clash","Armaments"],"picked":"Shrug It Off","floor":25},{"not_picked":["Twin Strike","Armaments","Combust"],"picked":"SKIP","floor":31}],"player_experience":413195,"relics_obtained":[{"floor":6,"key":"Oddly Smooth Stone"},{"floor":9,"key":"StrikeDummy"},{"floor":13,"key":"Smiling Mask"},{"floor":23,"key":"Red Skull"},{"floor":26,"key":"Shuriken"}],"event_choices":[{"damage_healed":0,"gold_gain":0,"player_choice":"Copied","damage_taken":0,"max_hp_gain":0,"max_hp_loss":0,"event_name":"Duplicator","floor":19,"gold_loss":0,"cards_obtained":["Reaper"]},{"damage_healed":0,"gold_gain":0,"player_choice":"Became a Ghost","damage_taken":0,"max_hp_gain":0,"max_hp_loss":49,"event_name":"Ghosts","floor":28,"gold_loss":0,"cards_obtained":["Ghostly","Ghostly","Ghostly"]},{"damage_healed":0,"gold_gain":0,"player_choice":"Read","damage_taken":0,"max_hp_gain":0,"max_hp_loss":0,"event_name":"The Library","floor":29,"gold_loss":0,"cards_obtained":["Demon Form"]},{"cards_removed":["Strike_R"],"damage_healed":0,"gold_gain":0,"player_choice":"Purged","damage_taken":0,"max_hp_gain":0,"max_hp_loss":0,"event_name":"Purifier","floor":30,"gold_loss":0}],"is_beta":true,"boss_relics":[{"not_picked":["SacredBark","Busted Crown"],"picked":"Sozu"}],"items_purged_floors":[],"is_endless":false,"potions_floor_spawned":[2,4,6,8,13,14,16,18,22,31],"killed_by":"Automaton","ascension_level":15}}