{"host":"vpnygm79y7yi43ig","time":1608780783,"event":{"mods":["BaseMod","Bestiary","Minty Spire (QoL Compilation)"],"gold_per_floor":[113,126,146,146,160,160,192,192,192,192,209,60,60,76,76,179,179,191,204,204,56,2,2,12,32,32,66,76,94,110,144,144,244,244,260,310,310,324,324,354,354,385,385,401,177,194,205,222,222,222],"floor_reached":51,"playtime":2065,"items_purged":[],"score":778,"play_id":"12ed941d-4e69-4adc-9c3a-12a24d99a329","local_time":"20201223193303","is_ascension_mode":false,"campfire_choices":[{"data":"Eruption","floor":8.0,"key":"SMITH"},{"data":"Strike_P","floor":13.0,"key":"PURGE"},{"data":"Adaptation","floor":15.0,"key":"SMITH"},{"data":"Judgement","floor":23.0,"key":"SMITH"},{"data":"Tantrum","floor":32.0,"key":"SMITH"},{"data":"EmptyFist","floor":41.0,"key":"SMITH"},{"data":"Wallop","floor":49.0,"key":"SMITH"}],"circlet_count":0,"master_deck":["Strike_P+1","Defend_P","Defend_P+1","Defend_P","Eruption+1","Vigilance","CurseOfTheBell","CutThroughFate","Wallop+1","Consecrate","EmptyFist+1","FlurryOfBlows+1","Adaptation+1","Judgement+1","EmptyBody","Wallop+1","EmptyFist+1","EmptyBody","Crescendo+1","SashWhip","FlurryOfBlows","Tantrum+1","CutThroughFate","FlurryOfBlows","Vault+1","FlurryOfBlows","FearNoEvil+1","Halt","Wallop+1"],"relics":["Calling Bell","Bronze Scales","Shuriken","Peace Pipe","TungstenRod","CaptainsWheel","Happy Flower","Coffee Dripper","Whetstone","Orichalcum","Calipers","Torii","VioletLotus","Lizard Tail","Nunchaku","War Paint","Question Card","Frozen Egg 2","Sling"],"acts_visited":["Exordium","TheCity","TheBeyond"],"potions_floor_usage":[50,50,50],"damage_taken":[{"damage":0.0,"enemies":"2 Louse","floor":1.0,"turns":2.0},{"damage":2.0,"enemies":"Jaw Worm","floor":2.0,"turns":4.0},{"damage":2.0,"enemies":"Small Slimes","floor":3.0,"turns":2.0},{"damage":2.0,"enemies":"2 Fungi Beasts","floor":5.0,"turns":4.0},{"damage":1.0,"enemies":"3 Sentries","floor":7.0,"turns":5.0},{"damage":6.0,"enemies":"Exordium Thugs","floor":11.0,"turns":3.0},{"damage":4.0,"enemies":"Gremlin Gang","floor":14.0,"turns":3.0},{"damage":22.0,"enemies":"The Guardian","floor":16.0,"turns":6.0},{"damage":0.0,"enemies":"Chosen","floor":18.0,"turns":2.0},{"damage":0.0,"enemies":"2 Thieves","floor":19.0,"turns":2.0},{"damage":0.0,"enemies":"Snake Plant","floor":24.0,"turns":2.0},{"damage":0.0,"enemies":"Sentry and Sphere","floor":25.0,"turns":3.0},{"damage":7.0,"enemies":"Slavers","floor":27.0,"turns":2.0},{"damage":4.0,"enemies":"Centurion and Healer","floor":28.0,"turns":4.0},{"damage":0.0,"enemies":"Snake Plant","floor":29.0,"turns":2.0},{"damage":0.0,"enemies":"3 Cultists","floor":30.0,"turns":3.0},{"damage":7.0,"enemies":"Gremlin Leader","floor":31.0,"turns":4.0},{"damage":6.0,"enemies":"Champ","floor":33.0,"turns":6.0},{"damage":0.0,"enemies":"Orb Walker","floor":35.0,"turns":3.0},{"damage":0.0,"enemies":"Mind Bloom Boss Battle","floor":36.0,"turns":4.0},{"damage":6.0,"enemies":"3 Shapes","floor":38.0,"turns":3.0},{"damage":23.0,"enemies":"Reptomancer","floor":40.0,"turns":4.0},{"damage":5.0,"enemies":"Nemesis","floor":42.0,"turns":5.0},{"damage":6.0,"enemies":"3 Darklings","floor":44.0,"turns":3.0},{"damage":0.0,"enemies":"Sphere and 2 Shapes","floor":46.0,"turns":3.0},{"damage":0.0,"enemies":"Jaw Worm Horde","floor":47.0,"turns":4.0},{"damage":0.0,"enemies":"Spire Growth","floor":48.0,"turns":2.0},{"damage":31,"enemies":"Donu and Deca","floor":50,"turns":9}],"seed_played":"6677988071718795557","potions_obtained":[{"floor":1.0,"key":"LiquidBronze"},{"floor":2.0,"key":"Explosive Potion"},{"floor":5.0,"key":"Weak Potion"},{"floor":7.0,"key":"BottledMiracle"},{"floor":16.0,"key":"LiquidMemories"},{"floor":29.0,"key":"Explosive Potion"},{"floor":38.0,"key":"BottledMiracle"},{"floor":40.0,"key":"SkillPotion"},{"floor":42.0,"key":"CultistPotion"},{"floor":44.0,"key":"DuplicationPotion"}],"is_trial":false,"path_per_floor":["M","M","M","?","M","?","E","R","T","?","M","$","R","M","R","B",null,"M","M","?","$","$","R","M","M","T","E","M","M","M","E","R","B",null,"M","?","T","M","?","E","R","E","T","M","$","M","M","M","R","B",null],"character_chosen":"WATCHER","items_purchased":["Happy Flower","Whetstone","EmptyBody","Sling","Wallop"],"campfire_rested":0,"item_purchase_floors":[12,21,22,45,45],"current_hp_per_floor":[72,70,68,61,59,45,44,44,44,44,38,38,38,34,34,12,72,72,72,72,72,72,72,72,72,72,65,61,61,61,54,54,48,72,72,72,72,66,66,43,43,38,38,32,32,32,32,32,32,1],"gold":222,"neow_bonus":"BOSS_RELIC","is_daily":false,"chose_seed":false,"campfire_upgraded":6,"win_rate":0.0,"timestamp":1608780783,"path_taken":["M","M","M","?","M","?","E","R","T","?","?","$","R","M","R","BOSS","M","M","?","?","$","R","M","M","T","E","?","M","M","E","R","BOSS","M","?","?","M","?","E","R","E","T","M","$","M","?","M","R","BOSS"],"items_purchased_type":["Relic","Relic","Card","Relic","Card"],"build_version":"2020-12-22","purchased_purges":0,"victory":true,"max_hp_per_floor":[72,72,72,72,72,72,72,72,72,72,72,72,72,72,72,72,72,72,72,72,72,72,72,72,72,72,72,72,72,72,72,72,72,72,72,72,72,72,68,68,68,68,68,68,68,68,68,68,68,68],"card_choices":[{"not_picked":["CrushJoints","Fasting2","BattleHymn"],"picked":"SKIP","floor":1.0},{"not_picked":["Evaluate","Crescendo"],"picked":"CutThroughFate","floor":2.0},{"not_picked":["Crescendo","InnerPeace"],"picked":"Wallop","floor":3.0},{"not_picked":["PathToVictory","ClearTheMind"],"picked":"Consecrate","floor":5.0},{"not_picked":["Worship","EmptyMind"],"picked":"EmptyFist","floor":7.0},{"not_picked":["WindmillStrike","BowlingBash"],"picked":"FlurryOfBlows","floor":11.0},{"not_picked":["Protect","ClearTheMind"],"picked":"Adaptation","floor":14.0},{"not_picked":["LessonLearned","Alpha"],"picked":"Judgement","floor":16.0},{"not_picked":["ClearTheMind","ThirdEye"],"picked":"EmptyBody","floor":18.0},{"not_picked":["BowlingBash","FlyingSleeves"],"picked":"Wallop+1","floor":19.0},{"not_picked":["WaveOfTheHand","Meditate"],"picked":"Crescendo+1","floor":24.0},{"not_picked":["Wallop","EmptyBody+1"],"picked":"SashWhip","floor":25.0},{"not_picked":["BowlingBash","CrushJoints"],"picked":"FlurryOfBlows","floor":27.0},{"not_picked":["Consecrate+1","Conclude+1"],"picked":"Tantrum","floor":28.0},{"not_picked":["Worship","FlyingSleeves"],"picked":"CutThroughFate","floor":29.0},{"not_picked":["SpiritShield","PathToVictory+1"],"picked":"FlurryOfBlows","floor":30.0},{"not_picked":["Crescendo","Indignation+1","BowlingBash+1"],"picked":"SKIP","floor":31.0},{"not_picked":["Brilliance","MasterReality"],"picked":"Vault","floor":33.0},{"not_picked":["Conclude","FollowUp"],"picked":"FlurryOfBlows","floor":35.0},{"not_picked":["EmptyFist","Crescendo"],"picked":"FearNoEvil+1","floor":38.0},{"not_picked":["DeusExMachina","FlyingSleeves","PathToVictory+1"],"picked":"SKIP","floor":40.0},{"not_picked":["FlyingSleeves","Sanctity+1","Vengeance+1"],"picked":"SKIP","floor":42.0},{"not_picked":["Meditate+1","ThirdEye+1","Prostrate"],"picked":"Halt","floor":44.0},{"not_picked":["BowlingBash+1","Fasting2+1","Wireheading+1","FlyingSleeves+1"],"picked":"SKIP","floor":46.0},{"not_picked":["Perseverance","Protect","SashWhip","BowlingBash"],"picked":"SKIP","floor":47.0},{"not_picked":["Protect+1","ThirdEye","SpiritShield","Study+1"],"picked":"SKIP","floor":48.0}],"player_experience":194646,"relics_obtained":[{"floor":0.0,"key":"Bronze Scales"},{"floor":0.0,"key":"Shuriken"},{"floor":0.0,"key":"Peace Pipe"},{"floor":7.0,"key":"TungstenRod"},{"floor":9.0,"key":"CaptainsWheel"},{"floor":26.0,"key":"Orichalcum"},{"floor":27.0,"key":"Calipers"},{"floor":31.0,"key":"Torii"},{"floor":36.0,"key":"Lizard Tail"},{"floor":37.0,"key":"Nunchaku"},{"floor":40.0,"key":"War Paint"},{"floor":42.0,"key":"Question Card"},{"floor":43.0,"key":"Frozen Egg 2"}],"event_choices":[{"cards_removed":["Strike_P"],"damage_healed":0.0,"max_hp_gain":0.0,"max_hp_loss":0.0,"gold_gain":0.0,"event_name":"Golden Wing","player_choice":"Card Removal","floor":4.0,"gold_loss":0.0,"damage_taken":7.0},{"damage_healed":0.0,"max_hp_gain":0.0,"max_hp_loss":0.0,"gold_gain":0.0,"event_name":"Shining Light","player_choice":"Entered Light","floor":6.0,"gold_loss":0.0,"damage_taken":14.0,"cards_upgraded":["Strike_P","Wallop"]},{"cards_removed":["Defend_P"],"damage_healed":0.0,"max_hp_gain":0.0,"max_hp_loss":0.0,"gold_gain":0.0,"event_name":"Bonfire Elementals","player_choice":"Offered Basic","floor":10.0,"gold_loss":0.0,"damage_taken":0.0},{"damage_healed":0.0,"max_hp_gain":0.0,"max_hp_loss":0.0,"gold_gain":0.0,"cards_transformed":["Strike_P"],"event_name":"Transmorgrifier","player_choice":"Transformed","floor":20.0,"gold_loss":0.0,"damage_taken":0.0,"cards_obtained":["EmptyFist"]},{"damage_healed":0.0,"max_hp_gain":0.0,"max_hp_loss":0.0,"gold_gain":0.0,"event_name":"MindBloom","player_choice":"Fight","floor":36.0,"gold_loss":0.0,"damage_taken":0.0},{"damage_healed":0.0,"max_hp_gain":0.0,"max_hp_loss":4.0,"gold_gain":0.0,"event_name":"Winding Halls","player_choice":"Max HP","floor":39.0,"gold_loss":0.0,"damage_taken":0.0}],"is_beta":false,"boss_relics":[{"not_picked":["Sozu","Astrolabe"],"picked":"Coffee Dripper"},{"not_picked":["Runic Dome","Tiny House"],"picked":"VioletLotus"}],"items_purged_floors":[],"is_endless":false,"potions_floor_spawned":[1,2,5,7,16,18,24,29,31,38,40,42,44,46],"ascension_level":0}}