{"host":"njruw0b0uprlitpx","time":1608829613,"event":{"mods":["2.2 Compatiblity","Astrologer","Bartender","BaseMod","Better Altar","Better Match","Better Note","Better Sensory Stone","Better Skull","Better Third Choice","BetterRewards","Block Reminder","Chen","Colored Map","Colored Powertips","Jedi Mod","Keyboard Shortcuts","Magitek Elite","Minty Spire (QoL Compilation)","Quick Restart","Relic Stats","Replay The Spire","SacredBarkPlus","Spicy Shops","StSLib","SuperFastMode","The Construct","The Disciple","The Evolution","The Forsaken","The Marked","The Mystic","The Necromancer","The Spell Scribe","TheVelvet","Wandering Minibosses"],"gold_per_floor":[110,19,36,51,51,51,1,36,36,36,36,36,66,83,83,160,160,171,9,28,45,3,3,14,46,69,69,69,85,85,413,413,490,490,510,510,558,10,57,57,72,104,104,133,133,162,162,173,173,173],"floor_reached":51,"playtime":1741,"items_purged":["Strike_W","Defend_W","Writhe"],"score":2092,"play_id":"dde384a0-57e9-4ebf-b989-10ef55095ba5","local_time":"20201224110653","is_ascension_mode":true,"campfire_choices":[{"data":"Summon_Death_Knight","floor":6.0,"key":"SMITH"},{"data":"Cloudkill","floor":10.0,"key":"SMITH"},{"data":"jedi:cleanse","floor":12.0,"key":"SMITH"},{"data":"Deaths_Shadow","floor":15.0,"key":"SMITH"},{"data":"Summon_Undead","floor":23.0,"key":"SMITH"},{"data":"Violent_Necrosis","floor":32.0,"key":"SMITH"},{"floor":40.0,"key":"REST"},{"data":"Slay_Living","floor":47,"key":"SMITH"},{"data":"Shade_Step","floor":49,"key":"SMITH"}],"circlet_count":0,"master_deck":["AscendersBane","Strike_W","Strike_W","Strike_W","Defend_W","Defend_W","Negative_Energy_Arrows","Bone_Wall","Death_March_Dance","Shackles_Of_Pain","Blood_Curse","Summon_Death_Knight+1","Exploit","Negative_Energy_Burst","Death_Knell","jedi:cleanse+1","Necrotic_Claws","Negative_Energy_Shield","Cloudkill","Deaths_Shadow+1","Cloudkill+1","Toxic_Smoke_Screen","Flesh_Made_Foul","Bone_Shift","Hellfire+1","Scare+1","Spectral_Walk+1","Strike_from_Beyond","Summon_Undead+1","Violent_Necrosis+1","Hellfire+1","theForsaken:SacredOath+1","Violent_Necrosis+1","Chill_Blood+1","Requiem+1","Shade_Step+1","Bone_Prison+1","Injury","Consume_Illness+1","Slay_Living+1","Summon_Vampire_Lady+1"],"relics":["Vampire_Amulet","Mango","ClockworkSouvenir","jedi:kaleidoscope","Strange Spoon","Membership Card","Ribbon","Power_Wrist","Orrery","Replay:Baseball","Gremlin Food","theForsaken:Gavel","Lantern","Golden Egg","Potion Belt","Tintinnabulum","Shuriken","jedi:crownofsimplicity","Philosopher\u0027s Stone","ReplayTheSpireMod:TigerMarble","Vajra","theForsaken:HumbleEgg","Guard_Bracelet","White Beast Statue","Old Coin","Gem_Box","Garlic","Shuriken","jedi:heavyjacket","jedi:firstaidkit","Incense Burner","Unceasing Top","Replay:Bottled Steam","jedi:archwizardhat","Replay:Wax Seal"],"acts_visited":["Exordium","TheCity","TheBeyond"],"potions_floor_usage":[46,50,50,50,50,50],"damage_taken":[{"damage":0.0,"enemies":"Cultist","floor":1.0,"turns":2.0},{"damage":0.0,"enemies":"2 Louse","floor":3.0,"turns":1.0},{"damage":0.0,"enemies":"Jaw Worm","floor":4.0,"turns":2.0},{"damage":0.0,"enemies":"Lagavulin","floor":8.0,"turns":2.0},{"damage":10.0,"enemies":"3 Sentries","floor":13.0,"turns":5.0},{"damage":0.0,"enemies":"2 Fungi Beasts","floor":14.0,"turns":2.0},{"damage":22.0,"enemies":"Hexaghost","floor":16.0,"turns":4.0},{"damage":6.0,"enemies":"Chosen","floor":18.0,"turns":2.0},{"damage":9.0,"enemies":"2 Thieves","floor":20.0,"turns":3.0},{"damage":9.0,"enemies":"Sentry and Sphere","floor":21.0,"turns":4.0},{"damage":7.0,"enemies":"3 Cultists","floor":24.0,"turns":3.0},{"damage":0.0,"enemies":"Book of Stabbing","floor":25.0,"turns":3.0},{"damage":2.0,"enemies":"Snake Plant","floor":29.0,"turns":1.0},{"damage":6.0,"enemies":"Gremlin Leader","floor":31.0,"turns":3.0},{"damage":11.0,"enemies":"Champ","floor":33.0,"turns":4.0},{"damage":0.0,"enemies":"3 Darklings","floor":35.0,"turns":2.0},{"damage":0.0,"enemies":"2 Orb Walkers","floor":39.0,"turns":2.0},{"damage":4.0,"enemies":"3 Shapes","floor":41.0,"turns":1.0},{"damage":3.0,"enemies":"R_Hoarder","floor":42.0,"turns":4.0},{"damage":0,"enemies":"Reptomancer","floor":44,"turns":2},{"damage":0,"enemies":"Nemesis","floor":46,"turns":3},{"damage":0,"enemies":"Spire Growth","floor":48,"turns":2},{"damage":1,"enemies":"Time Eater","floor":50,"turns":3}],"seed_played":"-6522540519889795590","potions_obtained":[{"floor":14.0,"key":"Swift Potion"},{"floor":20.0,"key":"Ancient Potion"},{"floor":21.0,"key":"Languid Potion"},{"floor":25.0,"key":"ColorlessPotion"},{"floor":31.0,"key":"PowerPotion"},{"floor":33.0,"key":"Fire Potion"},{"floor":35.0,"key":"EntropicBrew"},{"floor":44,"key":"DistilledChaos"},{"floor":46,"key":"SneckoOil"}],"is_trial":false,"path_per_floor":["M","$","M","M","?","R","$","E","T","R","?","R","E","M","R","B",null,"M","$","M","M","$","R","M","E","T","?","?","M","?","E","R","B",null,"M","T","?","$","?","R","M","E","T","E","?","E","R","M","R","B",null],"character_chosen":"NECROMANCER","items_purchased":["Mango","ClockworkSouvenir","Death_March_Dance","Shackles_Of_Pain","Strange Spoon","Membership Card","Power_Wrist","Orrery","Replay:Baseball","Gremlin Food","LifebloodPotion","theForsaken:Gavel","jedi:cleanse","Necrotic_Claws","Lantern","Cloudkill","Spectral_Walk","ReplayTheSpireMod:TigerMarble","ColorlessPotion","Vajra","jedi:heavyjacket","Bone_Prison","jedi:firstaidkit","Incense Burner","Strength Potion"],"campfire_rested":1,"item_purchase_floors":[0,0,0,0,0,0,0,0,0,0,0,0,0,0,2,2,19,19,19,22,38,38,38,38,38],"current_hp_per_floor":[80,80,84,85,80,80,80,82,82,83,84,85,79,84,85,65,80,77,78,74,74,75,76,85,85,85,85,85,85,85,85,85,76,83,85,85,51,52,57,83,83,83,84,85,73,76,77,80,81,85],"gold":173,"neow_bonus":"","is_daily":false,"chose_seed":false,"campfire_upgraded":8,"win_rate":0.0,"timestamp":1608829613,"path_taken":["M","$","?","M","?","R","?","E","T","R","?","R","E","M","R","BOSS","M","$","M","M","$","R","M","E","T","?","?","M","?","E","R","BOSS","M","?","?","$","?","R","M","E","T","E","?","E","R","M","R","BOSS"],"items_purchased_type":["Relic","Relic","Card","Card","Relic","Relic","Relic","Relic","Relic","Relic","Potion","Relic","Card","Card","Relic","Card","Card","Relic","Potion","Relic","Relic","Card","Relic","Relic","Potion"],"build_version":"2020-12-22","purchased_purges":3,"victory":true,"max_hp_per_floor":[85,85,85,85,85,85,85,85,85,85,85,85,85,85,85,85,85,85,85,85,85,85,85,85,85,85,85,85,85,85,85,85,85,85,85,85,85,85,85,85,85,85,85,85,85,85,85,85,85,85],"relic_stats":{"Strange Spoon":[52],"counters":[118,367],"Shuriken":[33],"obtain_stats":[{"Golden Egg":5,"jedi:zontanonomicon":29,"Spirit Poop":36,"Bottled Tornado":9,"Sling":0,"Boot":26,"Ring of Searing":4,"Old Coin":31,"Replay:Ringing Soul":16,"theForsaken:HumbleEgg":25,"jedi:firstaidkit":27,"Sundial":14,"Ribbon":0,"Fusion Hammer":36,"HandDrill":40,"Replay:Wax Seal":26,"Replay:Bottled Steam":19,"Counterbalance":2,"Velvet Choker":17,"Eternal Feather":26,"Akabeko":28,"Runic Dome":34,"Snecko Eye":17,"Tintinnabulum":9,"Kintsugi":17,"StrikeDummy":50,"Unceasing Top":39,"Lantern":2,"Painkiller Herb":17,"Bag of Preparation":39,"jedi:archwizardhat":10,"Cursed Key":36,"Power_Wrist":0,"Pet Ghost":29,"Matryoshka":0,"Ring of Fangs":2,"WingedGreaves":10,"Replay:Bottled Eggs":8,"InkBottle":47,"Potion Belt":14,"PreservedInsect":19,"jedi:crownofsimplicity":50,"Replay:Arrowhead":39,"Ornamental Fan":43,"Orrery":0,"Garlic":36,"Bottled Lightning":12,"ReplayTheSpireMod:Ring of Challenge":2,"ReplayTheSpireMod:Onyx Gauntlets":17,"wanderingMiniBosses:Inkheart":30,"Ice Cream":38,"Divine Protection":45,"Gremlin Horn":13,"CeramicFish":11,"Vajra":12,"DollysMirror":23,"Strawberry":40,"Philosopher\u0027s Stone":19,"Vampire_Amulet":0,"Toxic Egg 2":10,"Happy Flower":39,"ReplayTheSpireMod:CursedCoin":19,"Replay:Grab Bag":19,"Choco_Feather":0,"Oddly Smooth Stone":45,"War Paint":33,"jedi:HeartOfTheCards":33,"Du-Vu Doll":6,"jedi:heavyjacket":45,"Replay:Baseball":26,"Shuriken":11,"Bronze Scales":26,"Simple Rune":24,"ReplayTheSpireMod:TigerMarble":9,"Meat on the Bone":12,"ReplayTheSpireMod:Ring of Exchange":0,"Mango":0,"Incense Burner":0,"theForsaken:Gavel":0,"PrismaticShard":11,"ClockworkSouvenir":0,"Replay:Bandana":24,"Nunchaku":8,"Pantograph":12,"Gambling Chip":41,"jedi:matchstick":42,"Genji_Glove":0,"Red Mask":33,"Replay:Bottled Snecko":48,"Runic Pyramid":19,"Gremlin Food":0,"BargainBundle":39,"ReplayTheSpireMod:Ninjato":0,"Replay:Towering Pillar of Hats":0,"Guide Book":37,"Odd Mushroom":8,"White Beast Statue":40,"Calling Bell":19,"Strange Spoon":0,"CaptainsWheel":0,"jedi:kaleidoscope":31,"jedi:ominousloannote":39,"ChewingGum":19,"Gem_Box":36,"Membership Card":0,"Guard_Bracelet":26,"FossilizedHelix":19},{"Golden Egg":98,"jedi:zontanonomicon":11,"Spirit Poop":60,"Bottled Tornado":47,"Sling":20,"Boot":32,"Ring of Searing":69,"Old Coin":109,"Replay:Ringing Soul":4,"theForsaken:HumbleEgg":107,"jedi:firstaidkit":11,"Sundial":27,"Ribbon":95,"Fusion Hammer":13,"HandDrill":90,"Replay:Wax Seal":55,"Replay:Bottled Steam":5,"Counterbalance":1,"Velvet Choker":28,"Eternal Feather":10,"Akabeko":11,"Runic Dome":59,"Snecko Eye":51,"Tintinnabulum":99,"Kintsugi":51,"StrikeDummy":19,"Unceasing Top":61,"Lantern":96,"Painkiller Herb":76,"Bag of Preparation":15,"jedi:archwizardhat":72,"Cursed Key":35,"Power_Wrist":95,"Pet Ghost":57,"Matryoshka":43,"Ring of Fangs":44,"WingedGreaves":48,"Replay:Bottled Eggs":3,"InkBottle":18,"Potion Belt":50,"PreservedInsect":5,"jedi:crownofsimplicity":42,"Replay:Arrowhead":37,"Ornamental Fan":91,"Orrery":95,"Garlic":111,"Bottled Lightning":49,"ReplayTheSpireMod:Ring of Challenge":44,"ReplayTheSpireMod:Onyx Gauntlets":51,"wanderingMiniBosses:Inkheart":34,"Ice Cream":15,"Divine Protection":16,"Gremlin Horn":74,"CeramicFish":72,"Vajra":49,"DollysMirror":8,"Strawberry":90,"Philosopher\u0027s Stone":5,"Vampire_Amulet":0,"Toxic Egg 2":25,"Happy Flower":15,"ReplayTheSpireMod:CursedCoin":29,"Replay:Grab Bag":5,"Choco_Feather":67,"Oddly Smooth Stone":92,"War Paint":34,"jedi:HeartOfTheCards":86,"Du-Vu Doll":46,"jedi:heavyjacket":40,"Replay:Baseball":83,"Shuriken":99,"Bronze Scales":55,"Simple Rune":82,"ReplayTheSpireMod:TigerMarble":3,"Meat on the Bone":26,"ReplayTheSpireMod:Ring of Exchange":95,"Mango":95,"Incense Burner":67,"theForsaken:Gavel":95,"PrismaticShard":99,"ClockworkSouvenir":95,"Replay:Bandana":32,"Nunchaku":71,"Pantograph":4,"Gambling Chip":38,"jedi:matchstick":39,"Genji_Glove":67,"Red Mask":12,"Replay:Bottled Snecko":93,"Runic Pyramid":5,"Gremlin Food":20,"BargainBundle":15,"ReplayTheSpireMod:Ninjato":43,"Replay:Towering Pillar of Hats":43,"Guide Book":60,"Odd Mushroom":47,"White Beast Statue":62,"Calling Bell":5,"Strange Spoon":95,"CaptainsWheel":67,"jedi:kaleidoscope":58,"jedi:ominousloannote":61,"ChewingGum":5,"Gem_Box":87,"Membership Card":95,"Guard_Bracelet":107,"FossilizedHelix":5},{"Golden Egg":312,"jedi:zontanonomicon":45,"Spirit Poop":232,"Bottled Tornado":205,"Sling":82,"Boot":140,"Ring of Searing":248,"Old Coin":344,"Replay:Ringing Soul":13,"theForsaken:HumbleEgg":340,"jedi:firstaidkit":45,"Sundial":110,"Ribbon":307,"Fusion Hammer":54,"HandDrill":291,"Replay:Wax Seal":224,"Replay:Bottled Steam":19,"Counterbalance":3,"Velvet Choker":118,"Eternal Feather":41,"Akabeko":45,"Runic Dome":231,"Snecko Eye":217,"Tintinnabulum":314,"Kintsugi":217,"StrikeDummy":76,"Unceasing Top":233,"Lantern":309,"Painkiller Herb":263,"Bag of Preparation":61,"jedi:archwizardhat":252,"Cursed Key":160,"Power_Wrist":307,"Pet Ghost":226,"Matryoshka":193,"Ring of Fangs":196,"WingedGreaves":208,"Replay:Bottled Eggs":11,"InkBottle":72,"Potion Belt":213,"PreservedInsect":19,"jedi:crownofsimplicity":186,"Replay:Arrowhead":168,"Ornamental Fan":294,"Orrery":307,"Garlic":350,"Bottled Lightning":209,"ReplayTheSpireMod:Ring of Challenge":196,"ReplayTheSpireMod:Onyx Gauntlets":217,"wanderingMiniBosses:Inkheart":153,"Ice Cream":61,"Divine Protection":65,"Gremlin Horn":256,"CeramicFish":252,"Vajra":209,"DollysMirror":32,"Strawberry":291,"Philosopher\u0027s Stone":19,"Vampire_Amulet":0,"Toxic Egg 2":101,"Happy Flower":61,"ReplayTheSpireMod:CursedCoin":124,"Replay:Grab Bag":19,"Choco_Feather":246,"Oddly Smooth Stone":296,"War Paint":153,"jedi:HeartOfTheCards":283,"Du-Vu Doll":202,"jedi:heavyjacket":180,"Replay:Baseball":275,"Shuriken":314,"Bronze Scales":224,"Simple Rune":273,"ReplayTheSpireMod:TigerMarble":11,"Meat on the Bone":107,"ReplayTheSpireMod:Ring of Exchange":307,"Mango":307,"Incense Burner":246,"theForsaken:Gavel":307,"PrismaticShard":314,"ClockworkSouvenir":307,"Replay:Bandana":140,"Nunchaku":250,"Pantograph":13,"Gambling Chip":171,"jedi:matchstick":176,"Genji_Glove":246,"Red Mask":48,"Replay:Bottled Snecko":301,"Runic Pyramid":19,"Gremlin Food":82,"BargainBundle":61,"ReplayTheSpireMod:Ninjato":193,"Replay:Towering Pillar of Hats":193,"Guide Book":232,"Odd Mushroom":205,"White Beast Statue":235,"Calling Bell":19,"Strange Spoon":307,"CaptainsWheel":246,"jedi:kaleidoscope":228,"jedi:ominousloannote":233,"ChewingGum":19,"Gem_Box":287,"Membership Card":307,"Guard_Bracelet":340,"FossilizedHelix":19}],"Unceasing Top":[0]},"card_choices":[{"not_picked":["Toxic_Smoke_Screen","Uncharnel"],"picked":"Blood_Curse","floor":0.0},{"not_picked":["Necromantic_Selection","Corrupt"],"picked":"Summon_Death_Knight","floor":0.0},{"not_picked":["Death_March_Dance","Blood_Whip"],"picked":"Exploit","floor":0.0},{"not_picked":["Finger_Of_Death","Strike_from_Beyond"],"picked":"Negative_Energy_Burst","floor":0.0},{"not_picked":["Consume_Illness","Life_Tap"],"picked":"Death_Knell","floor":0.0},{"not_picked":["Bone_Bullets","Death_Coil"],"picked":"Negative_Energy_Shield","floor":1.0},{"not_picked":["Chill_Blood","Negative_Energy_Mist"],"picked":"Deaths_Shadow","floor":3.0},{"not_picked":["Death_March_Dance","Scare"],"picked":"Cloudkill","floor":4.0},{"not_picked":["Chill_Blood","Whirlwind_of_Bones"],"picked":"Toxic_Smoke_Screen","floor":8.0},{"not_picked":["Bone_Spikes","Shackles_Of_Pain"],"picked":"Flesh_Made_Foul","floor":13.0},{"not_picked":["Blood_Curse","Negative_Energy_Mist"],"picked":"Bone_Shift","floor":14.0},{"not_picked":["Detonate_Bones","Blood_Magic"],"picked":"Hellfire","floor":16.0},{"not_picked":["Consume_Illness","Blood_Curse"],"picked":"Scare","floor":18.0},{"not_picked":["Pandemic","Consume_Illness"],"picked":"Strike_from_Beyond","floor":20.0},{"not_picked":["Pandemic","Blood_Whip"],"picked":"Summon_Undead","floor":21.0},{"not_picked":["Blood_Whip+1","Life_Drain"],"picked":"Violent_Necrosis","floor":24.0},{"not_picked":["Blood_Shield","Vampiric_Strike+1"],"picked":"Hellfire","floor":25.0},{"not_picked":["Life_Tap","Strike_from_Beyond"],"picked":"Violent_Necrosis+1","floor":29.0},{"not_picked":["Chill_Blood+1","Necromantic_Selection","Life_Drain"],"picked":"SKIP","floor":31.0},{"not_picked":["Necromantic_Selection","Life_Drain"],"picked":"Chill_Blood+1","floor":31.0},{"not_picked":["Blood_Magic","Hellfire"],"picked":"Requiem","floor":33.0},{"not_picked":["Deaths_Shadow","Scare+1","Finger_Of_Death+1"],"picked":"SKIP","floor":35.0},{"not_picked":["Death_March_Dance+1","Death_Coil+1"],"picked":"Shade_Step","floor":37.0},{"not_picked":["Blood_Whip+1","Vampiric_Strike+1"],"picked":"Consume_Illness+1","floor":41.0},{"not_picked":["Vampiric_Strike+1","Violent_Necrosis"],"picked":"Slay_Living","floor":42},{"not_picked":["Consume_Illness+1","Blood_Whip+1","Summon_Undead_Army"],"picked":"SKIP","floor":44},{"not_picked":["Finger_Of_Death+1","Blood_for_Blood+1","Consume_Illness+1"],"picked":"SKIP","floor":46},{"not_picked":["Summon_Lich","Vampiric_Strike+1"],"picked":"Summon_Vampire_Lady","floor":48}],"player_experience":1842024,"relics_obtained":[{"floor":8.0,"key":"Potion Belt"},{"floor":9.0,"key":"Tintinnabulum"},{"floor":13.0,"key":"jedi:crownofsimplicity"},{"floor":25.0,"key":"theForsaken:HumbleEgg"},{"floor":26.0,"key":"Guard_Bracelet"},{"floor":31.0,"key":"Old Coin"},{"floor":36.0,"key":"Garlic"},{"floor":37.0,"key":"Shuriken"},{"floor":39.0,"key":"Unceasing Top"},{"floor":42,"key":"Replay:Bottled Steam"},{"floor":43,"key":"jedi:archwizardhat"},{"floor":44,"key":"Replay:Wax Seal"}],"event_choices":[{"damage_healed":0.0,"max_hp_gain":0.0,"max_hp_loss":0.0,"gold_gain":0.0,"event_name":"betterThird:BetterScrap","player_choice":"Relic ","floor":5.0,"gold_loss":0.0,"damage_taken":5.0,"cards_obtained":["ReplayTheSpireMod:Scrap Shanks"]},{"cards_removed":["Defend_W"],"damage_healed":0.0,"max_hp_gain":0.0,"max_hp_loss":0.0,"gold_gain":0.0,"event_name":"Bonfire Elementals","player_choice":"Offered Basic","floor":27.0,"gold_loss":0.0,"damage_taken":0.0},{"cards_removed":["jedi:cleanse"],"damage_healed":0.0,"max_hp_gain":0.0,"max_hp_loss":0.0,"gold_gain":0.0,"event_name":"betterNote:BetterNote","player_choice":"Take \u0026 Give","floor":28.0,"gold_loss":0.0,"damage_taken":0.0,"cards_obtained":["theForsaken:SacredOath"]},{"damage_healed":0.0,"max_hp_gain":0.0,"max_hp_loss":0.0,"gold_gain":0.0,"event_name":"The Mausoleum","player_choice":"Opened","floor":30.0,"gold_loss":0.0,"damage_taken":0.0,"relics_obtained":["White Beast Statue"],"cards_obtained":["Writhe"]},{"damage_healed":0.0,"max_hp_gain":0.0,"max_hp_loss":0.0,"gold_gain":0.0,"event_name":"Mysterious Sphere","player_choice":"Fight","floor":39.0,"gold_loss":0.0,"damage_taken":0.0},{"damage_healed":0,"gold_gain":0,"player_choice":"Damaged","damage_taken":12,"max_hp_gain":0,"max_hp_loss":0,"event_name":"Wheel of Change","floor":45,"gold_loss":0}],"is_beta":false,"boss_relics":[{"not_picked":["HandDrill","jedi:ominousloannote"],"picked":"Philosopher\u0027s Stone"},{"not_picked":["ReplayTheSpireMod:CursedCoin","Snecko Eye"],"picked":"Gem_Box"}],"items_purged_floors":[0,7,38],"is_endless":false,"potions_floor_spawned":[1,4,14,20,21,25,31,33,35,39,41,42,44,46,48],"ascension_level":16}}