{"host":"f14d6hm2349s9jse","time":1608828479,"event":{"mods":["2.2 Compatiblity","BaseMod","Hermit","Minty Spire (QoL Compilation)","StSLib"],"gold_per_floor":[112,131,131,143,105,105,131,131,131,96,129,304,369,48,48,148,148,164,174,174,194,206,234,18,18,18],"floor_reached":25,"playtime":1873,"items_purged":["Doubt"],"score":229,"play_id":"bf496869-a8aa-484e-b2d2-0bf1d8ed9ae1","local_time":"20201224114759","is_ascension_mode":false,"campfire_choices":[{"data":"hermit:TakeAim","floor":6.0,"key":"SMITH"},{"floor":8.0,"key":"REST"},{"data":"hermit:Combo","floor":15.0,"key":"SMITH"}],"circlet_count":0,"master_deck":["hermit:Strike_Hermit","hermit:Strike_Hermit","hermit:Strike_Hermit","hermit:Strike_Hermit","hermit:Defend_Hermit","hermit:Defend_Hermit","hermit:Defend_Hermit","hermit:Defend_Hermit","hermit:Snapshot","hermit:Covet","Regret","hermit:FinalCanter","hermit:Combo+1","Regret","hermit:TakeAim+1","hermit:LuckOfTheDraw","hermit:Enervate","hermit:HeroicBravado","hermit:DeadMansHand","hermit:Headshot+1","hermit:BigShot","hermit:FinalCanter+1"],"relics":["hermit:Momento","Sundial","Vajra","Bottled Tornado","InkBottle","Molten Egg 2","Cursed Key","Dream Catcher"],"acts_visited":["Exordium","TheCity"],"potions_floor_usage":[21,22,23,23,25,25],"damage_taken":[{"damage":6.0,"enemies":"Jaw Worm","floor":1.0,"turns":3.0},{"damage":0.0,"enemies":"Small Slimes","floor":2.0,"turns":4.0},{"damage":0.0,"enemies":"2 Louse","floor":4.0,"turns":3.0},{"damage":36.0,"enemies":"Gremlin Nob","floor":7.0,"turns":5.0},{"damage":18.0,"enemies":"Lagavulin","floor":11.0,"turns":6.0},{"damage":25.0,"enemies":"The Guardian","floor":16.0,"turns":14.0},{"damage":19.0,"enemies":"Chosen","floor":18.0,"turns":6.0},{"damage":0,"enemies":"Spheric Guardian","floor":19,"turns":3},{"damage":16,"enemies":"Shelled Parasite and Fungi","floor":21,"turns":5},{"damage":1,"enemies":"3 Cultists","floor":22,"turns":5},{"damage":32,"enemies":"Slavers","floor":23,"turns":4},{"damage":7,"enemies":"Gremlin Leader","floor":25,"turns":1}],"seed_played":"-9032967392405443675","potions_obtained":[{"floor":1.0,"key":"Energy Potion"},{"floor":2.0,"key":"DistilledChaos"},{"floor":7.0,"key":"hermit:BlackBile"},{"floor":21,"key":"Strength Potion"},{"floor":23,"key":"LiquidMemories"}],"is_trial":false,"path_per_floor":["M","M","?","M","$","R","E","R","T","?","E","?","?","$","R","B",null,"M","M","?","M","M","E","$","E"],"character_chosen":"HERMIT","items_purchased":["hermit:TakeAim","Molten Egg 2","hermit:FinalCanter+1","EssenceOfSteel"],"campfire_rested":1,"item_purchase_floors":[5,14,24,24],"current_hp_per_floor":[69,69,69,69,69,69,33,55,55,73,55,55,55,55,55,30,75,56,56,56,40,39,7,7,0,0],"gold":18,"neow_bonus":"THREE_RARE_CARDS","is_daily":false,"chose_seed":false,"campfire_upgraded":2,"win_rate":0.0,"timestamp":1608828479,"path_taken":["M","M","?","M","$","R","E","R","T","?","E","?","?","$","R","BOSS","M","M","?","?","M","E","?","E"],"items_purchased_type":["Card","Relic","Card","Potion"],"build_version":"2020-12-22","purchased_purges":1,"victory":false,"max_hp_per_floor":[75,75,75,75,75,75,75,75,75,75,75,75,75,75,75,75,75,75,75,75,75,75,75,75,75,75],"card_choices":[{"not_picked":["hermit:OverwhelmingPower","hermit:Adapt"],"picked":"hermit:FinalCanter","floor":0.0},{"not_picked":["hermit:Gestalt","hermit:SprayPray"],"picked":"hermit:Combo","floor":1.0},{"not_picked":["hermit:Coalescence","hermit:Virtue","hermit:CalledShot"],"picked":"SKIP","floor":2.0},{"not_picked":["hermit:Virtue","hermit:SprayPray","hermit:HoleUp"],"picked":"SKIP","floor":4.0},{"not_picked":["hermit:Glare","hermit:LowProfile"],"picked":"hermit:LuckOfTheDraw","floor":7.0},{"not_picked":["hermit:Vantage","hermit:Magnum"],"picked":"hermit:Enervate","floor":11.0},{"not_picked":["hermit:EternalForm","hermit:HighNoon"],"picked":"hermit:HeroicBravado","floor":16.0},{"not_picked":["hermit:Feint","hermit:LoneWolf","hermit:CursedWeapon+1"],"picked":"SKIP","floor":18.0},{"not_picked":["hermit:BodyArmor","hermit:Shortfuse+1"],"picked":"hermit:DeadMansHand","floor":19},{"not_picked":["hermit:EyeOfTheStorm","hermit:LoneWolf+1"],"picked":"hermit:Headshot+1","floor":21},{"not_picked":["hermit:Deadeye+1","hermit:Quickdraw+1"],"picked":"hermit:BigShot","floor":22},{"not_picked":["hermit:ItchyTrigger+1","hermit:SprayPray+1","hermit:CalledShot+1"],"picked":"SKIP","floor":23}],"player_experience":2467844,"relics_obtained":[{"floor":7.0,"key":"Vajra"},{"floor":9.0,"key":"Bottled Tornado"},{"floor":11.0,"key":"InkBottle"},{"floor":23,"key":"Dream Catcher"}],"event_choices":[{"damage_healed":0.0,"max_hp_gain":0.0,"max_hp_loss":0.0,"gold_gain":0.0,"event_name":"Big Fish","player_choice":"Box","floor":3.0,"gold_loss":0.0,"damage_taken":0.0,"relics_obtained":["Sundial"],"cards_obtained":["Regret"]},{"damage_healed":18.0,"max_hp_gain":0.0,"max_hp_loss":0.0,"gold_gain":0.0,"event_name":"The Cleric","player_choice":"Healed","floor":10.0,"gold_loss":35.0,"damage_taken":0.0},{"damage_healed":0.0,"max_hp_gain":0.0,"max_hp_loss":0.0,"gold_gain":175.0,"event_name":"Liars Game","player_choice":"AGREE","floor":12.0,"gold_loss":0.0,"damage_taken":0.0,"cards_obtained":["Doubt"]},{"damage_healed":0.0,"max_hp_gain":0.0,"max_hp_loss":0.0,"gold_gain":65.0,"event_name":"Golden Wing","player_choice":"Gained Gold","floor":13.0,"gold_loss":0.0,"damage_taken":0.0},{"damage_healed":0,"gold_gain":0,"player_choice":"Ignored","damage_taken":0,"max_hp_gain":0,"max_hp_loss":0,"event_name":"Fountain of Cleansing","floor":20,"gold_loss":0}],"is_beta":false,"boss_relics":[{"not_picked":["Coffee Dripper","Runic Pyramid"],"picked":"Cursed Key"}],"items_purged_floors":[14],"is_endless":false,"potions_floor_spawned":[1,2,7,21,23],"killed_by":"Gremlin Leader","ascension_level":0}}