{"host":"njruw0b0uprlitpx","time":1608853514,"event":{"mods":["2.2 Compatiblity","Astrologer","Bartender","BaseMod","Better Altar","Better Match","Better Note","Better Sensory Stone","Better Skull","Better Third Choice","BetterRewards","Block Reminder","Chen","Colored Map","Colored Powertips","Jedi Mod","Keyboard Shortcuts","Magitek Elite","Minty Spire (QoL Compilation)","Quick Restart","Relic Stats","Replay The Spire","SacredBarkPlus","Spicy Shops","StSLib","SuperFastMode","The Disciple","The Evolution","The Forsaken","The Marked","The Mystic","The Necromancer","The Spell Scribe","TheVelvet","Wandering Minibosses"],"gold_per_floor":[118,137,137,137,161,161,192,249,249,269,13,26,26,57,57,188,188,179,7,7,57,157,241,241,166,166,249,310,102,179,242,242,411,411,492,492,510,510,46,164,273,334,361,361,425,425,39,127,127,177],"floor_reached":51,"playtime":6050,"items_purged":["jedi:frostbite","mysticmod:Strike_Mystic","mysticmod:Defend_Mystic"],"score":1479,"play_id":"2c5ad27f-439f-46ad-8d02-7fb5be229085","local_time":"20201224174514","is_ascension_mode":true,"campfire_choices":[{"floor":6,"key":"REST"},{"floor":15,"key":"REST"},{"floor":24,"key":"REST"},{"data":"mysticmod:Dedication+1","floor":32,"key":"SMITH"},{"floor":49,"key":"REST"}],"circlet_count":0,"master_deck":["mysticmod:Strike_Mystic","mysticmod:Strike_Mystic+1","mysticmod:Strike_Mystic","mysticmod:Defend_Mystic","mysticmod:Defend_Mystic","mysticmod:Defend_Mystic","mysticmod:ArcaneDodge","mysticmod:ShockingGrasp+1","mysticmod:Dedication+2","mysticmod:SuddenClarity+1","mysticmod:DiviningBlow","mysticmod:Doublecast","mysticmod:SpellCombat","mysticmod:ComponentsPouch","mysticmod:Alacrity","mysticmod:PowerSlash","mysticmod:SpontaneousCaster","mysticmod:Feint","mysticmod:VorpalThrust","mysticmod:HeavyStrike","mysticmod:PureInstinct","mysticmod:EarthenWall+1","mysticmod:MagicMissile","mysticmod:SpellCombat","mysticmod:MirrorEntity","mysticmod:PureInstinct+1","mysticmod:KnowledgePool","mysticmod:ChargedParry","mysticmod:ClosingBarrage+1","mysticmod:Snowball+1","mysticmod:SpellRecall","mysticmod:Riposte+1","mysticmod:Haste","mysticmod:MightyMagic+1","AscendersBane","mysticmod:GeminiForm","Survey Options","mysticmod:Shield+1","mysticmod:Haste","mysticmod:Flurry+1","mysticmod:RapidCaster+1","mysticmod:Daze","mysticmod:PreparedCaster"],"relics":["mysticmod:SpellBook","Guide Book","TungstenRod","Mercury Hourglass","Whetstone","Replay:Baseball","mysticmod:TrainingManual","Kunai","White Beast Statue","Replay:Towering Pillar of Hats","Chemical X","Replay:Wax Seal","Snecko Eye","Replay:Bandana","Peace Pipe","Nloth\u0027s Gift","mysticmod:RabbitsFoot","Molten Egg 2","CaptainsWheel","ReplayTheSpireMod:CursedCoin","CeramicFish","Sozu","Membership Card","Mango","Replay:Rubber Ducky","Bronze Scales","Ginger","Juzu Bracelet","Ornamental Fan","ReplayTheSpireMod:TigerMarble","Calipers","ClockworkSouvenir"],"acts_visited":["Exordium","TheCity","TheBeyond"],"potions_floor_usage":[7,16,16,16,23,23,27,50,50],"damage_taken":[{"damage":0,"enemies":"Cultist","floor":1,"turns":2},{"damage":0,"enemies":"2 Louse","floor":2,"turns":2},{"damage":0,"enemies":"Small Slimes","floor":5,"turns":3},{"damage":5,"enemies":"3 Sentries","floor":7,"turns":5},{"damage":0,"enemies":"Looter","floor":10,"turns":3},{"damage":0,"enemies":"3 Louse","floor":12,"turns":2},{"damage":37,"enemies":"Gremlin Nob","floor":14,"turns":5},{"damage":31,"enemies":"The Guardian","floor":16,"turns":10},{"damage":11,"enemies":"2 Thieves","floor":18,"turns":4},{"damage":0,"enemies":"Spheric Guardian","floor":21,"turns":3},{"damage":0,"enemies":"Slavers","floor":23,"turns":5},{"damage":8,"enemies":"Gremlin Leader","floor":27,"turns":6},{"damage":0,"enemies":"Cultist and Chosen","floor":28,"turns":5},{"damage":8,"enemies":"Book of Stabbing","floor":30,"turns":4},{"damage":0,"enemies":"Snecko","floor":31,"turns":4},{"damage":22,"enemies":"Champ","floor":33,"turns":9},{"damage":8,"enemies":"3 Darklings","floor":35,"turns":3},{"damage":0,"enemies":"Nemesis","floor":40,"turns":3},{"damage":0,"enemies":"Mind Bloom Boss Battle","floor":41,"turns":5},{"damage":9,"enemies":"3 Shapes","floor":42,"turns":3},{"damage":0,"enemies":"Jaw Worm Horde","floor":46,"turns":1},{"damage":0,"enemies":"Sphere and 2 Shapes","floor":48,"turns":3},{"damage":14,"enemies":"Awakened One","floor":50,"turns":7}],"seed_played":"-6842487883101038761","potions_obtained":[{"floor":5,"key":"EssenceOfSteel"},{"floor":10,"key":"PowerPotion"},{"floor":12,"key":"Elixir"},{"floor":14,"key":"SpeedPotion"},{"floor":16,"key":"Fruit Juice"},{"floor":18,"key":"SteroidPotion"},{"floor":21,"key":"EssenceOfSteel"},{"floor":23,"key":"Weak Potion"},{"floor":27,"key":"jedi:holywater"},{"floor":28,"key":"SkillPotion"}],"is_trial":false,"path_per_floor":["M","M","?","?","M","R","E","?","T","M","$","M","$","E","R","B",null,"M","$","?","M","?","E","R","?","T","E","M","$","E","M","R","B",null,"M","?","?","?","$","E","?","M","T","?","?","M","$","M","R","B",null],"character_chosen":"MYSTIC_CLASS","items_purchased":["mysticmod:Dedication","mysticmod:SuddenClarity","Guide Book","mysticmod:DiviningBlow","Mercury Hourglass","Whetstone","mysticmod:Doublecast","mysticmod:SpellCombat","Replay:Baseball","mysticmod:TrainingManual","Chemical X","mysticmod:VorpalThrust","Replay:Bandana","mysticmod:MagicMissile","Peace Pipe","mysticmod:ClosingBarrage+1","ReplayTheSpireMod:CursedCoin","mysticmod:Snowball+1","Membership Card","Mango","Replay:Rubber Ducky","Survey Options","mysticmod:Daze","ReplayTheSpireMod:TigerMarble","Calipers","ClockworkSouvenir"],"campfire_rested":4,"item_purchase_floors":[0,0,0,0,0,0,0,0,0,0,11,11,19,19,19,29,29,29,39,39,39,39,47,47,47,47],"current_hp_per_floor":[69,69,67,49,49,72,67,67,67,67,67,67,67,30,53,27,68,57,57,57,57,57,57,81,81,81,73,73,73,65,65,65,43,72,64,64,64,64,78,78,78,69,69,69,69,69,69,72,96,82],"gold":177,"neow_bonus":"","is_daily":false,"chose_seed":false,"campfire_upgraded":1,"win_rate":0.0,"timestamp":1608853514,"path_taken":["M","M","?","?","M","R","E","?","T","M","?","M","$","E","R","BOSS","M","$","?","M","?","E","R","?","T","E","?","$","E","M","R","BOSS","M","?","?","?","$","E","?","?","T","?","?","M","$","M","R","BOSS"],"items_purchased_type":["Card","Card","Relic","Card","Relic","Relic","Card","Card","Relic","Relic","Relic","Card","Relic","Card","Relic","Card","Relic","Card","Relic","Relic","Relic","Card","Card","Relic","Relic","Relic"],"build_version":"2020-12-22","purchased_purges":3,"victory":true,"max_hp_per_floor":[77,77,77,77,77,77,77,77,77,77,77,77,77,77,77,82,82,82,82,82,82,82,82,82,82,82,82,82,82,82,82,82,82,82,82,82,82,82,96,96,96,96,96,96,96,96,96,96,96,96],"relic_stats":{"counters":[38,184],"CeramicFish":117,"Juzu Bracelet":1,"Whetstone":["mysticmod:ShockingGrasp","mysticmod:Strike_Mystic"],"Ginger":[0],"Mercury Hourglass":[364],"Peace Pipe":0,"Sozu":18,"Ornamental Fan":[124],"Bronze Scales":[45],"Snecko Eye":[104,110,114,114],"Nloth\u0027s Gift":2,"Kunai":[29],"Chemical X":[48],"obtain_stats":[{"Calipers":47,"Gremlin Horn":22,"Mango":39,"Juzu Bracelet":43,"Mythril_Glove":23,"Ginger":41,"jedi:archwizardhat":8,"Ancient Tea Set":7,"Replay:Rubber Ducky":39,"ClockworkSouvenir":47,"Sozu":0,"Nunchaku":39,"Philosopher\u0027s Stone":17,"astrologer:SkyMirror":0,"Kunai":26,"Golden Idol":2,"ReplayTheSpireMod:CursedCoin":3,"HollowMod:JonisBlessing":12,"Oddly Smooth Stone":2,"Velvet Choker":17,"Thread and Needle":6,"Pen Nib":25,"Omamori":14,"Replay:Arrowhead":30,"Busted Crown":34,"jedi:ominousloannote":3,"Ornamental Fan":45,"Bronze Scales":40,"Art of War":9,"Bag of Marbles":28,"ReplayTheSpireMod:TigerMarble":47,"Membership Card":39,"ReplayTheSpireMod:DimensionalGlitch":0,"Mirror":8},{"Calipers":36,"Gremlin Horn":9,"Mango":32,"Juzu Bracelet":35,"Mythril_Glove":10,"Ginger":34,"jedi:archwizardhat":4,"Ancient Tea Set":23,"Replay:Rubber Ducky":32,"ClockworkSouvenir":36,"Sozu":21,"Nunchaku":20,"Philosopher\u0027s Stone":8,"astrologer:SkyMirror":0,"Kunai":12,"Golden Idol":1,"ReplayTheSpireMod:CursedCoin":1,"HollowMod:JonisBlessing":6,"Oddly Smooth Stone":22,"Velvet Choker":28,"Thread and Needle":3,"Pen Nib":12,"Omamori":27,"Replay:Arrowhead":15,"Busted Crown":17,"jedi:ominousloannote":1,"Ornamental Fan":35,"Bronze Scales":33,"Art of War":4,"Bag of Marbles":14,"ReplayTheSpireMod:TigerMarble":36,"Membership Card":32,"ReplayTheSpireMod:DimensionalGlitch":21,"Mirror":24},{"Calipers":174,"Gremlin Horn":36,"Mango":162,"Juzu Bracelet":173,"Mythril_Glove":41,"Ginger":170,"jedi:archwizardhat":16,"Ancient Tea Set":113,"Replay:Rubber Ducky":162,"ClockworkSouvenir":174,"Sozu":105,"Nunchaku":101,"Philosopher\u0027s Stone":32,"astrologer:SkyMirror":0,"Kunai":53,"Golden Idol":4,"ReplayTheSpireMod:CursedCoin":4,"HollowMod:JonisBlessing":21,"Oddly Smooth Stone":109,"Velvet Choker":142,"Thread and Needle":12,"Pen Nib":53,"Omamori":130,"Replay:Arrowhead":69,"Busted Crown":88,"jedi:ominousloannote":4,"Ornamental Fan":173,"Bronze Scales":165,"Art of War":16,"Bag of Marbles":65,"ReplayTheSpireMod:TigerMarble":174,"Membership Card":162,"ReplayTheSpireMod:DimensionalGlitch":105,"Mirror":121}],"TungstenRod":24},"card_choices":[{"not_picked":["mysticmod:Probe","mysticmod:Disengage"],"picked":"mysticmod:ComponentsPouch","floor":1},{"not_picked":["mysticmod:Probe","mysticmod:FiveFootStep"],"picked":"mysticmod:Alacrity","floor":2},{"not_picked":["mysticmod:CorrosiveTouch","mysticmod:Stoneskin"],"picked":"mysticmod:PowerSlash","floor":5},{"not_picked":["mysticmod:Sideswipe","mysticmod:StyleChange"],"picked":"mysticmod:SpontaneousCaster","floor":7},{"not_picked":["mysticmod:Probe","mysticmod:AllIn"],"picked":"mysticmod:Feint","floor":10},{"not_picked":["mysticmod:Shield","mysticmod:ComponentsPouch"],"picked":"mysticmod:HeavyStrike","floor":12},{"not_picked":["mysticmod:Disengage","mysticmod:Grapple"],"picked":"mysticmod:PureInstinct","floor":14},{"not_picked":["mysticmod:MysticalShield","mysticmod:SpellRecall"],"picked":"mysticmod:MirrorEntity","floor":16},{"not_picked":["mysticmod:IllusionOfCalm","mysticmod:Probe+1"],"picked":"mysticmod:EarthenWall+1","floor":18},{"not_picked":["mysticmod:EbbAndFlow","mysticmod:CorrosiveTouch+1"],"picked":"mysticmod:SpellCombat","floor":21},{"not_picked":["mysticmod:TomeOfSpells+1","mysticmod:EbbAndFlow"],"picked":"mysticmod:MirrorEntity","floor":23},{"not_picked":["mysticmod:HeavyStrike+1","mysticmod:TomeOfSpells+1"],"picked":"mysticmod:PureInstinct+1","floor":25},{"not_picked":["mysticmod:ChargedParry","mysticmod:HunkerDown"],"picked":"mysticmod:KnowledgePool","floor":27},{"not_picked":["mysticmod:CorrosiveTouch+1","mysticmod:ComponentsPouch+1"],"picked":"mysticmod:ChargedParry","floor":28},{"not_picked":["mysticmod:TomeOfSpells","mysticmod:Riposte+1"],"picked":"mysticmod:SpellRecall","floor":30},{"not_picked":["mysticmod:PreparedCaster+1","mysticmod:StyleChange+1"],"picked":"mysticmod:Riposte+1","floor":31},{"not_picked":["mysticmod:Spellstrike+1","mysticmod:MysticalShield"],"picked":"mysticmod:Haste","floor":33},{"not_picked":["mysticmod:Probe+1","mysticmod:DiviningBlow+1"],"picked":"mysticmod:MightyMagic+1","floor":35},{"not_picked":["mysticmod:Probe+1","mysticmod:RapidCaster"],"picked":"mysticmod:Shield+1","floor":40},{"not_picked":["mysticmod:DiviningBlow+1","mysticmod:ChargedParry+1"],"picked":"mysticmod:Haste","floor":41},{"not_picked":["mysticmod:Sideswipe+1","mysticmod:Probe+1"],"picked":"mysticmod:Flurry+1","floor":42},{"not_picked":["mysticmod:BulkUp+1","mysticmod:Feint+1"],"picked":"mysticmod:RapidCaster+1","floor":45},{"not_picked":["mysticmod:Alacrity+1","mysticmod:Fly","mysticmod:Daze"],"picked":"SKIP","floor":46},{"not_picked":["mysticmod:HeavyStrike+1","mysticmod:DiviningBlow+1"],"picked":"mysticmod:PreparedCaster","floor":48}],"player_experience":1750644,"relics_obtained":[{"floor":7,"key":"White Beast Statue"},{"floor":9,"key":"Replay:Towering Pillar of Hats"},{"floor":14,"key":"Replay:Wax Seal"},{"floor":23,"key":"mysticmod:RabbitsFoot"},{"floor":26,"key":"Molten Egg 2"},{"floor":27,"key":"CaptainsWheel"},{"floor":30,"key":"CeramicFish"},{"floor":40,"key":"Bronze Scales"},{"floor":41,"key":"Ginger"},{"floor":43,"key":"Juzu Bracelet"},{"floor":45,"key":"Ornamental Fan"}],"event_choices":[{"damage_healed":0,"gold_gain":0,"player_choice":"Relic ","damage_taken":3,"max_hp_gain":0,"max_hp_loss":0,"event_name":"betterThird:BetterScrap","floor":3,"gold_loss":0,"cards_obtained":["Entrench"]},{"damage_healed":0,"gold_gain":0,"player_choice":"Take Damage","damage_taken":19,"relics_obtained":["Golden Idol"],"max_hp_gain":0,"max_hp_loss":0,"event_name":"Golden Idol","floor":4,"gold_loss":0},{"damage_healed":0,"gold_gain":57,"player_choice":"Gained Gold","damage_taken":0,"max_hp_gain":0,"max_hp_loss":0,"event_name":"Golden Wing","floor":8,"gold_loss":0},{"damage_healed":0,"gold_gain":0,"player_choice":"Traded Relic","damage_taken":0,"relics_obtained":["Nloth\u0027s Gift"],"max_hp_gain":0,"max_hp_loss":0,"event_name":"N\u0027loth","floor":20,"relics_lost":["Golden Idol"],"gold_loss":0},{"damage_healed":0,"gold_gain":100,"player_choice":"Pray","damage_taken":0,"max_hp_gain":0,"max_hp_loss":0,"event_name":"Golden Shrine","floor":22,"gold_loss":0},{"damage_healed":0,"gold_gain":0,"player_choice":"2","damage_taken":0,"max_hp_gain":0,"max_hp_loss":0,"event_name":"betterMatch:BetterMatch","floor":25,"gold_loss":0,"cards_obtained":["betterMatch:CommonCard"]},{"cards_removed":["mysticmod:MirrorEntity"],"damage_healed":0,"gold_gain":0,"player_choice":"Removed Power","damage_taken":0,"max_hp_gain":0,"max_hp_loss":0,"event_name":"Falling","floor":36,"gold_loss":0},{"damage_healed":0,"gold_gain":3,"player_choice":"3","damage_taken":0,"max_hp_gain":0,"max_hp_loss":0,"event_name":"betterStone:BetterStone","floor":37,"gold_loss":0,"cards_obtained":["mysticmod:GeminiForm"]},{"damage_healed":0,"gold_gain":0,"player_choice":"Ignored","damage_taken":0,"max_hp_gain":0,"max_hp_loss":0,"event_name":"Mysterious Sphere","floor":38,"gold_loss":0},{"damage_healed":0,"gold_gain":0,"player_choice":"Fight","damage_taken":0,"max_hp_gain":0,"max_hp_loss":0,"event_name":"MindBloom","floor":41,"gold_loss":0},{"damage_healed":0,"gold_gain":0,"player_choice":"Ignored","damage_taken":0,"max_hp_gain":0,"max_hp_loss":0,"event_name":"Tomb of Lord Red Mask","floor":44,"gold_loss":0}],"is_beta":false,"boss_relics":[{"not_picked":["Honey Jar","Ring of Chaos"],"picked":"Snecko Eye"},{"not_picked":["Tiny House","Calling Bell"],"picked":"Sozu"}],"items_purged_floors":[29,39,47],"is_endless":false,"potions_floor_spawned":[5,10,12,14,16,18,21,23,27,28,30,31,33,35,40,41,42,46,48],"ascension_level":7}}