{"host":"6kpik4p6m02tzjjt","time":1608846734,"event":{"mods":["BaseMod","Colored Map","Minty Spire (QoL Compilation)","Quick Restart","Relic Stats"],"gold_per_floor":[111,111,130,130,130,130,143,170,170,170,184,201,218,238,238,340,340,355,355,236,236,256,256,283,312,312,322,322,322],"floor_reached":28,"playtime":1279,"items_purged":[],"score":252,"play_id":"0f6e12ce-cc7d-4dde-8893-608bb6a5948a","local_time":"20201224165214","is_ascension_mode":true,"campfire_choices":[{"data":"Zap","floor":6,"key":"SMITH"},{"data":"Dualcast","floor":10,"key":"SMITH"},{"floor":15,"key":"REST"},{"data":"Double Energy","floor":23,"key":"SMITH"}],"circlet_count":0,"master_deck":["Strike_B+1","Strike_B+1","Strike_B","Strike_B","Defend_B","Defend_B","Defend_B","Zap+1","Dualcast+1","Beam Cell","Go for the Eyes+1","Rebound","Gash+1","Ball Lightning","Leap","All For One","CurseOfTheBell","Beam Cell+1","Double Energy+1","Conserve Battery","Sweeping Beam","Sweeping Beam+1","Ball Lightning"],"relics":["Cracked Core","Matryoshka","NlothsMask","Tiny Chest","Happy Flower","Calling Bell","Blood Vial","Mummified Hand","Pocketwatch","Whetstone","Toy Ornithopter","Boot","Regal Pillow","Bottled Flame"],"acts_visited":["Exordium","TheCity"],"potions_floor_usage":[8,8,14,16,25],"damage_taken":[{"damage":10,"enemies":"Small Slimes","floor":1,"turns":2},{"damage":0,"enemies":"2 Louse","floor":3,"turns":2},{"damage":0,"enemies":"Cultist","floor":7,"turns":2},{"damage":12,"enemies":"3 Sentries","floor":8,"turns":6},{"damage":6,"enemies":"Large Slime","floor":11,"turns":4},{"damage":11,"enemies":"Exordium Thugs","floor":12,"turns":4},{"damage":5,"enemies":"2 Fungi Beasts","floor":13,"turns":3},{"damage":3,"enemies":"Exordium Wildlife","floor":14,"turns":3},{"damage":24,"enemies":"Slime Boss","floor":16,"turns":9},{"damage":0,"enemies":"Spheric Guardian","floor":18,"turns":3},{"damage":20,"enemies":"3 Byrds","floor":22,"turns":5},{"damage":53,"enemies":"Slavers","floor":25,"turns":6},{"damage":11,"enemies":"Centurion and Healer","floor":27,"turns":4},{"damage":14,"enemies":"Book of Stabbing","floor":28,"turns":2}],"seed_played":"6401033926173383534","potions_obtained":[{"floor":3,"key":"DuplicationPotion"},{"floor":7,"key":"LiquidBronze"},{"floor":11,"key":"FocusPotion"},{"floor":12,"key":"ColorlessPotion"},{"floor":16,"key":"Block Potion"},{"floor":18,"key":"DuplicationPotion"},{"floor":25,"key":"BlessingOfTheForge"}],"is_trial":false,"path_per_floor":["M","?","M","?","?","R","M","E","T","R","M","M","M","M","R","B",null,"M","?","$","T","M","R","T","E","T","M","E"],"character_chosen":"DEFECT","items_purchased":["Double Energy","Conserve Battery"],"campfire_rested":1,"item_purchase_floors":[20,20],"current_hp_per_floor":[72,56,56,38,38,38,38,26,26,26,20,9,4,1,25,1,82,82,82,82,82,62,62,62,16,16,7,0,0],"gold":322,"neow_bonus":"TEN_PERCENT_HP_BONUS","is_daily":false,"chose_seed":false,"campfire_upgraded":3,"win_rate":0.0,"timestamp":1608846734,"path_taken":["M","?","M","?","?","R","M","E","T","R","M","M","?","M","R","BOSS","M","?","$","?","M","R","?","E","T","?","E"],"items_purchased_type":["Card","Card"],"build_version":"2020-12-22","purchased_purges":0,"victory":false,"max_hp_per_floor":[82,82,82,82,82,82,82,82,82,82,82,82,82,82,82,82,82,82,82,82,82,82,82,82,82,82,82,82,82],"relic_stats":{"Blood Vial":6,"Regal Pillow":0,"Happy Flower":[14],"counters":[14,55],"Mummified Hand":[0],"Tiny Chest":1,"Whetstone":["Gash","Go for the Eyes"],"Boot":[14],"obtain_stats":[{"Regal Pillow":25,"Happy Flower":9,"Whetstone":21,"Boot":24,"Calling Bell":17,"Blood Vial":17,"Bottled Flame":26,"Matryoshka":4,"Mummified Hand":17,"Tiny Chest":8,"Cracked Core":0,"Toy Ornithopter":21,"NlothsMask":5,"Pocketwatch":17},{"Regal Pillow":12,"Happy Flower":4,"Whetstone":10,"Boot":11,"Calling Bell":9,"Blood Vial":9,"Bottled Flame":12,"Matryoshka":2,"Mummified Hand":9,"Tiny Chest":4,"Cracked Core":0,"Toy Ornithopter":10,"NlothsMask":2,"Pocketwatch":9},{"Regal Pillow":49,"Happy Flower":12,"Whetstone":38,"Boot":43,"Calling Bell":35,"Blood Vial":35,"Bottled Flame":49,"Matryoshka":4,"Mummified Hand":35,"Tiny Chest":12,"Cracked Core":0,"Toy Ornithopter":38,"NlothsMask":4,"Pocketwatch":35}],"Toy Ornithopter":5,"Pocketwatch":[9]},"card_choices":[{"not_picked":["Coolheaded","Stack"],"picked":"Beam Cell","floor":1},{"not_picked":["Rebound","All For One"],"picked":"Go for the Eyes","floor":3},{"not_picked":["Blizzard","Heatsinks"],"picked":"Rebound","floor":7},{"not_picked":["Buffer","Cold Snap","Compile Driver"],"picked":"SKIP","floor":8},{"not_picked":["Steam","Hologram","Compile Driver"],"picked":"SKIP","floor":11},{"not_picked":["Defragment","Compile Driver"],"picked":"Gash","floor":12},{"not_picked":["Hologram","Compile Driver"],"picked":"Ball Lightning","floor":13},{"not_picked":["Compile Driver","Rebound"],"picked":"Leap","floor":14},{"not_picked":["Rainbow","Amplify"],"picked":"All For One","floor":16},{"not_picked":["Thunder Strike","Hello World"],"picked":"Beam Cell+1","floor":18},{"not_picked":["Steam","Defragment"],"picked":"Sweeping Beam","floor":22},{"not_picked":["Rip and Tear","Seek"],"picked":"Sweeping Beam+1","floor":25},{"not_picked":["Aggregate","Cold Snap"],"picked":"Ball Lightning","floor":27}],"player_experience":21784,"relics_obtained":[{"floor":8,"key":"Tiny Chest"},{"floor":9,"key":"Happy Flower"},{"floor":17,"key":"Blood Vial"},{"floor":17,"key":"Mummified Hand"},{"floor":17,"key":"Pocketwatch"},{"floor":21,"key":"Whetstone"},{"floor":21,"key":"Toy Ornithopter"},{"floor":24,"key":"Boot"},{"floor":25,"key":"Regal Pillow"},{"floor":26,"key":"Bottled Flame"}],"event_choices":[{"damage_healed":0,"gold_gain":0,"player_choice":"Entered Light","damage_taken":16,"max_hp_gain":0,"max_hp_loss":0,"event_name":"Shining Light","floor":2,"gold_loss":0,"cards_upgraded":["Strike_B","Strike_B"]},{"damage_healed":0,"gold_gain":0,"player_choice":"Success","damage_taken":18,"relics_obtained":["Matryoshka"],"max_hp_gain":0,"max_hp_loss":0,"event_name":"Scrap Ooze","floor":4,"gold_loss":0},{"damage_healed":0,"gold_gain":0,"player_choice":"Trade","damage_taken":0,"relics_obtained":["NlothsMask"],"max_hp_gain":0,"max_hp_loss":0,"event_name":"FaceTrader","floor":5,"gold_loss":0},{"cards_removed":["Defend_B"],"damage_healed":0,"gold_gain":0,"player_choice":"Purged","damage_taken":0,"max_hp_gain":0,"max_hp_loss":0,"event_name":"Purifier","floor":19,"gold_loss":0}],"is_beta":false,"boss_relics":[{"not_picked":["Coffee Dripper","Busted Crown"],"picked":"Calling Bell"}],"items_purged_floors":[],"is_endless":false,"potions_floor_spawned":[3,7,11,12,16,18,25],"killed_by":"Book of Stabbing","ascension_level":1}}