{"host":"tjjuwi3liievx0vu","time":1608828807,"event":{"mods":["BaseMod","Colored Map","Downfall","Minty Spire (QoL Compilation)","StSLib"],"gold_per_floor":[99,249,260,260,283,142,142,142,159,159,170,170,199,224,236,236,236,236],"floor_reached":16,"playtime":695,"items_purged":["Regret"],"score":103,"play_id":"a79e2497-2ac5-4561-adfa-1eabaeedba16","local_time":"20201224175327","is_ascension_mode":true,"campfire_choices":[{"data":"champ:Taunt","floor":1,"key":"SMITH"},{"data":"champ:ArenaPreparation","floor":8,"key":"SMITH"},{"data":"champ:FocusedGladiator","floor":10,"key":"SMITH"},{"floor":12,"key":"RECALL"}],"circlet_count":0,"master_deck":["champ:Strike+1","champ:Strike+1","champ:Strike","champ:Strike","champ:Defend","champ:Defend","champ:Defend","champ:Defend","champ:Execute+1","champ:Taunt+1","champ:BladeFlurry","Slimebound:Icky","champ:ArenaPreparation+1","champ:RecklessLeap","champ:GladiatorsShout","champ:FocusedGladiator+1","champ:Aggression"],"relics":["champ:ChampionCrown","Lantern","WingedGreaves","Odd Mushroom","Ice Cream"],"acts_visited":["Exordium"],"potions_floor_usage":[16],"damage_taken":[{"damage":0,"enemies":"2 Louse","floor":3,"turns":4},{"damage":13,"enemies":"downfall:FleeingMerchant","floor":6,"turns":4},{"damage":26,"enemies":"Jaw Worm","floor":9,"turns":2},{"damage":20,"enemies":"Cultist","floor":11,"turns":2},{"damage":47,"enemies":"The Mushroom Lair","floor":13,"turns":3},{"damage":51,"enemies":"3 Sentries","floor":14,"turns":7},{"damage":5,"enemies":"2 Fungi Beasts","floor":15,"turns":3},{"damage":39,"enemies":"downfall:Ironclad","floor":16,"turns":3}],"seed_played":"-9026513270898296311","potions_obtained":[{"floor":9,"key":"LiquidBronze"},{"floor":11,"key":"SpeedPotion"}],"is_trial":false,"path_per_floor":["R","?","M","?","T","$","T","R","M","R","M","R","?","E","M","B"],"character_chosen":"THE_CHAMP","items_purchased":["champ:GladiatorsShout"],"campfire_rested":0,"item_purchase_floors":[6],"current_hp_per_floor":[90,90,90,90,90,87,87,87,81,81,81,81,64,33,33,0,0,0],"gold":236,"neow_bonus":"THREE_CARDS","is_daily":false,"chose_seed":false,"campfire_upgraded":3,"win_rate":0.0,"timestamp":1608828807,"path_taken":["R","?","M","?","?","$","T","R","M","R","?","R","?","E","M","BOSS"],"items_purchased_type":["Card"],"build_version":"2020-12-22","purchased_purges":1,"victory":false,"max_hp_per_floor":[90,90,90,90,90,90,90,90,90,90,90,90,90,90,90,90,90,90],"card_choices":[{"not_picked":["champ:AdrenalArmor","champ:PerfectedStrike"],"picked":"champ:BladeFlurry","floor":0},{"not_picked":["champ:EnGarde","champ:BladeFlurry"],"picked":"champ:ArenaPreparation","floor":3},{"not_picked":["champ:DancingMaster","champ:Riposte"],"picked":"champ:RecklessLeap","floor":6},{"not_picked":["champ:GutPunch","champ:BerserkersShout"],"picked":"champ:FocusedGladiator","floor":9},{"not_picked":["champ:AdrenalArmor","champ:RecklessLeap","champ:GladiatorsShout"],"picked":"SKIP","floor":11},{"not_picked":["champ:AdrenalArmor","champ:ShieldWall"],"picked":"champ:Aggression","floor":13},{"not_picked":["champ:FlashCut","champ:BerserkersShout","champ:Backstep"],"picked":"SKIP","floor":14},{"not_picked":["champ:DefensiveShout","champ:FaceSlap","champ:TornadoPunch"],"picked":"SKIP","floor":15}],"player_experience":804280,"relics_obtained":[{"floor":5,"key":"Lantern"},{"floor":7,"key":"WingedGreaves"},{"floor":13,"key":"Odd Mushroom"},{"floor":14,"key":"Ice Cream"}],"event_choices":[{"damage_healed":0,"gold_gain":0,"player_choice":"Fought Mushrooms","damage_taken":0,"max_hp_gain":0,"max_hp_loss":0,"event_name":"Mushrooms","floor":13,"gold_loss":0}],"is_beta":false,"boss_relics":[],"items_purged_floors":[6],"is_endless":false,"potions_floor_spawned":[9,11],"killed_by":"downfall:Ironclad","ascension_level":1}}