{"host":"fsb10kga2fnevq8p","time":1608804221,"event":{"mods":["BaseMod","Block Reminder","Colored Map","Colored Powertips","DeckTracker","Displayed Cursed Tome","Highlight Path","Minty Spire (QoL Compilation)","Permanent Neow","Quick Restart","Relic Stats","StSLib"],"gold_per_floor":[15,15,15,27,42,42,59,59,112,141,157,167,182,147,147,252,252,271,271,285,297,314,314,314,346,372,372,372,372,407,39,39,141,141,151,151,151,151],"floor_reached":37,"playtime":1124,"items_purged":[],"score":434,"play_id":"97c54df4-7ca0-4fbf-af94-a11249f732aa","local_time":"20201224210341","is_ascension_mode":false,"campfire_choices":[{"data":"Juggernaut","floor":6,"key":"SMITH"},{"data":"Armaments","floor":8,"key":"SMITH"},{"data":"Armaments","floor":15,"key":"SMITH"},{"floor":23,"key":"REST"},{"data":"Juggernaut","floor":29,"key":"SMITH"},{"floor":32,"key":"REST"}],"circlet_count":0,"master_deck":["Strike_R","Strike_R","Strike_R","Strike_R","Defend_R","Defend_R+1","Defend_R","Defend_R","Bash","Juggernaut+1","Headbutt","Sword Boomerang","Anger","Armaments+1","Armaments+1","Twin Strike","True Grit","Juggernaut+1","Thunderclap","Flex","Clothesline","Pummel","Juggernaut","Spot Weakness","Inflame","Mayhem","Metallicize","Feed","Cleave"],"relics":["Burning Blood","Omamori","Happy Flower","Cursed Key","Shuriken","War Paint","Nunchaku","Bronze Scales","Philosopher\u0027s Stone"],"acts_visited":["Exordium","TheCity","TheBeyond"],"potions_floor_usage":[3,20,35,35,37],"damage_taken":[{"damage":6,"enemies":"2 Louse","floor":1,"turns":3},{"damage":6,"enemies":"Cultist","floor":4,"turns":3},{"damage":17,"enemies":"Small Slimes","floor":5,"turns":3},{"damage":4,"enemies":"Blue Slaver","floor":7,"turns":3},{"damage":33,"enemies":"3 Sentries","floor":10,"turns":8},{"damage":6,"enemies":"Exordium Thugs","floor":11,"turns":4},{"damage":13,"enemies":"Lots of Slimes","floor":12,"turns":3},{"damage":0,"enemies":"3 Louse","floor":13,"turns":3},{"damage":53,"enemies":"The Guardian","floor":16,"turns":10},{"damage":29,"enemies":"2 Thieves","floor":18,"turns":4},{"damage":0,"enemies":"Chosen","floor":20,"turns":4},{"damage":24,"enemies":"Centurion and Healer","floor":21,"turns":5},{"damage":16,"enemies":"Chosen and Byrds","floor":22,"turns":6},{"damage":49,"enemies":"Book of Stabbing","floor":25,"turns":6},{"damage":34,"enemies":"Gremlin Leader","floor":30,"turns":6},{"damage":45,"enemies":"Automaton","floor":33,"turns":7},{"damage":16,"enemies":"3 Shapes","floor":35,"turns":4},{"damage":108,"enemies":"Time Eater","floor":37,"turns":6}],"seed_played":"-6927408841104791898","potions_obtained":[{"floor":3,"key":"BlessingOfTheForge"},{"floor":3,"key":"SmokeBomb"},{"floor":3,"key":"Fruit Juice"},{"floor":4,"key":"EssenceOfSteel"},{"floor":7,"key":"Ancient Potion"},{"floor":20,"key":"Fruit Juice"},{"floor":21,"key":"ElixirPotion"},{"floor":22,"key":"BlessingOfTheForge"}],"is_trial":false,"path_per_floor":["M","$","?","M","M","R","M","R","T","E","M","M","M","?","R","B",null,"M","?","M","M","M","R","?","E","T","?","?","R","E","$","R","B",null,"M","?","B"],"character_chosen":"IRONCLAD","items_purchased":["Mayhem","Metallicize","Bronze Scales"],"campfire_rested":2,"item_purchase_floors":[31,31,31],"current_hp_per_floor":[80,80,85,85,74,74,76,76,76,49,49,42,48,69,69,22,85,62,62,73,55,45,72,72,29,29,11,105,105,77,77,105,66,105,99,99,0,0],"gold":151,"neow_bonus":"THREE_RARE_CARDS","is_daily":false,"chose_seed":false,"campfire_upgraded":4,"win_rate":0.0,"timestamp":1608804221,"path_taken":["M","$","?","M","M","R","M","R","T","E","M","?","M","?","R","BOSS","M","?","?","M","?","R","?","E","T","?","?","R","E","$","R","BOSS","M","?","BOSS"],"items_purchased_type":["Card","Card","Relic"],"build_version":"2020-12-22","purchased_purges":0,"victory":false,"max_hp_per_floor":[80,80,85,85,85,85,85,85,85,85,85,85,85,85,85,85,85,85,85,90,90,90,90,90,90,90,95,105,105,105,105,105,105,105,109,109,109,109],"relic_stats":{"Nunchaku":[3],"Happy Flower":[22],"counters":[18,88],"Shuriken":[7],"Bronze Scales":[54],"War Paint":["Limit Break","Defend_R"],"Cursed Key":1,"obtain_stats":[{"Nunchaku":30,"Happy Flower":10,"Shuriken":25,"Bronze Scales":31,"Philosopher\u0027s Stone":34,"Omamori":9,"War Paint":26,"Cursed Key":17,"Burning Blood":0},{"Nunchaku":15,"Happy Flower":5,"Shuriken":14,"Bronze Scales":15,"Philosopher\u0027s Stone":16,"Omamori":4,"War Paint":14,"Cursed Key":9,"Burning Blood":0},{"Nunchaku":71,"Happy Flower":20,"Shuriken":65,"Bronze Scales":71,"Philosopher\u0027s Stone":78,"Omamori":12,"War Paint":65,"Cursed Key":40,"Burning Blood":0}],"Burning Blood":102},"card_choices":[{"not_picked":["Reaper","Bludgeon"],"picked":"Juggernaut","floor":0},{"not_picked":["Rupture","Perfected Strike"],"picked":"Headbutt","floor":1},{"not_picked":["Armaments","Flex"],"picked":"Sword Boomerang","floor":4},{"not_picked":["Blood for Blood","Entrench"],"picked":"Anger","floor":5},{"not_picked":["Flex","Iron Wave"],"picked":"Armaments","floor":7},{"not_picked":["Shockwave","Second Wind"],"picked":"Limit Break","floor":10},{"not_picked":["Body Slam","Shrug It Off"],"picked":"Armaments","floor":11},{"not_picked":["Fire Breathing","Body Slam"],"picked":"Twin Strike","floor":12},{"not_picked":["Clothesline","Heavy Blade"],"picked":"True Grit","floor":13},{"not_picked":["Berserk","Fiend Fire"],"picked":"Juggernaut","floor":16},{"not_picked":["Power Through+1","Bloodletting"],"picked":"Thunderclap","floor":18},{"not_picked":["Perfected Strike+1","Fire Breathing"],"picked":"Flex","floor":20},{"not_picked":["Headbutt+1","Heavy Blade+1"],"picked":"Clothesline","floor":21},{"not_picked":["Sword Boomerang","Blood for Blood+1"],"picked":"Pummel","floor":22},{"not_picked":["Uppercut","Hemokinesis"],"picked":"Spot Weakness","floor":25},{"not_picked":["Bloodletting","Pommel Strike+1"],"picked":"Inflame","floor":30},{"not_picked":["Limit Break","Brutality"],"picked":"Feed","floor":33},{"not_picked":["Heavy Blade+1","Sword Boomerang"],"picked":"Cleave","floor":35}],"player_experience":48888,"relics_obtained":[{"floor":9,"key":"Omamori"},{"floor":10,"key":"Happy Flower"},{"floor":25,"key":"Shuriken"},{"floor":26,"key":"War Paint"},{"floor":30,"key":"Nunchaku"}],"event_choices":[{"damage_healed":0,"gold_gain":0,"player_choice":"Got Potions","damage_taken":0,"max_hp_gain":0,"max_hp_loss":0,"event_name":"Lab","floor":3,"gold_loss":0},{"damage_healed":21,"gold_gain":0,"player_choice":"Healed","damage_taken":0,"max_hp_gain":0,"max_hp_loss":0,"event_name":"The Cleric","floor":14,"gold_loss":35},{"cards_removed":["Strike_R"],"damage_healed":0,"gold_gain":0,"player_choice":"Purged","damage_taken":0,"max_hp_gain":0,"max_hp_loss":0,"event_name":"Purifier","floor":19,"gold_loss":0},{"damage_healed":0,"gold_gain":0,"player_choice":"Read","damage_taken":0,"max_hp_gain":0,"max_hp_loss":0,"event_name":"The Library","floor":24,"gold_loss":0,"cards_obtained":["Juggernaut"]},{"damage_healed":0,"gold_gain":0,"player_choice":"Shed Blood","damage_taken":23,"max_hp_gain":5,"max_hp_loss":0,"event_name":"Forgotten Altar","floor":27,"gold_loss":0},{"cards_removed":["Limit Break"],"damage_healed":84,"gold_gain":0,"player_choice":"Offered Rare","damage_taken":0,"max_hp_gain":10,"max_hp_loss":0,"event_name":"Bonfire Elementals","floor":28,"gold_loss":0},{"damage_healed":0,"gold_gain":0,"player_choice":"Took Portal","damage_taken":0,"max_hp_gain":0,"max_hp_loss":0,"event_name":"SecretPortal","floor":36,"gold_loss":0}],"is_beta":false,"boss_relics":[{"not_picked":["Empty Cage","Snecko Eye"],"picked":"Cursed Key"},{"not_picked":["Sozu","Runic Cube"],"picked":"Philosopher\u0027s Stone"}],"items_purged_floors":[],"is_endless":false,"potions_floor_spawned":[4,7,11,12,20,21,22,25],"killed_by":"Time Eater","ascension_level":0}}