{"host":"5ksdyw07v7d4yepu","time":1608787495,"event":{"mods":["BaseMod","Colored Map","Colored Powertips","Minty Spire (QoL Compilation)","Relic Stats","StSLib"],"gold_per_floor":[119,119,194,214,135,135,168,195,232,244,274,300,312,338,350,460,472,498,528,540,552,43,70,70,370,370,370,389,422,436,446,446,549,549,563,563,580,504,522,522,522],"floor_reached":40,"playtime":3099,"items_purged":[],"score":581,"play_id":"990a0a38-1fb7-42a5-a3eb-38c8c23f6e4f","local_time":"20201224002455","is_ascension_mode":true,"campfire_choices":[{"data":"Eruption","floor":6.0,"key":"SMITH"},{"floor":13.0,"key":"REST"},{"data":"TalkToTheHand","floor":15.0,"key":"SMITH"},{"floor":24.0,"key":"REST"},{"floor":27.0,"key":"REST"},{"floor":32.0,"key":"REST"}],"circlet_count":0,"master_deck":["Strike_P","Strike_P","Strike_P+1","Strike_P","Defend_P","Defend_P","Defend_P+1","Defend_P","Eruption+1","Vigilance","EmptyFist","ClearTheMind","MentalFortress","Adaptation","TalkToTheHand+1","Prostrate","InnerPeace","Crescendo","Secret Weapon","Halt","Scrawl","Prostrate+1","Impatience"],"relics":["Busted Crown","MawBank","Lantern","VioletLotus","MutagenicStrength","Anchor","Melange","StoneCalendar","Old Coin","Oddly Smooth Stone","Blue Candle","SacredBark"],"acts_visited":["Exordium","TheCity","TheBeyond"],"potions_floor_usage":[40,40],"damage_taken":[{"damage":0.0,"enemies":"Small Slimes","floor":1.0,"turns":2.0},{"damage":0.0,"enemies":"Jaw Worm","floor":4.0,"turns":2.0},{"damage":17.0,"enemies":"3 Sentries","floor":7.0,"turns":8.0},{"damage":0.0,"enemies":"Cultist","floor":8.0,"turns":2.0},{"damage":4.0,"enemies":"3 Louse","floor":11.0,"turns":3.0},{"damage":0.0,"enemies":"Blue Slaver","floor":12.0,"turns":1.0},{"damage":0.0,"enemies":"Looter","floor":14.0,"turns":1.0},{"damage":8.0,"enemies":"Hexaghost","floor":16.0,"turns":9.0},{"damage":15.0,"enemies":"3 Byrds","floor":18.0,"turns":10.0},{"damage":8.0,"enemies":"2 Thieves","floor":19.0,"turns":5.0},{"damage":14.0,"enemies":"Book of Stabbing","floor":23.0,"turns":5.0},{"damage":18.0,"enemies":"Sentry and Sphere","floor":28.0,"turns":7.0},{"damage":6.0,"enemies":"Gremlin Leader","floor":29.0,"turns":5.0},{"damage":1.0,"enemies":"Centurion and Healer","floor":30.0,"turns":6.0},{"damage":16.0,"enemies":"Snake Plant","floor":31.0,"turns":6.0},{"damage":36.0,"enemies":"Collector","floor":33.0,"turns":12.0},{"damage":2.0,"enemies":"3 Darklings","floor":35.0,"turns":6.0},{"damage":2.0,"enemies":"Orb Walker","floor":37.0,"turns":5.0},{"damage":0.0,"enemies":"Sphere and 2 Shapes","floor":39.0,"turns":7.0},{"damage":51,"enemies":"Reptomancer","floor":40,"turns":8}],"seed_played":"-7554767120583090009","potions_obtained":[{"floor":4.0,"key":"SteroidPotion"},{"floor":8.0,"key":"SneckoOil"},{"floor":11.0,"key":"SteroidPotion"},{"floor":12.0,"key":"Fire Potion"},{"floor":18.0,"key":"Swift Potion"},{"floor":23.0,"key":"SteroidPotion"},{"floor":28.0,"key":"Block Potion"},{"floor":33.0,"key":"SkillPotion"},{"floor":37.0,"key":"Explosive Potion"},{"floor":39.0,"key":"DuplicationPotion"}],"is_trial":false,"path_per_floor":["M","?","?","M","$","R","E","M","T","?","M","M","R","M","R","B",null,"M","M","?","?","$","E","R","?","T","R","M","E","M","M","R","B",null,"M","?","M","$","M","E"],"character_chosen":"WATCHER","items_purchased":["MentalFortress","Anchor","Melange","Secret Weapon","Halt","StancePotion"],"campfire_rested":4,"item_purchase_floors":[5,22,22,22,22,38],"current_hp_per_floor":[65,65,54,54,54,54,37,37,37,23,19,19,40,40,40,32,62,47,39,39,26,26,12,35,35,35,58,40,34,33,17,40,4,59,57,52,50,50,50,0,0],"gold":522,"neow_bonus":"BOSS_RELIC","is_daily":false,"chose_seed":false,"campfire_upgraded":2,"win_rate":0.0,"timestamp":1608787495,"path_taken":["M","?","?","M","?","R","E","?","T","?","M","M","R","M","R","BOSS","M","M","?","?","$","E","R","?","T","R","?","E","M","M","R","BOSS","M","?","M","$","M","E"],"items_purchased_type":["Card","Relic","Relic","Card","Card","Potion"],"build_version":"2020-12-22","purchased_purges":0,"victory":false,"max_hp_per_floor":[72,72,72,72,72,72,72,72,72,72,72,72,72,72,72,72,72,72,72,72,77,77,77,77,77,77,77,77,77,77,77,77,77,77,77,77,77,77,77,77,77],"relic_stats":{"Busted Crown":42,"counters":[20,110],"Blue Candle":[0],"Melange":[81],"StoneCalendar":[142],"VioletLotus":[36],"MawBank":180,"obtain_stats":[{"Lantern":9,"Blue Candle":29,"SacredBark":34,"Melange":22,"Oddly Smooth Stone":26,"StoneCalendar":23,"MawBank":7,"Old Coin":25,"Anchor":22,"Busted Crown":0,"MutagenicStrength":20,"VioletLotus":17,"PureWater":0},{"Lantern":4,"Blue Candle":13,"SacredBark":16,"Melange":10,"Oddly Smooth Stone":11,"StoneCalendar":11,"MawBank":3,"Old Coin":11,"Anchor":10,"Busted Crown":0,"MutagenicStrength":10,"VioletLotus":8,"PureWater":0},{"Lantern":14,"Blue Candle":60,"SacredBark":84,"Melange":43,"Oddly Smooth Stone":48,"StoneCalendar":48,"MawBank":12,"Old Coin":48,"Anchor":43,"Busted Crown":0,"MutagenicStrength":43,"VioletLotus":28,"PureWater":0}]},"card_choices":[{"not_picked":[],"picked":"EmptyFist","floor":1.0},{"not_picked":[],"picked":"ClearTheMind","floor":4.0},{"not_picked":["Perseverance"],"picked":"SKIP","floor":7.0},{"not_picked":[],"picked":"Adaptation","floor":8.0},{"not_picked":[],"picked":"TalkToTheHand","floor":11.0},{"not_picked":["FlurryOfBlows"],"picked":"SKIP","floor":12.0},{"not_picked":[],"picked":"Prostrate","floor":14.0},{"not_picked":[],"picked":"InnerPeace","floor":18.0},{"not_picked":["Crescendo"],"picked":"SKIP","floor":19.0},{"not_picked":[],"picked":"Crescendo","floor":19.0},{"not_picked":["Adaptation+1"],"picked":"SKIP","floor":23.0},{"not_picked":["Crescendo+1"],"picked":"SKIP","floor":28.0},{"not_picked":["ForeignInfluence+1"],"picked":"SKIP","floor":29.0},{"not_picked":["DeceiveReality"],"picked":"SKIP","floor":30.0},{"not_picked":["Vengeance"],"picked":"SKIP","floor":31.0},{"not_picked":[],"picked":"Scrawl","floor":33.0},{"not_picked":[],"picked":"Prostrate+1","floor":35.0},{"not_picked":[],"picked":"Impatience","floor":36.0},{"not_picked":["Collect+1"],"picked":"SKIP","floor":37.0},{"not_picked":["ClearTheMind"],"picked":"SKIP","floor":39.0}],"player_experience":577289,"relics_obtained":[{"floor":7.0,"key":"MawBank"},{"floor":9.0,"key":"Lantern"},{"floor":23.0,"key":"StoneCalendar"},{"floor":26.0,"key":"Oddly Smooth Stone"},{"floor":29.0,"key":"Blue Candle"}],"event_choices":[{"damage_healed":0.0,"max_hp_gain":0.0,"max_hp_loss":0.0,"gold_gain":0.0,"event_name":"Golden Wing","player_choice":"Ignored","floor":2.0,"gold_loss":0.0,"damage_taken":0.0},{"damage_healed":0.0,"max_hp_gain":0.0,"max_hp_loss":0.0,"gold_gain":75.0,"event_name":"World of Goop","player_choice":"Gather Gold","floor":3.0,"gold_loss":0.0,"damage_taken":11.0},{"damage_healed":0.0,"max_hp_gain":0.0,"max_hp_loss":0.0,"gold_gain":0.0,"event_name":"Shining Light","player_choice":"Entered Light","floor":10.0,"gold_loss":0.0,"damage_taken":14.0,"cards_upgraded":["Strike_P","Defend_P"]},{"damage_healed":0.0,"max_hp_gain":0.0,"max_hp_loss":0.0,"gold_gain":0.0,"event_name":"Drug Dealer","player_choice":"Inject Mutagens","floor":20.0,"gold_loss":0.0,"damage_taken":0.0,"relics_obtained":["MutagenicStrength"]},{"damage_healed":0.0,"max_hp_gain":5.0,"max_hp_loss":0.0,"gold_gain":0.0,"event_name":"Forgotten Altar","player_choice":"Shed Blood","floor":21.0,"gold_loss":0.0,"damage_taken":18.0},{"damage_healed":0.0,"max_hp_gain":0.0,"max_hp_loss":0.0,"gold_gain":0.0,"event_name":"The Mausoleum","player_choice":"Opened","floor":25.0,"gold_loss":0.0,"damage_taken":0.0,"relics_obtained":["Old Coin"]},{"damage_healed":0.0,"max_hp_gain":0.0,"max_hp_loss":0.0,"gold_gain":0.0,"event_name":"SensoryStone","player_choice":"Memory 2","floor":36.0,"gold_loss":0.0,"damage_taken":5.0}],"is_beta":false,"boss_relics":[{"not_picked":["Sozu","SlaversCollar"],"picked":"VioletLotus"},{"not_picked":["Coffee Dripper","Velvet Choker"],"picked":"SacredBark"}],"items_purged_floors":[],"is_endless":false,"potions_floor_spawned":[4,8,11,12,14,18,23,28,33,37,39],"killed_by":"Reptomancer","ascension_level":6}}