{"host":"diy71vlueofrnn1o","time":1608793025,"event":{"mods":["2.2 Compatiblity","AchievementEnabler","BaseMod","Best Route Mod","Colored Map","Curses Come First","DeckTracker","Minty Spire (QoL Compilation)","Quick Restart","Rare Cards Sparkle","StSLib","SuperFastMode"],"gold_per_floor":[117,135,154,56,6,40,40,74,74,74,74],"floor_reached":10,"playtime":250,"items_purged":["Strike_G"],"score":103,"play_id":"76e6168b-86f6-407a-8995-cafe760f5951","local_time":"20201224075705","is_ascension_mode":true,"campfire_choices":[{"data":"Choke","floor":7,"key":"SMITH"}],"circlet_count":0,"master_deck":["Strike_G","Strike_G","Strike_G","Strike_G","Defend_G","Defend_G","Defend_G","Defend_G","Survivor+1","Neutralize","Flying Knee","Dagger Spray","Backflip","Deadly Poison+1","Choke+1","Poisoned Stab"],"relics":["Ring of the Snake","NeowsBlessing","War Paint","Tough Bandages","Matryoshka"],"acts_visited":["Exordium"],"potions_floor_usage":[6],"damage_taken":[{"damage":0,"enemies":"Jaw Worm","floor":1,"turns":1},{"damage":0,"enemies":"2 Louse","floor":2,"turns":1},{"damage":0,"enemies":"Cultist","floor":3,"turns":1},{"damage":20,"enemies":"Gremlin Nob","floor":6,"turns":5},{"damage":30,"enemies":"Lagavulin","floor":8,"turns":4},{"damage":16,"enemies":"3 Sentries","floor":10,"turns":4}],"seed_played":"-1030665964162640685","potions_obtained":[{"floor":3,"key":"Swift Potion"},{"floor":6,"key":"SmokeBomb"}],"is_trial":false,"path_per_floor":["M","M","M","$","?","E","R","E","T","E"],"character_chosen":"THE_SILENT","items_purchased":["Deadly Poison"],"campfire_rested":0,"item_purchase_floors":[4],"current_hp_per_floor":[63,63,63,63,63,43,43,13,13,0,0],"gold":74,"neow_bonus":"THREE_ENEMY_KILL","is_daily":false,"chose_seed":false,"campfire_upgraded":1,"win_rate":0.0,"timestamp":1608793025,"path_taken":["M","M","M","$","?","E","R","E","T","E"],"items_purchased_type":["Card"],"build_version":"2020-12-22","purchased_purges":1,"victory":false,"max_hp_per_floor":[70,70,70,70,70,70,70,70,70,70,70],"card_choices":[{"not_picked":["PiercingWail","Prepared"],"picked":"Flying Knee","floor":1},{"not_picked":["Footwork","Blur"],"picked":"Dagger Spray","floor":2},{"not_picked":["Catalyst","Flying Knee"],"picked":"Backflip","floor":3},{"not_picked":["Backflip","Blur"],"picked":"Choke","floor":6},{"not_picked":["Dodge and Roll","PiercingWail"],"picked":"Poisoned Stab","floor":8}],"player_experience":385726,"relics_obtained":[{"floor":6,"key":"War Paint"},{"floor":8,"key":"Tough Bandages"},{"floor":9,"key":"Matryoshka"}],"event_choices":[{"cards_removed":["Defend_G"],"damage_healed":0,"gold_gain":0,"player_choice":"Card Removal","damage_taken":0,"max_hp_gain":0,"max_hp_loss":0,"event_name":"The Cleric","floor":5,"gold_loss":50}],"is_beta":false,"boss_relics":[],"items_purged_floors":[4],"is_endless":false,"potions_floor_spawned":[3,6],"killed_by":"3 Sentries","ascension_level":7}}