{"host":"vcrofm1hbk0ziuql","time":1608846777,"event":{"mods":["2.2 Compatiblity","BaseMod","Colored Map","DeckTracker","Downfall","Googly Eyes","Highlight Path","Minty Spire (QoL Compilation)","StSLib"],"gold_per_floor":[115,40,58,73,73,73,92,92,170,345,361,394,408,424,424,424,424],"floor_reached":16,"playtime":539,"items_purged":["Writhe"],"score":104,"play_id":"b11c0bb6-dbcb-4dfa-8b7f-4d04ca35cff9","local_time":"20201224215257","is_ascension_mode":false,"campfire_choices":[{"data":"Bash","floor":6,"key":"SMITH"},{"data":"True Grit","floor":15,"key":"SMITH"}],"circlet_count":0,"master_deck":["Strike_R","Strike_R","Strike_R","Strike_R","Strike_R","Defend_R","Defend_R","Defend_R","Defend_R","Bash+1","Immolate","Thunderclap","Regret","True Grit+1","Doubt","Berserk","Shockwave"],"relics":["Burning Blood","Nunchaku","Orichalcum","InkBottle","Omamori"],"acts_visited":["Exordium"],"potions_floor_usage":[7,16,16,16],"damage_taken":[{"damage":1,"enemies":"Cultist","floor":1,"turns":4},{"damage":0,"enemies":"2 Louse","floor":3,"turns":2},{"damage":0,"enemies":"Small Slimes","floor":4,"turns":1},{"damage":7,"enemies":"Looter","floor":7,"turns":4},{"damage":6,"enemies":"Blue Slaver","floor":11,"turns":4},{"damage":48,"enemies":"Gremlin Nob","floor":12,"turns":5},{"damage":0,"enemies":"Gremlin Gang","floor":13,"turns":1},{"damage":1,"enemies":"Large Slime","floor":14,"turns":4},{"damage":42,"enemies":"The Guardian","floor":16,"turns":11}],"seed_played":"-709405603074197902","potions_obtained":[{"floor":1,"key":"GamblersBrew"},{"floor":4,"key":"SpeedPotion"},{"floor":7,"key":"AttackPotion"},{"floor":13,"key":"SteroidPotion"}],"is_trial":false,"path_per_floor":["M","$","M","M","?","R","M","?","T","?","M","E","M","M","R","B"],"character_chosen":"IRONCLAD","items_purchased":[],"campfire_rested":0,"item_purchase_floors":[],"current_hp_per_floor":[80,80,80,80,80,80,79,72,72,72,72,30,36,41,41,0,0],"gold":424,"neow_bonus":"THREE_RARE_CARDS","is_daily":false,"chose_seed":false,"campfire_upgraded":2,"win_rate":0.0,"timestamp":1608846777,"path_taken":["M","$","M","M","?","R","M","?","T","?","M","E","M","M","R","BOSS"],"items_purchased_type":[],"build_version":"2020-12-22","purchased_purges":1,"victory":false,"max_hp_per_floor":[80,80,80,80,80,80,80,80,80,80,80,80,80,80,80,80,80],"card_choices":[{"not_picked":["Corruption","Impervious"],"picked":"Immolate","floor":0},{"not_picked":["Carnage","Disarm"],"picked":"Thunderclap","floor":1},{"not_picked":["Havoc","Anger","Wild Strike"],"picked":"SKIP","floor":3},{"not_picked":["Sword Boomerang","Rampage","Havoc"],"picked":"SKIP","floor":4},{"not_picked":["Shrug It Off","Havoc"],"picked":"True Grit","floor":7},{"not_picked":["Ghostly Armor","Sword Boomerang"],"picked":"Berserk","floor":11},{"not_picked":["Searing Blow","Uppercut","Havoc"],"picked":"SKIP","floor":12},{"not_picked":["Heavy Blade","Carnage"],"picked":"Shockwave","floor":13},{"not_picked":["Clash","Perfected Strike","Bloodletting"],"picked":"SKIP","floor":14}],"player_experience":547018,"relics_obtained":[{"floor":9,"key":"InkBottle"},{"floor":12,"key":"Omamori"}],"event_choices":[{"damage_healed":0,"gold_gain":0,"player_choice":"Box","damage_taken":0,"relics_obtained":["Nunchaku"],"max_hp_gain":0,"max_hp_loss":0,"event_name":"Big Fish","floor":5,"gold_loss":0,"cards_obtained":["Regret"]},{"damage_healed":0,"gold_gain":0,"player_choice":"Success","damage_taken":7,"relics_obtained":["Orichalcum"],"max_hp_gain":0,"max_hp_loss":0,"event_name":"Scrap Ooze","floor":8,"gold_loss":0},{"damage_healed":0,"gold_gain":175,"player_choice":"AGREE","damage_taken":0,"max_hp_gain":0,"max_hp_loss":0,"event_name":"Liars Game","floor":10,"gold_loss":0,"cards_obtained":["Doubt"]}],"is_beta":false,"boss_relics":[],"items_purged_floors":[2],"is_endless":false,"potions_floor_spawned":[1,4,7,13,14],"killed_by":"The Guardian","ascension_level":0}}