{"host":"3ek78t4i81ecmdy1","time":1608778891,"event":{"mods":["2.2 Compatiblity","AchievementEnabler","BaseMod","Colored Map","DeckTracker","Filter the Spire","Keyboard Shortcuts","Minty Spire (QoL Compilation)","Permanent Neow","Quick Restart","SuperFastMode","everything is the same but u backflip on backflip"],"gold_per_floor":[109,126,126,126,13,13,53,127,177,196,196,215,215,215,215,343,343,362,362,383,402,6,6,6,37,60,101,124,224,263,284,284,415,415,434,453,60,85,99,99,139,157,157,157,182,225,250,270,270,270,270],"floor_reached":50,"playtime":2026,"items_purged":["Strike_G","Calculated Gamble"],"score":722,"play_id":"1a62dd10-79f0-4c37-8f9c-9aaf9378dd95","local_time":"20201224120131","is_ascension_mode":true,"campfire_choices":[{"data":"Neutralize","floor":6,"key":"SMITH"},{"floor":11,"key":"REST"},{"data":"Noxious Fumes","floor":13,"key":"SMITH"},{"data":"Die Die Die","floor":15,"key":"SMITH"},{"data":"Adrenaline","floor":23,"key":"SMITH"},{"data":"1","floor":32,"key":"LIFT"},{"data":"2","floor":40,"key":"LIFT"},{"data":"3","floor":44,"key":"LIFT"},{"floor":49,"key":"RECALL"}],"circlet_count":0,"master_deck":["Survivor","Neutralize+1","Noxious Fumes+1","Slice","Die Die Die+1","Infinite Blades","Bane","Blade Dance","Adrenaline+1","Calculated Gamble","Eviscerate","Poisoned Stab","Glass Knife","Choke","Glass Knife","Finisher","Corpse Explosion","PiercingWail+1","Sucker Punch","Reflex","Deadly Poison+1","Phantasmal Killer","Deflect","Crippling Poison+1","Sucker Punch+1","Acrobatics+1","Underhanded Strike+1","Footwork"],"relics":["Ring of the Snake","Snake Skull","Golden Idol","Oddly Smooth Stone","White Beast Statue","Unceasing Top","Pandora\u0027s Box","MutagenicStrength","Shuriken","Sling","Thread and Needle","PreservedInsect","Gambling Chip","Girya","Sozu","Du-Vu Doll","Gremlin Horn","Incense Burner","Eternal Feather"],"acts_visited":["Exordium","TheCity","TheBeyond"],"potions_floor_usage":[7,16,20,31,31,31,33,33,38],"damage_taken":[{"damage":0,"enemies":"Jaw Worm","floor":1,"turns":5},{"damage":3,"enemies":"2 Louse","floor":2,"turns":3},{"damage":13,"enemies":"3 Sentries","floor":7,"turns":6},{"damage":27,"enemies":"3 Sentries","floor":8,"turns":5},{"damage":4,"enemies":"Cultist","floor":10,"turns":3},{"damage":0,"enemies":"Lots of Slimes","floor":12,"turns":1},{"damage":23,"enemies":"The Guardian","floor":16,"turns":9},{"damage":12,"enemies":"Shell Parasite","floor":18,"turns":2},{"damage":0,"enemies":"2 Thieves","floor":20,"turns":1},{"damage":0,"enemies":"3 Cultists","floor":21,"turns":2},{"damage":0,"enemies":"Slavers","floor":25,"turns":1},{"damage":0,"enemies":"Book of Stabbing","floor":27,"turns":1},{"damage":5,"enemies":"Snake Plant","floor":28,"turns":3},{"damage":0,"enemies":"Slavers","floor":30,"turns":1},{"damage":4,"enemies":"Shelled Parasite and Fungi","floor":31,"turns":2},{"damage":30,"enemies":"Collector","floor":33,"turns":4},{"damage":21,"enemies":"3 Shapes","floor":35,"turns":1},{"damage":0,"enemies":"3 Darklings","floor":36,"turns":2},{"damage":0,"enemies":"Jaw Worm Horde","floor":38,"turns":2},{"damage":3,"enemies":"4 Shapes","floor":39,"turns":2},{"damage":0,"enemies":"Giant Head","floor":41,"turns":4},{"damage":0,"enemies":"Transient","floor":42,"turns":5},{"damage":0,"enemies":"Jaw Worm Horde","floor":45,"turns":2},{"damage":8,"enemies":"Nemesis","floor":46,"turns":3},{"damage":1,"enemies":"4 Shapes","floor":47,"turns":1},{"damage":0,"enemies":"Transient","floor":48,"turns":5},{"damage":73,"enemies":"Time Eater","floor":50,"turns":9}],"seed_played":"-1687844061494818523","potions_obtained":[{"floor":1,"key":"BlessingOfTheForge"},{"floor":7,"key":"Dexterity Potion"},{"floor":10,"key":"SmokeBomb"},{"floor":12,"key":"GamblersBrew"},{"floor":16,"key":"EntropicBrew"},{"floor":20,"key":"GamblersBrew"},{"floor":21,"key":"FairyPotion"},{"floor":27,"key":"Weak Potion"},{"floor":31,"key":"ColorlessPotion"},{"floor":33,"key":"Block Potion"}],"is_trial":false,"path_per_floor":["M","M","?","?","$","R","E","?","T","M","R","M","R","T","R","B",null,"M","?","M","M","$","R","?","E","T","E","M","?","E","M","R","B",null,"M","M","$","M","M","R","E","M","T","R","M","E","M","M","R","B"],"character_chosen":"THE_SILENT","items_purchased":["Infinite Blades","Shuriken","Sling","Du-Vu Doll"],"campfire_rested":1,"item_purchase_floors":[5,22,22,37],"current_hp_per_floor":[70,67,67,65,65,65,52,25,25,21,40,40,40,40,40,17,65,53,53,53,53,53,53,53,53,53,53,48,48,48,44,44,14,65,44,44,44,44,41,41,41,41,41,41,41,33,32,32,47,0,0],"gold":270,"neow_bonus":"RANDOM_COMMON_RELIC","is_daily":false,"chose_seed":false,"campfire_upgraded":4,"win_rate":0.0,"timestamp":1608778891,"path_taken":["M","M","?","?","$","R","E","?","T","M","R","M","R","?","R","BOSS","M","?","M","M","$","R","?","E","T","E","M","?","E","?","R","BOSS","M","?","?","M","M","R","E","M","T","R","M","E","M","?","R","BOSS"],"items_purchased_type":["Card","Relic","Relic","Relic"],"build_version":"2020-12-22","purchased_purges":2,"victory":false,"max_hp_per_floor":[70,70,70,65,65,65,65,65,65,65,65,65,65,65,65,65,65,65,65,65,65,65,65,65,65,65,65,65,65,65,65,65,65,65,65,65,65,65,65,65,65,65,65,65,65,65,65,65,65,65,65],"card_choices":[{"not_picked":["Escape Plan","Footwork"],"picked":"Noxious Fumes","floor":1},{"not_picked":["Dagger Spray","Prepared"],"picked":"Slice","floor":2},{"not_picked":["Eviscerate","Poisoned Stab"],"picked":"Bane","floor":7},{"not_picked":["Dodge and Roll","Bane"],"picked":"Calculated Gamble","floor":8},{"not_picked":["Dash","Acrobatics"],"picked":"Blade Dance","floor":10},{"not_picked":["Calculated Gamble","Noxious Fumes","Quick Slash"],"picked":"SKIP","floor":12},{"not_picked":["Grand Finale","A Thousand Cuts"],"picked":"Adrenaline","floor":16},{"not_picked":["Poisoned Stab","Flying Knee","Infinite Blades"],"picked":"SKIP","floor":18},{"not_picked":["Predator","Sucker Punch"],"picked":"PiercingWail+1","floor":20},{"not_picked":["Noxious Fumes","Eviscerate","Dash"],"picked":"SKIP","floor":21},{"not_picked":["Expertise","Quick Slash","Unload"],"picked":"SKIP","floor":25},{"not_picked":["Heel Hook","Dagger Spray"],"picked":"Sucker Punch","floor":27},{"not_picked":["Choke+1","Leg Sweep"],"picked":"Reflex","floor":28},{"not_picked":["Setup","Outmaneuver","Prepared"],"picked":"SKIP","floor":30},{"not_picked":["PiercingWail","Bane"],"picked":"Deadly Poison+1","floor":31},{"not_picked":["Burst","A Thousand Cuts"],"picked":"Phantasmal Killer","floor":33},{"not_picked":["Deadly Poison","Dagger Spray"],"picked":"Deflect","floor":35},{"not_picked":["Deadly Poison+1","Infinite Blades"],"picked":"Crippling Poison+1","floor":36},{"not_picked":["Dagger Spray","All Out Attack","Skewer+1"],"picked":"SKIP","floor":38},{"not_picked":["Finisher","Deflect"],"picked":"Sucker Punch+1","floor":39},{"not_picked":["Masterful Stab","Acrobatics+1","Choke+1"],"picked":"SKIP","floor":41},{"not_picked":["Backflip","Well Laid Plans"],"picked":"Acrobatics+1","floor":42},{"not_picked":["Poisoned Stab","Dagger Throw+1","Blur"],"picked":"SKIP","floor":45},{"not_picked":["Deadly Poison","Blur+1"],"picked":"Underhanded Strike+1","floor":46},{"not_picked":["Predator","Finisher","Bullet Time"],"picked":"SKIP","floor":47},{"not_picked":["Calculated Gamble","Dash+1"],"picked":"Footwork","floor":48}],"player_experience":23082,"relics_obtained":[{"floor":7,"key":"Oddly Smooth Stone"},{"floor":8,"key":"White Beast Statue"},{"floor":14,"key":"Unceasing Top"},{"floor":25,"key":"Thread and Needle"},{"floor":26,"key":"PreservedInsect"},{"floor":27,"key":"Gambling Chip"},{"floor":30,"key":"Girya"},{"floor":41,"key":"Gremlin Horn"},{"floor":43,"key":"Incense Burner"},{"floor":46,"key":"Eternal Feather"}],"event_choices":[{"damage_healed":0,"gold_gain":0,"cards_transformed":["Defend_G"],"player_choice":"Change","damage_taken":0,"max_hp_gain":0,"max_hp_loss":0,"event_name":"Living Wall","floor":3,"gold_loss":0,"cards_obtained":["Die Die Die"]},{"damage_healed":0,"gold_gain":0,"player_choice":"Lose Max HP","damage_taken":0,"relics_obtained":["Golden Idol"],"max_hp_gain":0,"max_hp_loss":5,"event_name":"Golden Idol","floor":4,"gold_loss":0},{"damage_healed":0,"gold_gain":30,"player_choice":"Searched \u00272\u0027 times","damage_taken":0,"max_hp_gain":0,"max_hp_loss":0,"event_name":"Dead Adventurer","floor":8,"gold_loss":0},{"damage_healed":0,"gold_gain":0,"player_choice":"Inject Mutagens","damage_taken":0,"relics_obtained":["MutagenicStrength"],"max_hp_gain":0,"max_hp_loss":0,"event_name":"Drug Dealer","floor":19,"gold_loss":0},{"damage_healed":0,"gold_gain":0,"player_choice":"Ignored","damage_taken":0,"max_hp_gain":0,"max_hp_loss":0,"event_name":"Vampires","floor":24,"gold_loss":0},{"damage_healed":0,"gold_gain":100,"player_choice":"Pray","damage_taken":0,"max_hp_gain":0,"max_hp_loss":0,"event_name":"Golden Shrine","floor":29,"gold_loss":0}],"is_beta":false,"boss_relics":[{"not_picked":["Runic Pyramid","Empty Cage"],"picked":"Pandora\u0027s Box"},{"not_picked":["Tiny House","Busted Crown"],"picked":"Sozu"}],"items_purged_floors":[5,37],"is_endless":false,"potions_floor_spawned":[1,7,10,12,16,18,20,21,25,27,28,30,31,33,35,36,38,39,41,42,45,46,47,48],"killed_by":"Time Eater","ascension_level":1}}