{"host":"wna8kqr6yweggo4i","time":1608794470,"event":{"mods":["BaseMod","Colored Powertips","Hermit","Hubris","Marisa????????","Minty Spire (QoL Compilation)","StSLib"],"gold_per_floor":[114,169,20,36,36,36,36,51,78,78,113,130,130,142,142,142,142],"floor_reached":16,"playtime":327,"items_purged":[],"score":100,"play_id":"2ff42a2c-f93e-4588-a438-a5a616bf1974","local_time":"20201224012110","is_ascension_mode":false,"campfire_choices":[{"data":"hermit:HighCaliber","floor":6,"key":"SMITH"},{"data":"hermit:BlackWind","floor":10,"key":"SMITH"},{"floor":15,"key":"REST"}],"circlet_count":0,"master_deck":["hermit:Strike_Hermit","hermit:Strike_Hermit","hermit:Strike_Hermit","hermit:Strike_Hermit","hermit:Defend_Hermit","hermit:Defend_Hermit","hermit:Defend_Hermit","hermit:Defend_Hermit","hermit:Snapshot","hermit:Covet","hermit:WideOpen","hermit:HighCaliber+1","hermit:BlackWind+1","hermit:Shortfuse","hermit:Showdown"],"relics":["hermit:Momento","NeowsBlessing","ClockworkSouvenir","NlothsMask","Smiling Mask","Bag of Marbles"],"acts_visited":["Exordium"],"potions_floor_usage":[16],"damage_taken":[{"damage":0.0,"enemies":"Jaw Worm","floor":1.0,"turns":1.0},{"damage":0.0,"enemies":"Small Slimes","floor":4.0,"turns":1.0},{"damage":0,"enemies":"Cultist","floor":8,"turns":1},{"damage":29,"enemies":"Lagavulin","floor":11,"turns":6},{"damage":7,"enemies":"3 Louse","floor":12,"turns":2},{"damage":11,"enemies":"Exordium Wildlife","floor":14,"turns":2},{"damage":49,"enemies":"The Guardian","floor":16,"turns":6}],"seed_played":"3844935978322659811","potions_obtained":[{"floor":4,"key":"LiquidMemories"},{"floor":8,"key":"BlessingOfTheForge"},{"floor":11,"key":"Explosive Potion"}],"is_trial":false,"path_per_floor":["M","?","$","M","?","R","$","M","T","R","E","M","?","M","R","B"],"character_chosen":"HERMIT","items_purchased":["ClockworkSouvenir"],"campfire_rested":1,"item_purchase_floors":[3],"current_hp_per_floor":[75,75,75,75,75,75,75,75,75,75,46,39,36,25,47,0,0],"gold":142,"neow_bonus":"THREE_ENEMY_KILL","is_daily":false,"chose_seed":false,"campfire_upgraded":2,"win_rate":0.0,"timestamp":1608794470,"path_taken":["M","?","$","M","?","R","$","?","T","R","E","M","?","M","R","BOSS"],"items_purchased_type":["Relic"],"build_version":"2020-12-22","purchased_purges":0,"victory":false,"max_hp_per_floor":[75,75,75,75,75,75,75,75,75,75,75,75,75,75,75,75,75],"card_choices":[{"not_picked":["hermit:Dive","hermit:Headshot"],"picked":"hermit:WideOpen","floor":1.0},{"not_picked":["hermit:Misfire","hermit:Feint"],"picked":"hermit:HighCaliber","floor":4},{"not_picked":["hermit:Feint","hermit:CalledShot"],"picked":"hermit:BlackWind","floor":8},{"not_picked":["hermit:TakeAim","hermit:ItchyTrigger"],"picked":"hermit:Shortfuse","floor":11},{"not_picked":["hermit:FullyLoaded","hermit:Scavenge"],"picked":"hermit:Showdown","floor":12},{"not_picked":["hermit:LuckOfTheDraw","hermit:Snipe","hermit:Brawl"],"picked":"SKIP","floor":14}],"player_experience":373035,"relics_obtained":[{"floor":11,"key":"Smiling Mask"}],"event_choices":[{"damage_healed":0.0,"max_hp_gain":0.0,"max_hp_loss":0.0,"gold_gain":55.0,"event_name":"Golden Wing","player_choice":"Gained Gold","floor":2.0,"gold_loss":0.0,"damage_taken":0.0},{"damage_healed":0,"gold_gain":0,"player_choice":"Trade","damage_taken":0,"relics_obtained":["NlothsMask"],"max_hp_gain":0,"max_hp_loss":0,"event_name":"FaceTrader","floor":5,"gold_loss":0},{"damage_healed":0,"gold_gain":0,"player_choice":"Success","damage_taken":3,"relics_obtained":["Bag of Marbles"],"max_hp_gain":0,"max_hp_loss":0,"event_name":"Scrap Ooze","floor":13,"gold_loss":0}],"is_beta":false,"boss_relics":[],"items_purged_floors":[],"is_endless":false,"potions_floor_spawned":[4,8,11],"killed_by":"The Guardian","ascension_level":0}}