{"host":"w3q5ijqu8eoknil3","time":1608772910,"event":{"mods":["AchievementEnabler","BaseMod","Block Reminder","Colored Powertips","Minty Spire (QoL Compilation)","Quick Restart","Relic Stats","ojb\u0027s Better Paths Mod","ojb\u0027s Info Mod","slay the spire mod where everything is the same but ironclad has a cowboy hat"],"gold_per_floor":[113,124,124,124,142,175,175,175,175],"floor_reached":8,"playtime":260,"items_purged":[],"score":112,"play_id":"ca85404c-73d7-4699-951c-6d0435c9f047","local_time":"20201224012150","is_ascension_mode":true,"campfire_choices":[{"data":"Armaments","floor":7,"key":"SMITH"}],"circlet_count":0,"master_deck":["AscendersBane","Strike_R","Strike_R","Strike_R","Strike_R","Defend_R","Defend_R","Defend_R","Defend_R","Bash","Pain","Sever Soul","Armaments+1"],"relics":["Busted Crown","WarpedTongs","Paper Frog"],"acts_visited":["Exordium"],"potions_floor_usage":[8,8],"damage_taken":[{"damage":2,"enemies":"2 Louse","floor":1,"turns":3},{"damage":2,"enemies":"Jaw Worm","floor":2,"turns":3},{"damage":3,"enemies":"Cultist","floor":5,"turns":3},{"damage":30,"enemies":"Gremlin Nob","floor":6,"turns":4},{"damage":32,"enemies":"3 Sentries","floor":8,"turns":7}],"seed_played":"-1378638506060170181","potions_obtained":[{"floor":1,"key":"LiquidBronze"},{"floor":2,"key":"DistilledChaos"}],"is_trial":false,"path_per_floor":["M","M","?","?","M","E","R","E"],"character_chosen":"IRONCLAD","items_purchased":[],"campfire_rested":0,"item_purchase_floors":[],"current_hp_per_floor":[66,64,57,57,54,24,24,0,0],"gold":175,"neow_bonus":"BOSS_RELIC","is_daily":false,"chose_seed":false,"campfire_upgraded":1,"win_rate":0.0,"timestamp":1608772910,"path_taken":["M","M","?","?","?","E","R","E"],"items_purchased_type":[],"build_version":"2020-12-22","purchased_purges":0,"victory":false,"max_hp_per_floor":[75,75,75,75,75,75,75,75,75],"relic_stats":{"Busted Crown":8,"counters":[5,20],"obtain_stats":[{"Busted Crown":0,"Burning Blood":0,"WarpedTongs":4,"Paper Frog":6},{"Busted Crown":0,"Burning Blood":0,"WarpedTongs":2,"Paper Frog":4},{"Busted Crown":0,"Burning Blood":0,"WarpedTongs":6,"Paper Frog":13}],"WarpedTongs":[13]},"card_choices":[{"not_picked":["Searing Blow"],"picked":"SKIP","floor":1},{"not_picked":["Bloodletting"],"picked":"SKIP","floor":2},{"not_picked":[],"picked":"Sever Soul","floor":5},{"not_picked":[],"picked":"Armaments","floor":6}],"player_experience":940056,"relics_obtained":[{"floor":6,"key":"Paper Frog"}],"event_choices":[{"cards_removed":["Strike_R"],"damage_healed":0,"gold_gain":0,"player_choice":"Card Removal","damage_taken":7,"max_hp_gain":0,"max_hp_loss":0,"event_name":"Golden Wing","floor":3,"gold_loss":0},{"damage_healed":0,"gold_gain":0,"player_choice":"Rummage","damage_taken":0,"relics_obtained":["WarpedTongs"],"max_hp_gain":0,"max_hp_loss":0,"event_name":"Accursed Blacksmith","floor":4,"gold_loss":0,"cards_obtained":["Pain"]}],"is_beta":false,"boss_relics":[],"items_purged_floors":[],"is_endless":false,"potions_floor_spawned":[1,2],"killed_by":"3 Sentries","ascension_level":20}}