{"host":"27tk4xseidcli2mr","time":1608821388,"event":{"mods":["2.2 Compatiblity","AchievementEnabler","Aspiration","BaseMod","Better Third Choice","Conspire","Custom Start","Hubris","Jorbs\u0027s Wanderer Trilogy","Minty Spire (QoL Compilation)","Replay The Spire","StSLib","SuperFastMode","[IsaacMod]????"],"gold_per_floor":[111,131,147,161,161,194,194,194,248,148,189,236,236,536,536,653,653,628,628,654,654,697,717,717],"floor_reached":23,"playtime":814,"items_purged":[],"score":402,"play_id":"f7f822d3-a5cc-49a2-a5ce-8d2dad39c86f","local_time":"20201224154948","is_ascension_mode":true,"campfire_choices":[{"floor":8.0,"key":"REST"}],"circlet_count":0,"master_deck":["AscendersBane","Strike_R","Defend_R","Defend_R","Defend_R","Defend_R","Bash","Flame Barrier+1","conspire:Purge","Flame Barrier+1","Spot Weakness","Armaments","conspire:SpireCoStock","conspire:SpireCoStock","Thunderclap","Twin Strike","Demon Form","Shrug It Off","J.A.X.","Cleave"],"relics":["Burning Blood","HushsDoor","DoctorsRemote","StrikeDummy","hubris:ChampionShield","hubris:DeckOfHolding","Smiling Mask"],"acts_visited":["Exordium","TheCity"],"potions_floor_usage":[],"damage_taken":[{"damage":23.0,"enemies":"Small Slimes","floor":1.0,"turns":4.0},{"damage":9.0,"enemies":"Jaw Worm","floor":2.0,"turns":4.0},{"damage":22.0,"enemies":"Cultist","floor":3.0,"turns":5.0},{"damage":22.0,"enemies":"3 Louse","floor":4.0,"turns":7.0},{"damage":20.0,"enemies":"Lagavulin","floor":6.0,"turns":4.0},{"damage":42.0,"enemies":"Gremlin Nob","floor":11.0,"turns":6.0},{"damage":12.0,"enemies":"Exordium Thugs","floor":12.0,"turns":10.0},{"damage":5.0,"enemies":"Hexaghost","floor":16.0,"turns":10.0},{"damage":28.0,"enemies":"2 Thieves","floor":18.0,"turns":4.0},{"damage":12.0,"enemies":"Shell Parasite","floor":20.0,"turns":7.0},{"damage":29.0,"enemies":"Cultist and Chosen","floor":22.0,"turns":6.0},{"damage":20,"enemies":"Book of Stabbing","floor":23,"turns":3}],"seed_played":"1527635480185997899","potions_obtained":[{"floor":3.0,"key":"AttackPotion"},{"floor":4.0,"key":"FearPotion"},{"floor":7.0,"key":"FairyPotion"},{"floor":7.0,"key":"Flashbang"},{"floor":12.0,"key":"BlessingOfTheForge"},{"floor":16.0,"key":"ElixirPotion"},{"floor":18.0,"key":"Explosive Potion"}],"is_trial":false,"path_per_floor":["M","M","M","M","?","E","?","R","T","?","E","M","?","?","R","B",null,"M","?","M","?","M","E"],"character_chosen":"IRONCLAD","items_purchased":[],"campfire_rested":1,"item_purchase_floors":[],"current_hp_per_floor":[58,55,39,23,23,9,9,33,33,33,22,16,16,16,16,17,66,44,44,38,38,15,0,0],"gold":717,"neow_bonus":"TEN_PERCENT_HP_BONUS","is_daily":false,"chose_seed":false,"campfire_upgraded":0,"win_rate":0.0,"timestamp":1608821388,"path_taken":["M","M","M","M","?","E","?","R","T","?","E","?","?","?","R","BOSS","M","?","?","?","M","E"],"items_purchased_type":[],"build_version":"2020-12-22","purchased_purges":0,"victory":false,"max_hp_per_floor":[82,82,82,82,82,82,82,82,82,82,82,82,82,82,82,82,82,82,82,82,82,82,82,82],"card_choices":[{"not_picked":["ReplayTheSpireMod:Corrosion Curse","Bomb"],"picked":"Flame Barrier","floor":1.0},{"not_picked":["Flex","Rupture"],"picked":"conspire:Purge","floor":2.0},{"not_picked":["Shockwave","True Grit"],"picked":"Flame Barrier","floor":3.0},{"not_picked":["ReplayTheSpireMod:Stacked","Dark Embrace"],"picked":"Spot Weakness","floor":4.0},{"not_picked":["Wild Strike","Run Through"],"picked":"Armaments","floor":6.0},{"not_picked":["Carnage","Bludgeon","ReplayTheSpireMod:LeadingStrike"],"picked":"SKIP","floor":11.0},{"not_picked":["Clothesline","Warcry"],"picked":"Thunderclap","floor":12.0},{"not_picked":["Impervious","Exhume"],"picked":"Demon Form","floor":16.0},{"not_picked":["Searing Blow","Evolve+1"],"picked":"Shrug It Off","floor":18.0},{"not_picked":["Uppercut","ReplayTheSpireMod:Strike From Hell"],"picked":"Cleave","floor":20.0},{"not_picked":["Rage","Clash","Hemokinesis"],"picked":"SKIP","floor":22.0}],"player_experience":1221751,"relics_obtained":[{"floor":6.0,"key":"StrikeDummy"},{"floor":9.0,"key":"hubris:ChampionShield"},{"floor":11.0,"key":"hubris:DeckOfHolding"}],"event_choices":[{"damage_healed":0.0,"max_hp_gain":0.0,"max_hp_loss":0.0,"gold_gain":0.0,"event_name":"Lab","player_choice":"Got Potions","floor":7.0,"gold_loss":0.0,"damage_taken":0.0},{"damage_healed":0.0,"max_hp_gain":0.0,"max_hp_loss":0.0,"gold_gain":0.0,"event_name":"conspire:Investor","player_choice":"Invest 2","floor":10.0,"gold_loss":0.0,"damage_taken":0.0},{"damage_healed":0.0,"max_hp_gain":0.0,"max_hp_loss":0.0,"gold_gain":0.0,"event_name":"Drug Dealer","player_choice":"Obtain J.A.X.","floor":19.0,"gold_loss":0.0,"damage_taken":0.0,"cards_obtained":["J.A.X."]},{"damage_healed":0.0,"max_hp_gain":0.0,"max_hp_loss":0.0,"gold_gain":0.0,"event_name":"WeMeetAgain","player_choice":"Gave Potion","floor":21.0,"gold_loss":0.0,"damage_taken":0.0,"relics_obtained":["Smiling Mask"]}],"is_beta":false,"boss_relics":[{"not_picked":["conspire:SeveredTorchhead","Honey Jar","Replay:Wanted Poster"]}],"items_purged_floors":[],"is_endless":false,"potions_floor_spawned":[3,4,12,16,18],"killed_by":"Book of Stabbing","ascension_level":20}}