{"host":"uwh382mre4waz4ff","time":1608769614,"event":{"mods":["AchievementEnabler","BaseMod","Better Note","Better Third Choice","BetterRewards","HololiveMod","Minty Spire (QoL Compilation)","StSLib"],"gold_per_floor":[109,59,78,78,95,95,130,130,130,130,130,130],"floor_reached":11,"playtime":322,"items_purged":[],"score":71,"play_id":"27ea87bf-64e0-4974-a28f-283d243c9bbd","local_time":"20201224082654","is_ascension_mode":false,"campfire_choices":[{"data":"Defragment","floor":6,"key":"SMITH"},{"data":"Zap","floor":8,"key":"SMITH"},{"data":"Dualcast","floor":10,"key":"SMITH"}],"circlet_count":0,"master_deck":["Strike_B","Strike_B","Strike_B","Defend_B","Defend_B","Defend_B","Defend_B","Zap+1","Dualcast+1","Go for the Eyes","Double Energy","Leap","Defragment+1","Regret"],"relics":["Cracked Core","Lantern","Boot","Omamori","Girya","Darkstone Periapt"],"acts_visited":["Exordium"],"potions_floor_usage":[],"damage_taken":[{"damage":3,"enemies":"2 Louse","floor":1,"turns":2},{"damage":1,"enemies":"Jaw Worm","floor":3,"turns":3},{"damage":0,"enemies":"Small Slimes","floor":5,"turns":2},{"damage":26,"enemies":"3 Sentries","floor":7,"turns":7},{"damage":14,"enemies":"Lagavulin","floor":11,"turns":2}],"seed_played":"6817747463117351757","potions_obtained":[{"floor":1,"key":"SteroidPotion"},{"floor":3,"key":"SpeedPotion"}],"is_trial":false,"path_per_floor":["M","?","M","?","M","R","E","R","T","R","E"],"character_chosen":"DEFECT","items_purchased":["Boot"],"campfire_rested":0,"item_purchase_floors":[0],"current_hp_per_floor":[37,37,36,36,36,36,10,10,10,10,0,0],"gold":130,"neow_bonus":"","is_daily":false,"chose_seed":false,"campfire_upgraded":3,"win_rate":0.0,"timestamp":1608769614,"path_taken":["M","?","M","?","M","R","E","R","T","R","E"],"items_purchased_type":["Relic"],"build_version":"2020-12-22","purchased_purges":0,"victory":false,"max_hp_per_floor":[70,70,70,70,70,70,70,70,70,70,70,70],"card_choices":[{"not_picked":["Doom and Gloom","Go for the Eyes"],"picked":"Defragment","floor":1},{"not_picked":["Ball Lightning","Rebound","Gash"],"picked":"SKIP","floor":3},{"not_picked":["Steam","Barrage","Rebound"],"picked":"SKIP","floor":5},{"not_picked":["Steam","Compile Driver","Ball Lightning"],"picked":"SKIP","floor":7}],"player_experience":187199,"relics_obtained":[{"floor":7,"key":"Girya"},{"floor":9,"key":"Darkstone Periapt"}],"event_choices":[{"cards_removed":["Strike_B"],"damage_healed":0,"gold_gain":0,"player_choice":"Card Removal","damage_taken":0,"max_hp_gain":0,"max_hp_loss":0,"event_name":"The Cleric","floor":2,"gold_loss":50},{"damage_healed":0,"gold_gain":0,"player_choice":"Box","damage_taken":0,"relics_obtained":["Omamori"],"max_hp_gain":0,"max_hp_loss":0,"event_name":"Big Fish","floor":4,"gold_loss":0,"cards_obtained":["Regret"]}],"is_beta":false,"boss_relics":[],"items_purged_floors":[],"is_endless":false,"potions_floor_spawned":[1,3],"killed_by":"Lagavulin","ascension_level":0}}