{"host":"f3zc1jx8b75bp9n4","time":1608801149,"event":{"mods":["AchievementEnabler","Act Like it!","AlwaysNeverKeys","BaseMod","Bestiary","Better-Laid Plans","BetterRewards","Block Reminder","Clockwork Mod","Colored Map","Colored Powertips","Conspire","DeckTracker","Downfall","Emptier Cage","Energized Spire","Friendly Minions","GifTheSpireLib","Gold Saver","Grow up Mod","Highlight Path","Hubris","Infinite Spire","Marisa????????","Minty Spire (QoL Compilation)","Permanent Neow","Quick Restart","Rare Cards Sparkle","Relic Stats","Replay The Spire","StSLib","Stuff the Spire","SuperFastMode","Synergy Search","The Animator","The Bladedancer","The Bug Knight","The Construct","The Cursed","The Jungle","The Necromancer","The Poker Player","The Runesmith","The Senshi","The Servant 0.9.4","Transform Curses","Unceasing Turn Reminder","Yuri Mod"],"gold_per_floor":[115,15,15,15,50,124,124,153,153,153,153,153,172,172,210,210,210,348,348,388,6,6,53,53,94,94,94,94,176,196,208,208,258,258,390,390,473,516,617,701,787,885,885,990,990,0,0,24,24,67,67,114,114,114,24,59,115],"floor_reached":58,"playtime":5188,"items_purged":[],"score":1635,"play_id":"23d67730-d379-4b76-a426-af6d75894cfe","local_time":"20201224111229","is_ascension_mode":false,"campfire_choices":[{"data":"Eruption","floor":7.0,"key":"SMITH"},{"data":"conspire:SpireCoStock","floor":12.0,"key":"SMITH"},{"data":"conspire:SpireCoStock","floor":14.0,"key":"SMITH"},{"data":"Loop","floor":17.0,"key":"SMITH"},{"data":"StuffTheSpire:CopiaOfFamine","floor":26.0,"key":"SMITH"},{"floor":34.0,"key":"REST"},{"data":"Creative AI","floor":43.0,"key":"SMITH"},{"data":"Creative AI","floor":47.0,"key":"SMITH"},{"floor":51,"key":"DIG"},{"data":"Static Discharge","floor":54,"key":"SMITH"}],"circlet_count":0,"master_deck":["Strike_B","Strike_B","Strike_B","Strike_B","Defend_B","Defend_B","Defend_B","Defend_B","Coolheaded","conspire:SpireCoStock+1","conspire:SpireCoStock+1","Vigilance","Eruption+1","Melter","BootSequence","Compile Driver","Loop+1","Cold Snap","Creative AI+1","Barrage","hubris:Ukulele","StuffTheSpire:CopiaOfFamine+1","Steam","Cold Snap","Crystallizer","Creative AI+1","Static Discharge+1","Capacitor","infinitespire:Starlight","Static Discharge+1","Buffer+1","Leap","Ball Lightning+1","Ball Lightning+1","Leap","Barrage","Darkness","hubris:PowerSurge+1","Apotheosis+1","ReplayTheSpireMod:Calculation Training+1","StuffTheSpire:Synthwave","Thunder Strike","Barrage","Consume+1","Leap+1","BasicCrystalCard+1","BasicCrystalCard+1","Streamline"],"relics":["Cracked Core","Art of War","Ice Cream","hubris:SphereOfDissonance","StuffTheSpire:EmeraldSignet","hubris:ScarierMask","Happy Flower","PreservedInsect","infinitespire:Midas Blood","ReplayFunnel","StuffTheSpire:CocoNut","Solar Panel","Vajra","infinitespire:EvilPickle","Busted Crown","Smiling Mask","Torii","Toxic Egg 2","Lantern","Strange Spoon","Pet Ghost","Eternal Feather","Replay:Bandana"],"acts_visited":["Exordium","TheCity","TheBeyond","TheEnding"],"potions_floor_usage":[52],"damage_taken":[{"damage":1.0,"enemies":"Jaw Worm","floor":1.0,"turns":3.0},{"damage":0.0,"enemies":"Small Slimes","floor":5.0,"turns":3.0},{"damage":2.0,"enemies":"Replay:BlueRogue","floor":6.0,"turns":5.0},{"damage":9.0,"enemies":"HollowMod:MossKnight","floor":8.0,"turns":6.0},{"damage":0.0,"enemies":"conspire:RoseBush","floor":13.0,"turns":2.0},{"damage":9.0,"enemies":"Lots of Slimes","floor":15.0,"turns":4.0},{"damage":53.0,"enemies":"The Guardian","floor":18.0,"turns":8.0},{"damage":54.0,"enemies":"Spheric Guardian","floor":20.0,"turns":8.0},{"damage":6.0,"enemies":"2 Thieves","floor":23.0,"turns":3.0},{"damage":10.0,"enemies":"Book of Stabbing","floor":25.0,"turns":6.0},{"damage":11.0,"enemies":"HollowMod:Nosk","floor":29.0,"turns":8.0},{"damage":4.0,"enemies":"Shelled Parasite and Fungi","floor":30.0,"turns":7.0},{"damage":0.0,"enemies":"Snecko","floor":31.0,"turns":4.0},{"damage":148.0,"enemies":"Gremlin Leader","floor":33.0,"turns":7.0},{"damage":26.0,"enemies":"Pondfish","floor":35.0,"turns":13.0},{"damage":21.0,"enemies":"3 Shapes","floor":37.0,"turns":4.0},{"damage":1.0,"enemies":"Orb Walker","floor":38.0,"turns":3.0},{"damage":0.0,"enemies":"Maw","floor":39.0,"turns":8.0},{"damage":10.0,"enemies":"Spire Growth","floor":40.0,"turns":4.0},{"damage":15.0,"enemies":"Transient","floor":41.0,"turns":5.0},{"damage":26.0,"enemies":"R_Hoarder","floor":42.0,"turns":6.0},{"damage":0.0,"enemies":"Nemesis","floor":44.0,"turns":7.0},{"damage":15,"enemies":"3 Darklings","floor":48,"turns":4},{"damage":0,"enemies":"Spire Growth","floor":50,"turns":5},{"damage":53,"enemies":"hubris:GrandSnecko","floor":52,"turns":16},{"damage":0,"enemies":"Shield and Spear","floor":56,"turns":3},{"damage":82,"enemies":"The Heart","floor":57,"turns":8}],"seed_played":"-6968717369402307462","potions_obtained":[{"floor":1.0,"key":"SkillPotion"},{"floor":6.0,"key":"PowerPotion"},{"floor":8.0,"key":"Elixir"},{"floor":13.0,"key":"Toxic Potion"},{"floor":33.0,"key":"Strength Potion"},{"floor":35.0,"key":"Venom Potion"},{"floor":37.0,"key":"Block Potion"},{"floor":40.0,"key":"GamblersBrew"},{"floor":42.0,"key":"EssenceOfDarkness"}],"is_trial":false,"path_per_floor":["M","?","$","?","M","E","R","E","PTL","PTL","T","R","M","R","M","?","R","B",null,"M","$","?","M","T","E","R","?","T","E","M","M","AVR","E","R","B",null,"M","M","M","M","M","E","R","E","T","$","R","M","?","M","R_BF","B",null,"R","$","E","B",null],"character_chosen":"DEFECT","items_purchased":["Happy Flower","PreservedInsect","hubris:Ukulele","Lantern","Strange Spoon","Pet Ghost","Apotheosis+1","ReplayTheSpireMod:Calculation Training+1","StuffTheSpire:Synthwave","Thunder Strike","Barrage","Energy Potion","Swift Potion","BasicCrystalCard+1"],"campfire_rested":1,"item_purchase_floors":[21,21,21,46,46,46,46,46,46,46,46,46,55,55],"current_hp_per_floor":[94,104,114,124,134,142,152,153,163,173,183,193,203,213,218,228,238,195,275,231,241,231,235,245,245,255,265,282,283,291,303,313,185,321,323,452,443,468,482,488,489,491,501,525,535,545,555,556,566,592,602,563,622,632,642,652,620],"gold":115,"neow_bonus":"RANDOM_COMMON_RELIC","is_daily":false,"chose_seed":false,"campfire_upgraded":8,"win_rate":0.0,"timestamp":1608801149,"path_taken":["M","?","$","?","M","E","R","E","PTL","PTL","T","R","M","R","M","?","R","BOSS","M","?","?","M","?","E","R","?","T","E","M","M","AVR","E","R","BOSS","M","M","M","M","M","E","R","E","T","?","R","M","?","M","R_BF","BOSS","R","$","E","BOSS"],"items_purchased_type":["Relic","Relic","Card","Relic","Relic","Relic","Card","Card","Card","Card","Card","Potion","Potion","Card"],"build_version":"2020-12-22","purchased_purges":0,"victory":true,"max_hp_per_floor":[95,105,115,125,135,145,155,165,175,185,195,205,215,225,235,245,255,265,275,285,295,305,315,325,335,345,355,372,382,392,402,412,422,432,442,452,462,472,482,492,502,512,522,532,542,552,562,572,582,592,602,612,622,632,642,652,672],"relic_stats":{"Strange Spoon":[18],"Busted Crown":44,"Happy Flower":[40],"Torii":2,"counters":[27,157],"Eternal Feather":0,"PreservedInsect":290,"Art of War":[38],"Smiling Mask":0,"obtain_stats":[{"Ice Cream":6,"ReplayFunnel":25,"Solar Panel":29,"Lantern":46,"Happy Flower":21,"Torii":44,"hubris:SphereOfDissonance":8,"Vajra":33,"Eternal Feather":51,"StuffTheSpire:EmeraldSignet":11,"PreservedInsect":21,"Smiling Mask":42,"Pet Ghost":46,"infinitespire:EvilPickle":35,"Strange Spoon":46,"Replay:Bandana":56,"Busted Crown":36,"hubris:ScarierMask":19,"StuffTheSpire:CocoNut":28,"Art of War":0,"Toxic Egg 2":45,"Cracked Core":0,"infinitespire:Midas Blood":24},{"Ice Cream":3,"ReplayFunnel":10,"Solar Panel":11,"Lantern":22,"Happy Flower":8,"Torii":22,"hubris:SphereOfDissonance":4,"Vajra":14,"Eternal Feather":24,"StuffTheSpire:EmeraldSignet":4,"PreservedInsect":8,"Smiling Mask":21,"Pet Ghost":22,"infinitespire:EvilPickle":15,"Strange Spoon":22,"Replay:Bandana":26,"Busted Crown":15,"hubris:ScarierMask":7,"StuffTheSpire:CocoNut":10,"Art of War":0,"Toxic Egg 2":22,"Cracked Core":0,"infinitespire:Midas Blood":9},{"Ice Cream":11,"ReplayFunnel":48,"Solar Panel":56,"Lantern":121,"Happy Flower":39,"Torii":121,"hubris:SphereOfDissonance":17,"Vajra":73,"Eternal Feather":130,"StuffTheSpire:EmeraldSignet":17,"PreservedInsect":39,"Smiling Mask":114,"Pet Ghost":121,"infinitespire:EvilPickle":85,"Strange Spoon":121,"Replay:Bandana":149,"Busted Crown":85,"hubris:ScarierMask":31,"StuffTheSpire:CocoNut":48,"Art of War":0,"Toxic Egg 2":121,"Cracked Core":0,"infinitespire:Midas Blood":42}]},"card_choices":[{"not_picked":["Ball Lightning","Conserve Battery"],"picked":"Coolheaded","floor":1.0},{"not_picked":["Sweeping Beam","FTL"],"picked":"Melter","floor":5.0},{"not_picked":["Recycle","StuffTheSpire:LoadUp"],"picked":"BootSequence","floor":6.0},{"not_picked":["StuffTheSpire:GlassShard","Auto Shields"],"picked":"Compile Driver","floor":8.0},{"not_picked":["Steam","Auto Shields"],"picked":"Loop","floor":13.0},{"not_picked":["Redo","Panic Button"],"picked":"Cold Snap","floor":15.0},{"not_picked":["StuffTheSpire:EventHorizon","Reboot"],"picked":"Creative AI","floor":18.0},{"not_picked":["StuffTheSpire:LoadUp","Fusion"],"picked":"Barrage","floor":20.0},{"not_picked":["Redo","Undo+1"],"picked":"Steam","floor":23.0},{"not_picked":["Compile Driver","Sweeping Beam"],"picked":"Cold Snap","floor":25.0},{"not_picked":["ReplayTheSpireMod:System Scan","Crystallizer"],"picked":"Creative AI","floor":29.0},{"not_picked":["Streamline","Panic Button+1"],"picked":"Static Discharge+1","floor":30.0},{"not_picked":["StuffTheSpire:GlassShard","Force Field+1"],"picked":"Capacitor","floor":31.0},{"not_picked":["Cold Snap","Ball Lightning"],"picked":"Static Discharge","floor":33.0},{"not_picked":["Reboot","StuffTheSpire:LaunchingStrike"],"picked":"Buffer","floor":35.0},{"not_picked":[],"picked":"Leap","floor":37.0},{"not_picked":[],"picked":"Ball Lightning+1","floor":38.0},{"not_picked":[],"picked":"Ball Lightning+1","floor":39.0},{"not_picked":[],"picked":"Leap","floor":40.0},{"not_picked":[],"picked":"Barrage","floor":41.0},{"not_picked":[],"picked":"Darkness","floor":42.0},{"not_picked":[],"picked":"hubris:PowerSurge+1","floor":44.0},{"not_picked":[],"picked":"Consume+1","floor":48},{"not_picked":[],"picked":"Leap+1","floor":50},{"not_picked":[],"picked":"Streamline","floor":56}],"player_experience":222112,"relics_obtained":[{"floor":6.0,"key":"Ice Cream"},{"floor":8.0,"key":"hubris:SphereOfDissonance"},{"floor":11.0,"key":"StuffTheSpire:EmeraldSignet"},{"floor":24.0,"key":"infinitespire:Midas Blood"},{"floor":25.0,"key":"ReplayFunnel"},{"floor":28.0,"key":"StuffTheSpire:CocoNut"},{"floor":29.0,"key":"Solar Panel"},{"floor":33.0,"key":"Vajra"},{"floor":42.0,"key":"Smiling Mask"},{"floor":44.0,"key":"Torii"},{"floor":45.0,"key":"Toxic Egg 2"},{"floor":51,"key":"Eternal Feather"},{"floor":56,"key":"Replay:Bandana"}],"event_choices":[{"damage_healed":0.0,"max_hp_gain":0.0,"max_hp_loss":0.0,"gold_gain":0.0,"event_name":"conspire:Investor","player_choice":"Invest 2","floor":2.0,"gold_loss":0.0,"damage_taken":0.0},{"damage_healed":0.0,"max_hp_gain":0.0,"max_hp_loss":0.0,"gold_gain":0.0,"event_name":"NoteForYourself","player_choice":"Ignored","floor":16.0,"gold_loss":0.0,"damage_taken":0.0},{"damage_healed":0.0,"max_hp_gain":0.0,"max_hp_loss":0.0,"gold_gain":0.0,"event_name":"The Library","player_choice":"Read","floor":27.0,"gold_loss":0.0,"damage_taken":0.0,"cards_obtained":["Crystallizer"]}],"is_beta":false,"boss_relics":[{"not_picked":["hubris:TerracottaHorce","conspire:SeveredTorchhead"],"picked":"hubris:ScarierMask"},{"not_picked":["Runic Dome","energizedSpire:MagnifyingGlass"],"picked":"Busted Crown"}],"items_purged_floors":[],"is_endless":false,"potions_floor_spawned":[1,6,8,13,33,35,37,40,42,56],"ascension_level":0}}