{"host":"ty2cix8xj6r3ad26","time":1608853839,"event":{"mods":["AchievementEnabler","BaseMod","BetterRewards","Minty Spire (QoL Compilation)","StSLib","SuperFastMode"],"gold_per_floor":[109,127,139,139,159,159,159,177,177,77,77,102,177,177,177,278,278,292,312,312,327,123,153,153,153,153,180,200,234,5,22,22,120,120,134,184,184,201,201,236,236,268,268,268,268,268,282,300,300,300,300],"floor_reached":50,"playtime":3905,"items_purged":["Strike_R","Strike_R","Infernal Blade","Defend_R"],"score":984,"play_id":"619ce441-ed20-4f28-9383-63973c0cb99f","local_time":"20201225015039","is_ascension_mode":true,"campfire_choices":[{"data":"Rampage","floor":6,"key":"SMITH"},{"data":"True Grit","floor":11,"key":"SMITH"},{"data":"Flame Barrier","floor":15,"key":"SMITH"},{"data":"Thinking Ahead","floor":24,"key":"SMITH"},{"data":"Dark Embrace","floor":32,"key":"SMITH"},{"data":"Rampage","floor":44,"key":"SMITH"},{"data":"Secret Weapon","floor":46,"key":"SMITH"},{"floor":49,"key":"RECALL"}],"circlet_count":0,"master_deck":["Strike_R+1","Strike_R+1","Defend_R","Bash","Thinking Ahead+1","True Grit+1","Flame Barrier+1","Rampage+1","Battle Trance","Shrug It Off","Impervious","Burning Pact+1","Rupture","Rampage+1","Dark Embrace+1","Double Tap","Metallicize","Metallicize+1","Secret Weapon+1","Writhe"],"relics":["Black Blood","Pear","Lizard Tail","Lee\u0027s Waffle","Ornamental Fan","Pantograph","Gremlin Horn","Mark of Pain","Shuriken","Kunai","Bronze Scales","Sundial","Ginger","Mercury Hourglass","Eternal Feather"],"acts_visited":["Exordium","TheCity","TheBeyond"],"potions_floor_usage":[5,12,12,16,27,29,36,40,41,47,50],"damage_taken":[{"damage":1,"enemies":"Cultist","floor":1,"turns":3},{"damage":4,"enemies":"Small Slimes","floor":2,"turns":5},{"damage":3,"enemies":"2 Louse","floor":3,"turns":3},{"damage":0,"enemies":"Looter","floor":5,"turns":3},{"damage":8,"enemies":"Large Slime","floor":8,"turns":5},{"damage":10,"enemies":"3 Sentries","floor":12,"turns":6},{"damage":17,"enemies":"The Guardian","floor":16,"turns":8},{"damage":4,"enemies":"3 Byrds","floor":18,"turns":4},{"damage":2,"enemies":"Chosen","floor":19,"turns":5},{"damage":4,"enemies":"Shelled Parasite and Fungi","floor":21,"turns":5},{"damage":52,"enemies":"Gremlin Leader","floor":23,"turns":6},{"damage":22,"enemies":"Book of Stabbing","floor":27,"turns":6},{"damage":5,"enemies":"Centurion and Healer","floor":28,"turns":6},{"damage":39,"enemies":"Slavers","floor":29,"turns":6},{"damage":22,"enemies":"3 Cultists","floor":31,"turns":5},{"damage":24,"enemies":"Automaton","floor":33,"turns":6},{"damage":10,"enemies":"3 Shapes","floor":35,"turns":5},{"damage":50,"enemies":"Mind Bloom Boss Battle","floor":36,"turns":5},{"damage":29,"enemies":"3 Darklings","floor":38,"turns":5},{"damage":47,"enemies":"Nemesis","floor":40,"turns":7},{"damage":0,"enemies":"Sphere and 2 Shapes","floor":41,"turns":1},{"damage":75,"enemies":"Giant Head","floor":42,"turns":8},{"damage":28,"enemies":"Maw","floor":47,"turns":5},{"damage":24,"enemies":"3 Darklings","floor":48,"turns":6},{"damage":105,"enemies":"Awakened One","floor":50,"turns":10}],"seed_played":"9007456364613814562","potions_obtained":[{"floor":2,"key":"Energy Potion"},{"floor":8,"key":"Explosive Potion"},{"floor":21,"key":"Regen Potion"},{"floor":27,"key":"BloodPotion"},{"floor":31,"key":"DuplicationPotion"},{"floor":33,"key":"CultistPotion"},{"floor":38,"key":"SmokeBomb"},{"floor":42,"key":"BloodPotion"},{"floor":47,"key":"SpeedPotion"}],"is_trial":false,"path_per_floor":["M","M","M","?","M","R","?","M","T","$","R","E","?","?","R","B",null,"M","M","?","M","$","E","R","?","T","E","M","E","$","M","R","B",null,"M","?","?","M","?","E","M","E","T","R","?","R","M","M","R","B"],"character_chosen":"IRONCLAD","items_purchased":["Pear","Thinking Ahead","Lee\u0027s Waffle","Ornamental Fan","True Grit","Dexterity Potion","FearPotion","LiquidBronze","Rupture","Dark Embrace"],"campfire_rested":0,"item_purchase_floors":[0,0,0,0,0,0,0,0,22,30],"current_hp_per_floor":[97,97,97,78,84,84,84,82,82,82,82,78,67,67,67,81,93,95,97,97,97,97,51,51,51,51,50,51,37,37,21,21,28,80,82,59,59,42,66,31,43,47,47,59,59,71,74,62,74,0,0],"gold":300,"neow_bonus":"","is_daily":false,"chose_seed":false,"campfire_upgraded":7,"win_rate":0.0,"timestamp":1608853839,"path_taken":["M","M","?","?","M","R","?","M","T","$","R","E","?","?","R","BOSS","M","?","?","M","$","E","R","?","T","E","M","E","$","M","R","BOSS","M","?","?","M","?","E","M","E","T","R","?","R","M","M","R","BOSS"],"items_purchased_type":["Relic","Card","Relic","Relic","Card","Potion","Potion","Potion","Card","Card"],"build_version":"2020-12-22","purchased_purges":4,"victory":false,"max_hp_per_floor":[97,97,97,97,97,97,97,97,97,97,97,97,97,97,97,97,97,97,97,97,97,97,97,97,97,97,97,97,97,97,97,97,97,97,97,97,97,97,97,97,97,97,97,97,97,97,97,97,97,97,97],"card_choices":[{"not_picked":["Clothesline","Wild Strike"],"picked":"Flame Barrier","floor":1},{"not_picked":["Thunderclap","Iron Wave"],"picked":"Rampage","floor":2},{"not_picked":["Seeing Red","Flex","Clash"],"picked":"SKIP","floor":3},{"not_picked":["Perfected Strike","Rampage"],"picked":"Battle Trance","floor":5},{"not_picked":["Body Slam","Twin Strike","Anger"],"picked":"SKIP","floor":8},{"not_picked":["Havoc","Infernal Blade","Second Wind"],"picked":"SKIP","floor":12},{"not_picked":["Impervious","Exhume"],"picked":"Brutality","floor":16},{"not_picked":["Blood for Blood","Havoc+1"],"picked":"Shrug It Off","floor":18},{"not_picked":["Clothesline","Dropkick+1","True Grit+1"],"picked":"SKIP","floor":19},{"not_picked":["True Grit","Armaments"],"picked":"Burning Pact+1","floor":21},{"not_picked":["Anger","Reckless Charge","Clothesline+1"],"picked":"SKIP","floor":23},{"not_picked":["Anger","Reckless Charge","Clothesline+1"],"picked":"SKIP","floor":23},{"not_picked":["Flex","Clothesline","Ghostly Armor"],"picked":"SKIP","floor":27},{"not_picked":["Headbutt","Thunderclap+1"],"picked":"Rampage","floor":28},{"not_picked":["Exhume","Reaper","Flex"],"picked":"SKIP","floor":29},{"not_picked":["Anger","Hemokinesis","Havoc"],"picked":"SKIP","floor":31},{"not_picked":["Fiend Fire","Corruption"],"picked":"Double Tap","floor":33},{"not_picked":["Headbutt+1","Dark Embrace"],"picked":"Metallicize","floor":35},{"not_picked":["Pommel Strike","Second Wind"],"picked":"Metallicize+1","floor":36},{"not_picked":["Bandage Up","Dark Shackles"],"picked":"Secret Weapon","floor":37},{"not_picked":["Cleave","Heavy Blade","Second Wind"],"picked":"SKIP","floor":38},{"not_picked":["Armaments+1","Berserk","Reckless Charge"],"picked":"SKIP","floor":40},{"not_picked":["Twin Strike","Clash","Entrench+1"],"picked":"SKIP","floor":42},{"not_picked":["Inflame","Searing Blow+1","Pummel+1"],"picked":"SKIP","floor":47},{"not_picked":["Headbutt","Thunderclap+1","Anger"],"picked":"SKIP","floor":48}],"player_experience":394767,"relics_obtained":[{"floor":9,"key":"Pantograph"},{"floor":12,"key":"Gremlin Horn"},{"floor":23,"key":"Shuriken"},{"floor":26,"key":"Kunai"},{"floor":27,"key":"Bronze Scales"},{"floor":29,"key":"Sundial"},{"floor":36,"key":"Ginger"},{"floor":40,"key":"Mercury Hourglass"},{"floor":42,"key":"Eternal Feather"}],"event_choices":[{"damage_healed":0,"gold_gain":0,"player_choice":"Entered Light","damage_taken":19,"max_hp_gain":0,"max_hp_loss":0,"event_name":"Shining Light","floor":4,"gold_loss":0,"cards_upgraded":["Strike_R","Strike_R"]},{"damage_healed":0,"gold_gain":0,"player_choice":"Ignored","damage_taken":0,"max_hp_gain":0,"max_hp_loss":0,"event_name":"Liars Game","floor":7,"gold_loss":0},{"damage_healed":0,"gold_gain":75,"player_choice":"Gather Gold","damage_taken":11,"max_hp_gain":0,"max_hp_loss":0,"event_name":"World of Goop","floor":13,"gold_loss":0},{"cards_removed":["Defend_R"],"damage_healed":0,"gold_gain":0,"player_choice":"Purged","damage_taken":0,"max_hp_gain":0,"max_hp_loss":0,"event_name":"Purifier","floor":14,"gold_loss":0},{"damage_healed":0,"gold_gain":0,"cards_transformed":["Defend_R","Strike_R"],"player_choice":"Became Test Subject","damage_taken":0,"max_hp_gain":0,"max_hp_loss":0,"event_name":"Drug Dealer","floor":20,"gold_loss":0,"cards_obtained":["Infernal Blade","Impervious"]},{"damage_healed":0,"gold_gain":0,"player_choice":"Ignored","damage_taken":0,"max_hp_gain":0,"max_hp_loss":0,"event_name":"Vampires","floor":25,"gold_loss":0},{"damage_healed":0,"gold_gain":0,"player_choice":"Fight","damage_taken":0,"max_hp_gain":0,"max_hp_loss":0,"event_name":"MindBloom","floor":36,"gold_loss":0},{"damage_healed":0,"gold_gain":0,"player_choice":"Memory 1","damage_taken":0,"max_hp_gain":0,"max_hp_loss":0,"event_name":"SensoryStone","floor":37,"gold_loss":0},{"damage_healed":24,"gold_gain":0,"player_choice":"Writhe","damage_taken":0,"max_hp_gain":0,"max_hp_loss":0,"event_name":"Winding Halls","floor":39,"gold_loss":0,"cards_obtained":["Writhe"]},{"cards_removed":["Brutality"],"damage_healed":0,"gold_gain":0,"player_choice":"Removed Power","damage_taken":0,"max_hp_gain":0,"max_hp_loss":0,"event_name":"Falling","floor":45,"gold_loss":0}],"is_beta":false,"boss_relics":[{"not_picked":["Tiny House","Black Star"],"picked":"Mark of Pain"},{"not_picked":["Pandora\u0027s Box","Velvet Choker"],"picked":"Black Blood"}],"items_purged_floors":[0,10,22,30],"is_endless":false,"potions_floor_spawned":[2,8,21,27,31,33,38,41,42,47],"killed_by":"Awakened One","ascension_level":7}}