{"host":"ebb80zukoz08lvke","time":1608791294,"event":{"mods":["2.2 Compatiblity","AchievementEnabler","Act Like it!","BaseMod","Better Altar","Better Note","Better Skull","Colored Powertips","Friendly Minions","Hallownest","Highlight Path","Minty Spire (QoL Compilation)","Prisma Mod","Relic Stats","StSLib","The Bug Knight"],"gold_per_floor":[115,131,131,9,29,29,64,64,88,122,122,148,176,59,59,162,162,172,82,100,112,27,52,52,52,79,96,96,126,138,148,148,245,245,257,268,268,284,10,41,58,86,167,167,167],"floor_reached":44,"playtime":6759,"items_purged":["PrismaMod:ChloeCommonAttack"],"score":526,"play_id":"768b2221-de2c-492c-bd1f-1c0482d0e2fe","local_time":"20201224022814","is_ascension_mode":false,"campfire_choices":[{"data":"PrismaMod:ChloeCaladbolg","floor":6.0,"key":"SMITH"},{"floor":11.0,"key":"REST"},{"floor":15.0,"key":"DIG"},{"floor":25.0,"key":"DIG"},{"floor":28.0,"key":"REST"},{"floor":32.0,"key":"REST"}],"circlet_count":0,"master_deck":["PrismaMod:ChloeCommonAttack+1","PrismaMod:ChloeCommonAttack","PrismaMod:ChloeCommonAttack","PrismaMod:ChloeCommonDefend","PrismaMod:ChloeCommonDefend","PrismaMod:ChloeCommonDefend","PrismaMod:ChloeCommonDefend","PrismaMod:ChloeCommonDefend","PrismaMod:ChloeCheapAttack","PrismaMod:ChloeCheapDefend","PrismaMod:ChloeCaladbolg+1","PrismaMod:ChloeCheapAttackTwo","PrismaMod:ChloeCommonAOEAttack+1","PrismaMod:ChloeCheapDefendTwo","PrismaMod:ChloeRhongomyniad","PrismaMod:ChloeGreatTracePools+1","PrismaMod:ChloeGaeBolg","PrismaMod:ChloeUncommonDefend","PrismaMod:ChloeCarnivalAttack","PrismaMod:ChloeGaeBolg","PrismaMod:ChloeMaid+1","PrismaMod:ChloeCheapDefend+1","PrismaMod:ChloeExcalibur","PrismaMod:ChloeRhongomyniad+1","PrismaMod:ChloeEyeOfTheEuryale","PrismaMod:ChloeMordred","PrismaMod:ChloeAnyUncommonTrace","PrismaMod:ChloeDiscardRecovery","PrismaMod:ChloeExcalibur+1"],"relics":["PrismaMod:PrismaTraceOn","NeowsBlessing","Du-Vu Doll","Shovel","Blood Vial","Omamori","Lantern","Odd Mushroom","Whetstone","Fusion Hammer","CaptainsWheel","Potion Belt","Meat on the Bone","MealTicket","Runic Pyramid","Kunai","Darkstone Periapt","Pantograph","InkBottle"],"acts_visited":["Exordium","TheCity","TheBeyond"],"potions_floor_usage":[41,41,42],"damage_taken":[{"damage":0.0,"enemies":"Jaw Worm","floor":1.0,"turns":1.0},{"damage":0.0,"enemies":"Cultist","floor":2.0,"turns":1.0},{"damage":0.0,"enemies":"2 Louse","floor":5.0,"turns":1.0},{"damage":28.0,"enemies":"Gremlin Nob","floor":7.0,"turns":5.0},{"damage":9.0,"enemies":"3 Sentries","floor":10.0,"turns":6.0},{"damage":6.0,"enemies":"HollowMod:MossKnight","floor":12.0,"turns":8.0},{"damage":1.0,"enemies":"The Mushroom Lair","floor":13.0,"turns":3.0},{"damage":26.0,"enemies":"The Guardian","floor":16.0,"turns":10.0},{"damage":3.0,"enemies":"Chosen","floor":18.0,"turns":5.0},{"damage":26.0,"enemies":"2 Thieves","floor":20.0,"turns":4.0},{"damage":0.0,"enemies":"3 Cultists","floor":21.0,"turns":3.0},{"damage":9.0,"enemies":"Book of Stabbing","floor":23.0,"turns":5.0},{"damage":6.0,"enemies":"Cultist and Chosen","floor":27.0,"turns":7.0},{"damage":11.0,"enemies":"HollowMod:Nosk","floor":29.0,"turns":7.0},{"damage":0.0,"enemies":"Chosen and Byrds","floor":30.0,"turns":4.0},{"damage":6.0,"enemies":"3 Cultists","floor":31.0,"turns":5.0},{"damage":9.0,"enemies":"Automaton","floor":33.0,"turns":6.0},{"damage":18.0,"enemies":"3 Darklings","floor":35.0,"turns":5.0},{"damage":9.0,"enemies":"3 Shapes","floor":36.0,"turns":3.0},{"damage":0.0,"enemies":"Maw","floor":38.0,"turns":7.0},{"damage":32.0,"enemies":"HollowMod:StalkingDevout","floor":40.0,"turns":6.0},{"damage":0,"enemies":"Jaw Worm Horde","floor":41,"turns":1},{"damage":34,"enemies":"Reptomancer","floor":42,"turns":5},{"damage":110,"enemies":"Giant Head","floor":44,"turns":8}],"seed_played":"9094077735480372163","potions_obtained":[{"floor":1.0,"key":"SkillPotion"},{"floor":7.0,"key":"FearPotion"},{"floor":10.0,"key":"Explosive Potion"},{"floor":12.0,"key":"Block Potion"},{"floor":21.0,"key":"Dexterity Potion"},{"floor":23.0,"key":"Strength Potion"},{"floor":27.0,"key":"PowerPotion"},{"floor":29.0,"key":"SteroidPotion"},{"floor":31.0,"key":"DistilledChaos"},{"floor":41,"key":"Swift Potion"},{"floor":42,"key":"CultistPotion"}],"is_trial":false,"path_per_floor":["M","M","?","$","M","R","E","T","T","E","R","E","?","$","R","B",null,"M","?","M","M","?","E","$","R","T","M","R","E","M","M","R","B",null,"M","M","?","M","$","E","M","E","T","E"],"character_chosen":"CHLOE","items_purchased":["PrismaMod:ChloeCommonAOEAttack","PrismaMod:ChloeGaeBolg","PrismaMod:ChloeUncommonDefend","Kunai","PrismaMod:ChloeDiscardRecovery"],"campfire_rested":3,"item_purchase_floors":[4,14,14,39,39],"current_hp_per_floor":[75,75,75,75,75,75,47,47,47,40,62,58,59,59,59,35,75,72,72,48,50,50,43,43,43,43,39,61,52,54,52,74,66,75,57,50,50,52,67,49,51,31,31,0,0],"gold":167,"neow_bonus":"THREE_ENEMY_KILL","is_daily":false,"chose_seed":false,"campfire_upgraded":1,"win_rate":0.0,"timestamp":1608791294,"path_taken":["M","M","?","?","?","R","E","?","T","E","R","E","?","?","R","BOSS","M","?","?","M","?","E","?","R","T","M","R","E","M","M","R","BOSS","M","M","?","M","$","E","M","E","T","E"],"items_purchased_type":["Card","Card","Card","Relic","Card"],"build_version":"2020-12-22","purchased_purges":1,"victory":false,"max_hp_per_floor":[75,75,75,75,75,75,75,75,75,75,75,75,75,75,75,75,75,75,75,75,75,75,75,75,75,75,75,75,75,75,75,75,75,75,75,75,75,75,75,75,75,75,75,75,75],"relic_stats":{"Blood Vial":35,"Darkstone Periapt":0,"Shovel":2,"counters":[24,116],"Pantograph":0,"MealTicket":15,"Whetstone":["PrismaMod:ChloeCommonAttack","PrismaMod:ChloeCommonAOEAttack"],"Kunai":[11],"obtain_stats":[{"Potion Belt":23,"Darkstone Periapt":40,"Lantern":12,"NeowsBlessing":0,"Omamori":10,"Whetstone":15,"Odd Mushroom":13,"PrismaMod:PrismaTraceOn":0,"Du-Vu Doll":7,"Blood Vial":9,"CaptainsWheel":22,"Shovel":8,"Pantograph":42,"MealTicket":29,"Fusion Hammer":17,"Kunai":39,"InkBottle":43,"Meat on the Bone":25,"Runic Pyramid":34},{"Potion Belt":12,"Darkstone Periapt":21,"Lantern":6,"NeowsBlessing":0,"Omamori":5,"Whetstone":7,"Odd Mushroom":7,"PrismaMod:PrismaTraceOn":0,"Du-Vu Doll":4,"Blood Vial":4,"CaptainsWheel":11,"Shovel":4,"Pantograph":23,"MealTicket":14,"Fusion Hammer":8,"Kunai":20,"InkBottle":23,"Meat on the Bone":12,"Runic Pyramid":17},{"Potion Belt":52,"Darkstone Periapt":102,"Lantern":22,"NeowsBlessing":0,"Omamori":14,"Whetstone":25,"Odd Mushroom":25,"PrismaMod:PrismaTraceOn":0,"Du-Vu Doll":8,"Blood Vial":8,"CaptainsWheel":47,"Shovel":8,"Pantograph":108,"MealTicket":66,"Fusion Hammer":35,"Kunai":96,"InkBottle":108,"Meat on the Bone":52,"Runic Pyramid":81}],"InkBottle":[4],"Meat on the Bone":24},"card_choices":[{"not_picked":["PrismaMod:ChloeRuleBreaker","PrismaMod:ChloeCommonAOEAttack"],"picked":"PrismaMod:ChloeCaladbolg","floor":1.0},{"not_picked":["PrismaMod:ChloeExhaustOne","PrismaMod:ChloeCheapAttack"],"picked":"PrismaMod:ChloeCheapAttackTwo","floor":2.0},{"not_picked":["PrismaMod:ChloeCommonAOEAttack","PrismaMod:ChloeDiscardRecovery"],"picked":"PrismaMod:ChloeCheapDefendTwo","floor":5.0},{"not_picked":["PrismaMod:ChloeExhaustOne","PrismaMod:ChloeDiscardRecovery"],"picked":"PrismaMod:ChloeRhongomyniad","floor":7.0},{"not_picked":["PrismaMod:ChloeCheapAttackTwo","PrismaMod:ChloeMordred"],"picked":"PrismaMod:ChloeGreatTracePools","floor":10.0},{"not_picked":["PrismaMod:ChloeCheapDefend","PrismaMod:ChloeUncommonAttack","PrismaMod:ChloeCheapAttackTwo"],"picked":"SKIP","floor":12.0},{"not_picked":["PrismaMod:ChloeReshuffleDiscard","PrismaMod:ChloeAnyUncommonTrace"],"picked":"PrismaMod:ChloeCarnivalAttack","floor":16.0},{"not_picked":["PrismaMod:ChloeUncommonAttack","PrismaMod:ChloeCheapDefend"],"picked":"PrismaMod:ChloeGaeBolg","floor":18.0},{"not_picked":["PrismaMod:ChloeChristmas","PrismaMod:ChloeCommonAOEAttack"],"picked":"PrismaMod:ChloeMaid+1","floor":20.0},{"not_picked":["PrismaMod:ChloeRhongomyniad","PrismaMod:ChloeUncommonAOEAttack"],"picked":"PrismaMod:ChloeCheapDefend+1","floor":21.0},{"not_picked":["PrismaMod:ChloeCommonAOEAttack+1","PrismaMod:ChloeMordred"],"picked":"PrismaMod:ChloeExcalibur","floor":23.0},{"not_picked":["PrismaMod:ChloeUncommonAttack","PrismaMod:ChloeDiscardRecovery"],"picked":"PrismaMod:ChloeRhongomyniad+1","floor":27.0},{"not_picked":["PrismaMod:ChloeExhaustThree","PrismaMod:ChloeRhongomyniad"],"picked":"PrismaMod:ChloeEyeOfTheEuryale","floor":29.0},{"not_picked":["PrismaMod:ChloeCheapAttack","PrismaMod:ChloeUncommonAOEAttack","PrismaMod:ChloeCommonAOEAttack"],"picked":"SKIP","floor":30.0},{"not_picked":["PrismaMod:ChloeRitsuka","PrismaMod:ChloeCheapAttack"],"picked":"PrismaMod:ChloeMordred","floor":31.0},{"not_picked":["PrismaMod:ChloeCarnivalAOEAttack","PrismaMod:ChloeHalloween"],"picked":"PrismaMod:ChloeAnyUncommonTrace","floor":33.0},{"not_picked":["PrismaMod:ChloeRitsuka","PrismaMod:ChloeCheapDefendTwo","PrismaMod:ChloeDiscardRecovery+1"],"picked":"SKIP","floor":35.0},{"not_picked":["PrismaMod:ChloeExhaustOne","PrismaMod:ChloeCheapAttack+1","PrismaMod:ChloeUncommonAOEAttack"],"picked":"SKIP","floor":36.0},{"not_picked":["PrismaMod:ChloeCheapAttackTwo+1","PrismaMod:ChloeCheapAttack","PrismaMod:ChloeAnyCommonTrace"],"picked":"SKIP","floor":38.0},{"not_picked":["PrismaMod:ChloeDiscardRecovery","PrismaMod:ChloeBetterTracePools"],"picked":"PrismaMod:ChloeExcalibur+1","floor":40.0},{"not_picked":["PrismaMod:ChloeRhongomyniad+1","PrismaMod:ChloeCheapDefendTwo","PrismaMod:ChloeCheapDefend+1"],"picked":"SKIP","floor":41},{"not_picked":["PrismaMod:ChloeUncommonAOEAttack","PrismaMod:ChloeDiscardRecovery","PrismaMod:ChloeExhaustOne+1"],"picked":"SKIP","floor":42}],"player_experience":127126,"relics_obtained":[{"floor":7.0,"key":"Du-Vu Doll"},{"floor":8.0,"key":"Shovel"},{"floor":9.0,"key":"Blood Vial"},{"floor":10.0,"key":"Omamori"},{"floor":12.0,"key":"Lantern"},{"floor":13.0,"key":"Odd Mushroom"},{"floor":15.0,"key":"Whetstone"},{"floor":23.0,"key":"Potion Belt"},{"floor":25.0,"key":"Meat on the Bone"},{"floor":29.0,"key":"MealTicket"},{"floor":40.0,"key":"Darkstone Periapt"},{"floor":42,"key":"Pantograph"},{"floor":43,"key":"InkBottle"}],"event_choices":[{"cards_removed":["PrismaMod:ChloeCommonAttack"],"damage_healed":0.0,"max_hp_gain":0.0,"max_hp_loss":0.0,"gold_gain":0.0,"event_name":"betterNote:BetterNote","player_choice":"Give","floor":3.0,"gold_loss":0.0,"damage_taken":0.0,"cards_obtained":["None"]},{"damage_healed":0.0,"max_hp_gain":0.0,"max_hp_loss":0.0,"gold_gain":0.0,"event_name":"Mushrooms","player_choice":"Fought Mushrooms","floor":13.0,"gold_loss":0.0,"damage_taken":0.0},{"cards_removed":["PrismaMod:ChloeCommonAttack"],"damage_healed":0.0,"max_hp_gain":0.0,"max_hp_loss":0.0,"gold_gain":0.0,"event_name":"Designer","player_choice":"Upgrade and Remove","floor":19.0,"gold_loss":90.0,"damage_taken":0.0,"cards_upgraded":["PrismaMod:ChloeGreatTracePools"]},{"damage_healed":0.0,"max_hp_gain":0.0,"max_hp_loss":0.0,"gold_gain":0.0,"event_name":"Addict","player_choice":"Obtained Relic","floor":22.0,"gold_loss":85.0,"damage_taken":0.0,"relics_obtained":["CaptainsWheel"]},{"damage_healed":0.0,"max_hp_gain":0.0,"max_hp_loss":0.0,"gold_gain":0.0,"event_name":"Mysterious Sphere","player_choice":"Ignored","floor":37.0,"gold_loss":0.0,"damage_taken":0.0}],"is_beta":false,"boss_relics":[{"not_picked":["Cursed Key","Snecko Eye"],"picked":"Fusion Hammer"},{"not_picked":["Black Star","Sozu"],"picked":"Runic Pyramid"}],"items_purged_floors":[4],"is_endless":false,"potions_floor_spawned":[1,7,10,12,21,23,27,29,31,41,42],"killed_by":"Giant Head","ascension_level":0}}