{"host":"e4wnmsyty9uvvtwf","time":1608815001,"event":{"mods":["Aspiration","BaseMod","Colored Map","Colored Powertips","Marisa£®ÏF”Í°°ƒß¿Ì…≥£©","Minty Spire (QoL Compilation)","Rare Cards Sparkle","Replay The Spire","StSLib"],"gold_per_floor":[117,128,108,123,48,48,58,58,83,83,33,56,56,64,64],"floor_reached":14,"playtime":328,"items_purged":[],"score":152,"play_id":"74e45278-24a8-422f-8708-6e7598e01d88","local_time":"20201224210321","is_ascension_mode":true,"campfire_choices":[{"data":"Neutralize","floor":6,"key":"SMITH"},{"data":"ReplayTheSpireMod:System Scan","floor":8,"key":"SMITH"},{"data":"Gash","floor":10,"key":"SMITH"},{"data":"Stack","floor":13,"key":"SMITH"}],"circlet_count":0,"master_deck":["AscendersBane","Strike_G","Strike_G","Strike_G","Strike_G","Defend_G","Defend_G","Defend_G","Defend_G","Defend_G","Survivor","Neutralize+1","Gash+1","Prepared","ReplayTheSpireMod:System Scan+1","Flying Knee","Stack+1"],"relics":["Ring of the Snake","aspiration:Nostalgia","m_SpellCore","Replay:Bandana"],"acts_visited":[],"potions_floor_usage":[14],"damage_taken":[{"damage":12,"enemies":"Jaw Worm","floor":1,"turns":5},{"damage":0,"enemies":"Cultist","floor":2,"turns":4},{"damage":0,"enemies":"2 Louse","floor":4,"turns":2},{"damage":1,"enemies":"Looter","floor":7,"turns":4},{"damage":11,"enemies":"Exordium Thugs","floor":12,"turns":6},{"damage":44,"enemies":"Lagavulin","floor":14,"turns":9}],"seed_played":"-1321452121031642881","potions_obtained":[{"floor":3,"key":"Energy Potion"},{"floor":4,"key":"BlessingOfTheForge"}],"is_trial":false,"path_per_floor":["M","M","?","M","?","R","M","R","T","R","$","M","R","E"],"character_chosen":"THE_SILENT","items_purchased":["Flying Knee"],"campfire_rested":0,"item_purchase_floors":[11],"current_hp_per_floor":[47,47,47,47,47,47,46,46,46,46,46,35,35,0,0],"gold":64,"neow_bonus":"NOSTALGIA","is_daily":false,"chose_seed":false,"campfire_upgraded":4,"win_rate":0.0,"timestamp":1608815001,"path_taken":["M","M","?","?","?","R","M","R","T","R","?","?","R","E"],"items_purchased_type":["Card"],"build_version":"2020-12-22","purchased_purges":0,"victory":false,"max_hp_per_floor":[66,66,66,66,66,66,66,66,66,66,66,66,66,66,66],"card_choices":[{"not_picked":["ReplayTheSpireMod:GoodbyeWorld","ReplayTheSpireMod:Shiv Toss"],"picked":"Gash","floor":1},{"not_picked":["Bane","Turbo"],"picked":"Prepared","floor":2},{"not_picked":["Quick Slash","Stack","Hidden Blade"],"picked":"SKIP","floor":4},{"not_picked":["PiercingWail","Recycle"],"picked":"ReplayTheSpireMod:System Scan","floor":7},{"not_picked":["Streamline","Quick Slash"],"picked":"Stack","floor":12}],"player_experience":640544,"relics_obtained":[{"floor":9,"key":"Replay:Bandana"}],"event_choices":[{"damage_healed":0,"gold_gain":0,"player_choice":"Bought 1 Potion","damage_taken":0,"max_hp_gain":0,"max_hp_loss":0,"event_name":"The Woman in Blue","floor":3,"gold_loss":0},{"cards_removed":["Strike_G"],"damage_healed":0,"gold_gain":0,"player_choice":"Card Removal","damage_taken":0,"max_hp_gain":0,"max_hp_loss":0,"event_name":"The Cleric","floor":5,"gold_loss":75}],"is_beta":false,"boss_relics":[],"items_purged_floors":[],"is_endless":false,"potions_floor_spawned":[4],"killed_by":"Lagavulin","ascension_level":18}}