{"host":"vlqejv0notyktumz","time":1608840547,"event":{"mods":["AchievementEnabler","BaseMod","Googly Eyes","Minty Spire (QoL Compilation)"],"gold_per_floor":[110,35,35,53,63,63,73,101,101,134,134,150,150,163,163,267,267,267,267,267,267,267,267,16,16,16,16,16,16,16,16,16,16,16,16,16,16,16,16,16,16,16,16,16,16,16,16,16,16,16,16],"floor_reached":50,"playtime":2123,"items_purged":["Strike_G","Defend_G"],"score":689,"play_id":"67829d8b-cd0c-4ad3-9e89-8f9110be2455","local_time":"20201224140907","is_ascension_mode":true,"campfire_choices":[{"data":"Poisoned Stab","floor":6,"key":"SMITH"},{"floor":11,"key":"REST"},{"floor":15,"key":"REST"},{"data":"Backflip","floor":27,"key":"SMITH"},{"data":"Adrenaline","floor":29,"key":"SMITH"},{"floor":32,"key":"REST"},{"data":"Survivor","floor":41,"key":"SMITH"},{"data":"Neutralize","floor":44,"key":"SMITH"},{"data":"Bouncing Flask","floor":49,"key":"SMITH"}],"circlet_count":0,"master_deck":["Strike_G","Strike_G","Defend_G","Defend_G","Defend_G+1","Survivor+1","Crippling Poison+1","Neutralize+1","Heel Hook","Poisoned Stab+1","Poisoned Stab","Deadly Poison","Infinite Blades","Adrenaline+1","Backflip+1","After Image","Noxious Fumes","Bouncing Flask+1"],"relics":["Ring of the Snake","NeowsBlessing","Toy Ornithopter","Juzu Bracelet","Kunai","Matryoshka","Ectoplasm","Regal Pillow","Question Card","Blood Vial","Anchor","War Paint","Empty Cage","Ginger","Frozen Egg 2","Mercury Hourglass","Eternal Feather","Art of War"],"acts_visited":["Exordium","TheCity","TheBeyond"],"potions_floor_usage":[8,8,16,33,33,40,46],"damage_taken":[{"damage":0,"enemies":"Small Slimes","floor":1,"turns":1},{"damage":0,"enemies":"Cultist","floor":4,"turns":1},{"damage":0,"enemies":"Jaw Worm","floor":5,"turns":1},{"damage":10,"enemies":"Red Slaver","floor":7,"turns":5},{"damage":6,"enemies":"Lagavulin","floor":8,"turns":6},{"damage":14,"enemies":"Gremlin Nob","floor":10,"turns":4},{"damage":31,"enemies":"Exordium Thugs","floor":12,"turns":4},{"damage":5,"enemies":"3 Louse","floor":14,"turns":3},{"damage":5,"enemies":"Hexaghost","floor":16,"turns":9},{"damage":0,"enemies":"Shell Parasite","floor":18,"turns":5},{"damage":0,"enemies":"Spheric Guardian","floor":19,"turns":3},{"damage":26,"enemies":"Snake Plant","floor":20,"turns":6},{"damage":5,"enemies":"Centurion and Healer","floor":23,"turns":7},{"damage":0,"enemies":"Chosen and Byrds","floor":25,"turns":6},{"damage":3,"enemies":"Snake Plant","floor":30,"turns":4},{"damage":17,"enemies":"3 Cultists","floor":31,"turns":6},{"damage":26,"enemies":"Automaton","floor":33,"turns":14},{"damage":0,"enemies":"Orb Walker","floor":35,"turns":4},{"damage":0,"enemies":"3 Shapes","floor":38,"turns":5},{"damage":2,"enemies":"Mind Bloom Boss Battle","floor":39,"turns":7},{"damage":25,"enemies":"Nemesis","floor":40,"turns":9},{"damage":32,"enemies":"Giant Head","floor":46,"turns":10},{"damage":62,"enemies":"Donu and Deca","floor":50,"turns":6}],"seed_played":"-2342143710183562956","potions_obtained":[{"floor":5,"key":"Explosive Potion"},{"floor":7,"key":"Explosive Potion"},{"floor":10,"key":"SpeedPotion"},{"floor":14,"key":"Block Potion"},{"floor":18,"key":"GamblersBrew"},{"floor":30,"key":"ColorlessPotion"},{"floor":39,"key":"ColorlessPotion"}],"is_trial":false,"path_per_floor":["M","$","?","M","M","R","M","E","T","E","R","M","T","M","R","B",null,"M","M","M","?","?","M","$","M","T","R","T","R","M","M","R","B",null,"M","?","?","M","?","E","R","?","T","R","?","E","?","T","R","B"],"character_chosen":"THE_SILENT","items_purchased":["Regal Pillow"],"campfire_rested":3,"item_purchase_floors":[24],"current_hp_per_floor":[63,63,63,63,63,63,53,47,47,33,54,23,23,18,39,39,62,62,62,36,36,36,31,31,31,31,31,31,31,30,15,51,37,62,64,64,64,66,64,46,46,46,46,46,46,21,58,58,58,0,0],"gold":16,"neow_bonus":"THREE_ENEMY_KILL","is_daily":false,"chose_seed":false,"campfire_upgraded":6,"win_rate":0.0,"timestamp":1608840547,"path_taken":["M","$","?","?","M","R","M","E","T","E","R","M","?","M","R","BOSS","M","M","M","?","?","M","?","M","T","R","?","R","M","M","R","BOSS","M","?","?","M","?","E","R","?","T","R","?","E","?","?","R","BOSS"],"items_purchased_type":["Relic"],"build_version":"2020-12-22","purchased_purges":2,"victory":false,"max_hp_per_floor":[70,70,70,70,70,70,70,70,70,70,70,70,70,70,70,70,70,70,70,70,70,70,70,70,70,70,70,70,70,70,70,70,70,70,70,70,66,66,66,66,66,66,66,66,66,66,58,58,58,58,58],"card_choices":[{"not_picked":["Outmaneuver","Acrobatics"],"picked":"Crippling Poison","floor":1},{"not_picked":["Tactician","Flying Knee","Blade Dance"],"picked":"SKIP","floor":4},{"not_picked":["Dash","PiercingWail"],"picked":"Poisoned Stab","floor":5},{"not_picked":["Quick Slash","Blade Dance"],"picked":"Poisoned Stab","floor":7},{"not_picked":["Bane","Choke","Dagger Throw"],"picked":"SKIP","floor":8},{"not_picked":["Distraction","Outmaneuver"],"picked":"Deadly Poison","floor":10},{"not_picked":["Crippling Poison","Caltrops"],"picked":"Infinite Blades","floor":12},{"not_picked":["Backstab","Crippling Poison","Flying Knee"],"picked":"SKIP","floor":14},{"not_picked":["Grand Finale","Burst"],"picked":"Adrenaline","floor":16},{"not_picked":["Bane","Terror","Outmaneuver"],"picked":"SKIP","floor":18},{"not_picked":["Deflect","Flechettes"],"picked":"Backflip","floor":19},{"not_picked":["Poisoned Stab","Dagger Spray+1","Dagger Throw"],"picked":"SKIP","floor":20},{"not_picked":["Underhanded Strike","Finisher","Tools of the Trade"],"picked":"SKIP","floor":23},{"not_picked":["Dagger Throw","Calculated Gamble","Dodge and Roll"],"picked":"SKIP","floor":25},{"not_picked":["Slice","Deflect","Expertise","Outmaneuver+1"],"picked":"SKIP","floor":30},{"not_picked":["Dodge and Roll","PiercingWail","Backflip","Caltrops"],"picked":"SKIP","floor":31},{"not_picked":["Burst","Envenom","Venomology"],"picked":"After Image","floor":33},{"not_picked":["Prepared","Flying Knee+1","Expertise"],"picked":"Noxious Fumes","floor":35},{"not_picked":["Backflip+1","Reflex+1","Dagger Spray+1","Acrobatics+1"],"picked":"SKIP","floor":38},{"not_picked":["Underhanded Strike+1","Cloak And Dagger","Skewer","Outmaneuver"],"picked":"SKIP","floor":40},{"not_picked":["Catalyst+1","Concentrate+1","Acrobatics"],"picked":"Bouncing Flask","floor":46}],"player_experience":268944,"relics_obtained":[{"floor":8,"key":"Toy Ornithopter"},{"floor":9,"key":"Juzu Bracelet"},{"floor":10,"key":"Kunai"},{"floor":13,"key":"Matryoshka"},{"floor":26,"key":"Question Card"},{"floor":26,"key":"Blood Vial"},{"floor":28,"key":"Anchor"},{"floor":28,"key":"War Paint"},{"floor":39,"key":"Ginger"},{"floor":40,"key":"Frozen Egg 2"},{"floor":43,"key":"Mercury Hourglass"},{"floor":46,"key":"Eternal Feather"},{"floor":48,"key":"Art of War"}],"event_choices":[{"damage_healed":0,"gold_gain":0,"player_choice":"2 cards matched","damage_taken":0,"max_hp_gain":0,"max_hp_loss":0,"event_name":"Match and Keep!","floor":3,"gold_loss":0,"cards_obtained":["Neutralize","Heel Hook"]},{"damage_healed":0,"gold_gain":0,"player_choice":"Ignored","damage_taken":0,"max_hp_gain":0,"max_hp_loss":0,"event_name":"N\u0027loth","floor":21,"gold_loss":0},{"cards_removed":["Strike_G"],"damage_healed":0,"gold_gain":0,"player_choice":"Offered Basic","damage_taken":0,"max_hp_gain":0,"max_hp_loss":0,"event_name":"Bonfire Elementals","floor":22,"gold_loss":0},{"damage_healed":0,"gold_gain":0,"player_choice":"Memory 1","damage_taken":0,"max_hp_gain":0,"max_hp_loss":0,"event_name":"SensoryStone","floor":36,"gold_loss":0},{"damage_healed":0,"gold_gain":0,"player_choice":"Max HP","damage_taken":0,"max_hp_gain":0,"max_hp_loss":4,"event_name":"Winding Halls","floor":37,"gold_loss":0},{"damage_healed":0,"gold_gain":0,"player_choice":"Fight","damage_taken":0,"max_hp_gain":0,"max_hp_loss":0,"event_name":"MindBloom","floor":39,"gold_loss":0},{"damage_healed":0,"gold_gain":0,"player_choice":"Forge","damage_taken":0,"max_hp_gain":0,"max_hp_loss":0,"event_name":"Accursed Blacksmith","floor":42,"gold_loss":0,"cards_upgraded":["Neutralize"]},{"cards_removed":["Neutralize"],"damage_healed":0,"gold_gain":0,"player_choice":"Removed Attack","damage_taken":0,"max_hp_gain":0,"max_hp_loss":0,"event_name":"Falling","floor":45,"gold_loss":0},{"damage_healed":58,"gold_gain":0,"player_choice":"Heal","damage_taken":0,"max_hp_gain":0,"max_hp_loss":8,"event_name":"The Moai Head","floor":47,"gold_loss":0}],"is_beta":false,"boss_relics":[{"not_picked":["Coffee Dripper","Snecko Eye"],"picked":"Ectoplasm"},{"not_picked":["Pandora\u0027s Box","Philosopher\u0027s Stone"],"picked":"Empty Cage"}],"items_purged_floors":[2,24],"is_endless":false,"potions_floor_spawned":[5,7,10,14,18,30,31,39],"killed_by":"Donu and Deca","ascension_level":7}}