{"host":"foq4mrde4mssg7vt","time":1608789100,"event":{"mods":["AchievementEnabler","BaseMod","Colored Map","Colored Powertips","Highlight Path","Minty Spire (QoL Compilation)","Relic Stats","everything is the same but u backflip on backflip"],"gold_per_floor":[112,112,126,201,4,4,39,39,93,118,118,137,137,172,172,302,302,320,363,363,363,375,375,385,405,450,464,364,364,380,480,480,584,584,602,602,621,51,51,76,76,109,133,133,153,188,36,65,65,65,65,65,65,91,91,91],"floor_reached":55,"playtime":3493,"items_purged":["Strike_G","A Thousand Cuts","Distraction"],"score":1236,"play_id":"808cddfe-a0f1-432d-b67f-acb814c8e00c","local_time":"20201224135140","is_ascension_mode":true,"campfire_choices":[{"data":"Neutralize","floor":6,"key":"SMITH"},{"floor":8,"key":"REST"},{"data":"Acrobatics","floor":11,"key":"SMITH"},{"data":"Poisoned Stab","floor":13,"key":"SMITH"},{"data":"Footwork","floor":15,"key":"SMITH"},{"floor":23,"key":"REST"},{"data":"After Image","floor":32,"key":"SMITH"},{"data":"Leg Sweep","floor":41,"key":"SMITH"},{"data":"Backflip","floor":44,"key":"SMITH"},{"floor":49,"key":"RECALL"},{"data":"Burst","floor":52,"key":"SMITH"}],"circlet_count":0,"master_deck":["AscendersBane","Survivor","Neutralize+1","Riddle With Holes","Backstab","Quick Slash","Poisoned Stab+1","Acrobatics+1","A Thousand Cuts","Footwork+1","Cloak And Dagger","Malaise","Choke","After Image+1","Crippling Poison","Glass Knife","Acrobatics","Leg Sweep+1","Deadly Poison","Blur","Heel Hook","Deflect","Noxious Fumes+1","Burst+1","Backflip+1","Bouncing Flask","Dodge and Roll+1"],"relics":["Philosopher\u0027s Stone","Bloody Idol","Shovel","Anchor","Blue Candle","Pandora\u0027s Box","Red Mask","Bag of Marbles","Pear","WingedGreaves","Pantograph","Coffee Dripper","MealTicket","CaptainsWheel","Gremlin Horn","White Beast Statue","Regal Pillow","ClockworkSouvenir","Nunchaku","Mercury Hourglass"],"acts_visited":["Exordium","TheCity","TheBeyond","TheEnding"],"potions_floor_usage":[16,18,19,31,31,50,55,55],"damage_taken":[{"damage":8,"enemies":"Small Slimes","floor":1,"turns":5},{"damage":4,"enemies":"Jaw Worm","floor":3,"turns":4},{"damage":18,"enemies":"3 Sentries","floor":7,"turns":7},{"damage":0,"enemies":"Cultist","floor":10,"turns":3},{"damage":0,"enemies":"Red Slaver","floor":12,"turns":2},{"damage":9,"enemies":"Lagavulin","floor":14,"turns":8},{"damage":7,"enemies":"Hexaghost","floor":16,"turns":12},{"damage":2,"enemies":"2 Thieves","floor":18,"turns":4},{"damage":27,"enemies":"Masked Bandits","floor":19,"turns":4},{"damage":12,"enemies":"Spheric Guardian","floor":22,"turns":4},{"damage":18,"enemies":"Shelled Parasite and Fungi","floor":24,"turns":7},{"damage":5,"enemies":"Snecko","floor":25,"turns":7},{"damage":9,"enemies":"Centurion and Healer","floor":27,"turns":7},{"damage":2,"enemies":"Cultist and Chosen","floor":30,"turns":8},{"damage":0,"enemies":"Colosseum Slavers","floor":31,"turns":6},{"damage":27,"enemies":"Colosseum Nobs","floor":31,"turns":5},{"damage":14,"enemies":"Automaton","floor":33,"turns":10},{"damage":0,"enemies":"Orb Walker","floor":35,"turns":3},{"damage":7,"enemies":"3 Darklings","floor":37,"turns":6},{"damage":28,"enemies":"Giant Head","floor":40,"turns":10},{"damage":9,"enemies":"Nemesis","floor":42,"turns":9},{"damage":2,"enemies":"Spire Growth","floor":45,"turns":6},{"damage":12,"enemies":"Reptomancer","floor":46,"turns":8},{"damage":19,"enemies":"Nemesis","floor":48,"turns":8},{"damage":87,"enemies":"Time Eater","floor":50,"turns":15},{"damage":27,"enemies":"Shield and Spear","floor":54,"turns":8},{"damage":86,"enemies":"The Heart","floor":55,"turns":12}],"seed_played":"5024918303501203076","potions_obtained":[{"floor":3,"key":"Weak Potion"},{"floor":16,"key":"SkillPotion"},{"floor":24,"key":"SkillPotion"},{"floor":27,"key":"SneckoOil"},{"floor":31,"key":"FearPotion"},{"floor":45,"key":"DistilledChaos"},{"floor":46,"key":"DuplicationPotion"},{"floor":48,"key":"Regen Potion"},{"floor":54,"key":"DistilledChaos"}],"is_trial":false,"path_per_floor":["M","?","M","?","$","R","E","R","T","M","R","M","R","E","R","B",null,"M","?","?","?","M","R","M","M","T","M","$","T","M","?","R","B",null,"M","?","M","$","?","E","R","E","T","R","M","E","$","E","R","B",null,"R","$","E","B"],"character_chosen":"THE_SILENT","items_purchased":["Quick Slash","Poisoned Stab","Fire Potion","MealTicket","CaptainsWheel","ClockworkSouvenir"],"campfire_rested":2,"item_purchase_floors":[5,5,5,38,38,47],"current_hp_per_floor":[55,55,51,40,40,40,22,41,41,41,41,41,41,32,32,25,55,53,26,26,26,19,38,25,25,30,26,26,36,39,17,17,33,65,70,85,83,83,83,60,60,56,61,61,64,57,72,58,58,11,67,67,82,60,0,0],"gold":91,"neow_bonus":"BOSS_RELIC","is_daily":false,"chose_seed":false,"campfire_upgraded":8,"win_rate":0.0,"timestamp":1608789100,"path_taken":["M","?","M","?","?","R","E","R","T","?","R","M","R","E","R","BOSS","M","?","?","?","M","R","M","M","T","M","$","?","M","?","R","BOSS","M","?","?","$","?","E","R","E","T","R","?","E","?","E","R","BOSS","R","$","E","BOSS"],"items_purchased_type":["Card","Card","Potion","Relic","Relic","Relic"],"build_version":"2020-12-22","purchased_purges":3,"victory":false,"max_hp_per_floor":[70,65,65,65,65,65,65,65,65,65,65,65,65,65,65,65,65,65,65,65,65,65,65,65,65,65,65,65,75,75,75,75,75,75,75,85,85,85,85,85,85,85,85,85,85,85,85,85,85,85,85,85,85,85,85,85],"relic_stats":{"Regal Pillow":0,"Nunchaku":[5],"Shovel":0,"Gremlin Horn":[5,5],"counters":[27,188],"Bloody Idol":85,"Blue Candle":[0],"Pantograph":75,"Pandora\u0027s Box":["Choke","After Image","Crippling Poison","Distraction","Glass Knife","Acrobatics","Leg Sweep","A Thousand Cuts","Storm of Steel"],"MealTicket":30,"obtain_stats":[{"Regal Pillow":46,"Pear":29,"Gremlin Horn":39,"Golden Idol":2,"Blue Candle":14,"White Beast Statue":42,"ClockworkSouvenir":47,"Mercury Hourglass":54,"Anchor":9,"CaptainsWheel":38,"Nunchaku":48,"Shovel":7,"Bloody Idol":20,"Pantograph":31,"Philosopher\u0027s Stone":0,"Pandora\u0027s Box":17,"MealTicket":38,"WingedGreaves":31,"Red Mask":19,"Bag of Marbles":26,"Coffee Dripper":34,"Ring of the Snake":0},{"Regal Pillow":23,"Pear":13,"Gremlin Horn":19,"Golden Idol":1,"Blue Candle":6,"White Beast Statue":21,"ClockworkSouvenir":23,"Mercury Hourglass":26,"Anchor":3,"CaptainsWheel":19,"Nunchaku":24,"Shovel":3,"Bloody Idol":9,"Pantograph":16,"Philosopher\u0027s Stone":0,"Pandora\u0027s Box":7,"MealTicket":19,"WingedGreaves":16,"Red Mask":9,"Bag of Marbles":12,"Coffee Dripper":17,"Ring of the Snake":0},{"Regal Pillow":145,"Pear":74,"Gremlin Horn":112,"Golden Idol":5,"Blue Candle":29,"White Beast Statue":131,"ClockworkSouvenir":145,"Mercury Hourglass":176,"Anchor":16,"CaptainsWheel":112,"Nunchaku":153,"Shovel":16,"Bloody Idol":49,"Pantograph":93,"Philosopher\u0027s Stone":0,"Pandora\u0027s Box":41,"MealTicket":112,"WingedGreaves":93,"Red Mask":49,"Bag of Marbles":67,"Coffee Dripper":103,"Ring of the Snake":0}],"Mercury Hourglass":[36]},"card_choices":[{"not_picked":["Dagger Throw","Catalyst"],"picked":"Riddle With Holes","floor":1},{"not_picked":["Slice","Deadly Poison"],"picked":"Backstab","floor":3},{"not_picked":["Escape Plan","Dodge and Roll"],"picked":"Acrobatics","floor":7},{"not_picked":["Skewer","Underhanded Strike"],"picked":"A Thousand Cuts","floor":10},{"not_picked":["Infinite Blades","Cloak And Dagger"],"picked":"Footwork","floor":12},{"not_picked":["Setup","Flying Knee"],"picked":"Cloak And Dagger","floor":14},{"not_picked":["Grand Finale","Unload"],"picked":"Malaise","floor":16},{"not_picked":["Sucker Punch","Cloak And Dagger","Skewer"],"picked":"SKIP","floor":18},{"not_picked":["Footwork","Dagger Spray"],"picked":"Deadly Poison","floor":19},{"not_picked":["Underhanded Strike+1","Outmaneuver"],"picked":"Blur","floor":22},{"not_picked":["Dagger Throw","Choke","Blade Dance"],"picked":"SKIP","floor":24},{"not_picked":["Acrobatics","Underhanded Strike","Slice"],"picked":"SKIP","floor":25},{"not_picked":["Catalyst","Endless Agony+1"],"picked":"Heel Hook","floor":27},{"not_picked":["Underhanded Strike","Poisoned Stab"],"picked":"Deflect","floor":30},{"not_picked":["Poisoned Stab","Acrobatics"],"picked":"Noxious Fumes+1","floor":31},{"not_picked":["Grand Finale","Unload"],"picked":"Burst","floor":33},{"not_picked":["Eviscerate+1","Deadly Poison+1","Outmaneuver+1"],"picked":"SKIP","floor":35},{"not_picked":["Sucker Punch+1","Choke+1","Deflect"],"picked":"SKIP","floor":37},{"not_picked":["Heel Hook","Tools of the Trade","Finisher"],"picked":"SKIP","floor":40},{"not_picked":["Prepared","Dash"],"picked":"Backflip","floor":42},{"not_picked":["Terror","Acrobatics","Distraction"],"picked":"SKIP","floor":45},{"not_picked":["Sucker Punch","Flechettes+1","Leg Sweep"],"picked":"SKIP","floor":46},{"not_picked":["Infinite Blades+1","Concentrate"],"picked":"Bouncing Flask","floor":48},{"not_picked":["Underhanded Strike","Quick Slash"],"picked":"Dodge and Roll+1","floor":54}],"player_experience":239067,"relics_obtained":[{"floor":7,"key":"Shovel"},{"floor":9,"key":"Anchor"},{"floor":14,"key":"Blue Candle"},{"floor":19,"key":"Red Mask"},{"floor":26,"key":"Bag of Marbles"},{"floor":29,"key":"Pear"},{"floor":31,"key":"WingedGreaves"},{"floor":31,"key":"Pantograph"},{"floor":42,"key":"White Beast Statue"},{"floor":46,"key":"Regal Pillow"},{"floor":48,"key":"Nunchaku"},{"floor":54,"key":"Mercury Hourglass"}],"event_choices":[{"damage_healed":0,"gold_gain":0,"player_choice":"Lose Max HP","damage_taken":0,"relics_obtained":["Golden Idol"],"max_hp_gain":0,"max_hp_loss":5,"event_name":"Golden Idol","floor":2,"gold_loss":0},{"damage_healed":0,"gold_gain":75,"player_choice":"Gather Gold","damage_taken":11,"max_hp_gain":0,"max_hp_loss":0,"event_name":"World of Goop","floor":4,"gold_loss":0},{"damage_healed":0,"gold_gain":0,"player_choice":"Fought Bandits","damage_taken":0,"max_hp_gain":0,"max_hp_loss":0,"event_name":"Masked Bandits","floor":19,"gold_loss":0},{"damage_healed":0,"gold_gain":0,"player_choice":"Gave Idol","damage_taken":0,"relics_obtained":["Bloody Idol"],"max_hp_gain":0,"max_hp_loss":0,"event_name":"Forgotten Altar","floor":20,"relics_lost":["Golden Idol"],"gold_loss":0},{"damage_healed":0,"gold_gain":0,"player_choice":"Ignored","damage_taken":0,"max_hp_gain":0,"max_hp_loss":0,"event_name":"Cursed Tome","floor":21,"gold_loss":0},{"damage_healed":0,"gold_gain":0,"player_choice":"Fight","damage_taken":0,"max_hp_gain":0,"max_hp_loss":0,"event_name":"Colosseum","floor":31,"gold_loss":0},{"damage_healed":0,"gold_gain":0,"player_choice":"Fought Nobs","damage_taken":0,"max_hp_gain":0,"max_hp_loss":0,"event_name":"Colosseum","floor":31,"gold_loss":0},{"cards_removed":["Storm of Steel"],"damage_healed":5,"gold_gain":0,"player_choice":"Offered Rare","damage_taken":0,"max_hp_gain":10,"max_hp_loss":0,"event_name":"Bonfire Elementals","floor":36,"gold_loss":0},{"damage_healed":0,"gold_gain":0,"player_choice":"Gave Potion","damage_taken":0,"relics_obtained":["Gremlin Horn"],"max_hp_gain":0,"max_hp_loss":0,"event_name":"WeMeetAgain","floor":39,"gold_loss":0}],"is_beta":false,"boss_relics":[{"not_picked":["Empty Cage","Sozu"],"picked":"Pandora\u0027s Box"},{"not_picked":["Calling Bell","Snecko Eye"],"picked":"Coffee Dripper"}],"items_purged_floors":[5,28,38],"is_endless":false,"potions_floor_spawned":[3,7,16,24,27,31,31,45,46,48,54],"killed_by":"The Heart","ascension_level":12}}