{"host":"0a7cgrrfh5edm4wz","time":1608780060,"event":{"mods":["BaseMod","Colored Map","Minty Spire (QoL Compilation)","StSLib","SuperFastMode"],"gold_per_floor":[110,126,72,72,82,82,96,21,67,93,93,93,93,111,111,111,111],"floor_reached":16,"playtime":246,"items_purged":["Strike_G"],"score":200,"play_id":"1475e7fb-0509-4ef8-bfd2-cfdcb6179376","local_time":"20201224122100","is_ascension_mode":true,"campfire_choices":[{"data":"Prepared","floor":6,"key":"SMITH"},{"floor":11,"key":"REST"},{"data":"Eviscerate","floor":13,"key":"SMITH"},{"data":"Calculated Gamble","floor":15,"key":"SMITH"}],"circlet_count":0,"master_deck":["AscendersBane","Strike_G+1","Strike_G+1","Defend_G","Defend_G","Defend_G","Defend_G","Defend_G","Survivor","Neutralize","Prepared+1","Masterful Stab","Dagger Spray","Eviscerate+1","Calculated Gamble+1"],"relics":["Ring of the Snake","NeowsBlessing","Regal Pillow","Whetstone"],"acts_visited":["Exordium"],"potions_floor_usage":[7,16],"damage_taken":[{"damage":0.0,"enemies":"Jaw Worm","floor":1.0,"turns":1.0},{"damage":0.0,"enemies":"Small Slimes","floor":2.0,"turns":1.0},{"damage":0,"enemies":"Cultist","floor":5,"turns":1},{"damage":7,"enemies":"Exordium Thugs","floor":7,"turns":5},{"damage":36,"enemies":"Gremlin Nob","floor":10,"turns":4},{"damage":13,"enemies":"Gremlin Gang","floor":14,"turns":4},{"damage":31,"enemies":"Hexaghost","floor":16,"turns":9}],"seed_played":"5725005097745602125","potions_obtained":[{"floor":5,"key":"Explosive Potion"},{"floor":10,"key":"SneckoOil"}],"is_trial":false,"path_per_floor":["M","M","$","?","M","R","M","$","T","E","R","?","R","M","R","B"],"character_chosen":"THE_SILENT","items_purchased":["Dagger Spray"],"campfire_rested":1,"item_purchase_floors":[3],"current_hp_per_floor":[59,59,59,52,52,52,45,45,45,9,43,43,43,30,30,0,0],"gold":111,"neow_bonus":"THREE_ENEMY_KILL","is_daily":false,"chose_seed":false,"campfire_upgraded":3,"win_rate":0.0,"timestamp":1608780060,"path_taken":["M","M","$","?","M","R","M","$","T","E","R","?","R","M","R","BOSS"],"items_purchased_type":["Card"],"build_version":"2020-12-22","purchased_purges":1,"victory":false,"max_hp_per_floor":[66,66,66,66,66,66,66,66,66,66,66,66,66,66,66,66,66],"card_choices":[{"not_picked":["Slice","Underhanded Strike"],"picked":"Prepared","floor":1.0},{"not_picked":["Deflect","Poisoned Stab"],"picked":"Masterful Stab","floor":2.0},{"not_picked":["Slice","Blade Dance"],"picked":"Eviscerate","floor":5},{"not_picked":["Deadly Poison","Quick Slash","Underhanded Strike"],"picked":"SKIP","floor":7},{"not_picked":["Adrenaline","Expertise"],"picked":"Calculated Gamble","floor":10},{"not_picked":["Infinite Blades","Slice","Deflect"],"picked":"SKIP","floor":14}],"player_experience":882645,"relics_obtained":[{"floor":9,"key":"Regal Pillow"},{"floor":10,"key":"Whetstone"}],"event_choices":[{"cards_removed":["Strike_G"],"damage_healed":0,"gold_gain":0,"player_choice":"Card Removal","damage_taken":7,"max_hp_gain":0,"max_hp_loss":0,"event_name":"Golden Wing","floor":4,"gold_loss":0},{"cards_removed":["Strike_G"],"damage_healed":0,"gold_gain":0,"player_choice":"Forget","damage_taken":0,"max_hp_gain":0,"max_hp_loss":0,"event_name":"Living Wall","floor":12,"gold_loss":0}],"is_beta":false,"boss_relics":[],"items_purged_floors":[8],"is_endless":false,"potions_floor_spawned":[5,10],"killed_by":"Hexaghost","ascension_level":20}}