{"host":"i3iesnh100m6i1gd","time":1608808094,"event":{"mods":["BaseMod","Colored Powertips","Downfall","Minty Spire (QoL Compilation)","Replay The Spire","StSLib"],"gold_per_floor":[0,16,16,30,30,30,30,30,43,62,76,76,96,109,121,221,221,221,238,238,249,259,285,285,301,301,301,313,313,326,342,358,468,468,393,411,124,143,143,334,334,314,329,358,408,408,428,458,308,308,308,343,46,46,46],"floor_reached":56,"playtime":7051,"items_purged":["hexamod:Firestarter"],"score":1300,"play_id":"35f0091f-9802-4dba-8c4d-72f463e21c72","local_time":"20201224030814","is_ascension_mode":false,"campfire_choices":[{"data":"hexamod:Float","floor":1,"key":"SMITH"},{"data":"hexamod:ThermalTransfer","floor":6,"key":"SMITH"},{"floor":12,"key":"REST"},{"data":"hexamod:SoulSteal","floor":18,"key":"SMITH"},{"floor":26,"key":"REST"},{"floor":29,"key":"RECALL"},{"data":"hexamod:EmpoweringStance","floor":35,"key":"SMITH"},{"data":"hexamod:CrushingStance","floor":49,"key":"SMITH"},{"data":"Metamorphosis","floor":49,"key":"SMITH"},{"data":"Magnetism","floor":54,"key":"SMITH"},{"data":"hexamod:SearingWound","floor":54,"key":"SMITH"}],"circlet_count":0,"master_deck":["hexamod:Strike+1","hexamod:Strike+1","hexamod:Defend+1","hexamod:Defend+1","hexamod:Defend+1","hexamod:Defend+1","hexamod:Sear+1","hexamod:Float+1","hexamod:VolcanoVisage","hexamod:ThermalTransfer+1","hexamod:BurningTouch","hexamod:SoulSteal+1","hexamod:SwordOfDarkness+1","hexamod:SpectersWail+1","hexamod:SkipABeat+1","hexamod:Hexaguard","hexamod:EmpoweringStance+1","hexamod:ShieldOfDarkness+1","hexamod:HeatMetal","hexamod:PhantomFireball+1","hexamod:WildfireWeapon+1","hexamod:GhostOfSpireFuture","hexamod:TimeOfNeed+1","hexamod:ThermalTransfer+1","hexamod:Hexaguard","hexamod:FastForward","hexamod:BurningTouch","hexamod:Firestarter+1","hexamod:CatchUp+1","hexamod:HeatCrush","hexamod:TimeOfNeed+1","hexamod:BurningTouch","hexamod:SixthSeal","hexamod:SpectersWail+1","hexamod:EmpoweredFlame+1","hexamod:SpectersWail","hexamod:SoulSteal","hexamod:RadiantFlame+1","hexamod:ExtraCrispy+1","Violence","hexamod:InspiringFlames","Metamorphosis+1","Magnetism+1","Replay:SS_forest_2","hexamod:EtherealExpedition+1","hexamod:SearingWound+1","hexamod:SpectersWail","hexamod:CrushingStance+1","hexamod:Sear","hexamod:SpectersWail","hexamod:ThermalTransfer+1","hexamod:EmpoweredFlame+1"],"relics":["hexamod:SpiritBrand","downfall:ShatteredFragment","White Beast Statue","PreservedInsect","Honey Jar","Shuriken","Bird Faced Urn","hexamod:TheBrokenSeal","SacredBark","downfall:HeartBlessingRed","Pen Nib","ReplayTheSpireMod:ShopPack","Dream Catcher","Replay:Arrowhead","TungstenRod","downfall:HeartBlessingGreen","downfall:HeartBlessingBlue","ReplayTheSpireMod:Lightbulb","Vajra","Oddly Smooth Stone"],"acts_visited":["Exordium","TheCity","TheBeyond","TheEnding"],"potions_floor_usage":[16,21,25,25,28,30,33,33,42,50,55,55,55,55,55,55,55,55],"damage_taken":[{"damage":0,"enemies":"2 Louse","floor":2,"turns":2},{"damage":1,"enemies":"Cultist","floor":4,"turns":4},{"damage":0,"enemies":"Small Slimes","floor":9,"turns":3},{"damage":1,"enemies":"Exordium Wildlife","floor":10,"turns":3},{"damage":11,"enemies":"Gremlin Gang","floor":11,"turns":4},{"damage":0,"enemies":"Blue Slaver","floor":13,"turns":3},{"damage":0,"enemies":"2 Fungi Beasts","floor":14,"turns":3},{"damage":0,"enemies":"Red Slaver","floor":15,"turns":3},{"damage":17,"enemies":"downfall:Ironclad","floor":16,"turns":6},{"damage":10,"enemies":"Spheric Guardian","floor":19,"turns":4},{"damage":9,"enemies":"3 Byrds","floor":21,"turns":3},{"damage":12,"enemies":"3 Cultists","floor":22,"turns":3},{"damage":28,"enemies":"Gremlin Leader","floor":23,"turns":6},{"damage":0,"enemies":"Shelled Parasite and Fungi","floor":25,"turns":4},{"damage":12,"enemies":"Snake Plant","floor":28,"turns":4},{"damage":8,"enemies":"Centurion and Healer","floor":30,"turns":4},{"damage":19,"enemies":"3 Cultists","floor":31,"turns":6},{"damage":5,"enemies":"Snake Plant","floor":32,"turns":3},{"damage":74,"enemies":"downfall:Silent","floor":33,"turns":9},{"damage":12,"enemies":"Orb Walker","floor":36,"turns":4},{"damage":0,"enemies":"downfall:FleeingMerchant","floor":37,"turns":4},{"damage":4,"enemies":"3 Darklings","floor":38,"turns":4},{"damage":9,"enemies":"downfall:FleeingMerchant","floor":42,"turns":4},{"damage":0,"enemies":"Transient","floor":43,"turns":5},{"damage":1,"enemies":"Giant Head","floor":44,"turns":6},{"damage":9,"enemies":"Mind Bloom Boss Battle","floor":45,"turns":6},{"damage":0,"enemies":"Sphere and 2 Shapes","floor":47,"turns":3},{"damage":27,"enemies":"Nemesis","floor":48,"turns":7},{"damage":56,"enemies":"downfall:Defect","floor":50,"turns":6},{"damage":31,"enemies":"downfall:CharBossMerchant","floor":52,"turns":7},{"damage":107,"enemies":"downfall:NeowBoss","floor":55,"turns":21}],"seed_played":"-4261225748749537897","potions_obtained":[{"floor":9,"key":"Cursed Concoction"},{"floor":10,"key":"SteroidPotion"},{"floor":11,"key":"DuplicationPotion"},{"floor":13,"key":"Explosive Potion"},{"floor":14,"key":"hexamod:EctoCoolerPotion"},{"floor":16,"key":"Dexterity Potion"},{"floor":19,"key":"SteroidPotion"},{"floor":21,"key":"Dexterity Potion"},{"floor":22,"key":"Weak Potion"},{"floor":23,"key":"ColorlessPotion"},{"floor":25,"key":"Energy Potion"},{"floor":28,"key":"Adrenaline Potion"},{"floor":30,"key":"Adrenaline Potion"},{"floor":31,"key":"champ:CounterPotion"},{"floor":32,"key":"BlessingOfTheForge"},{"floor":33,"key":"Block Potion"},{"floor":36,"key":"AttackPotion"},{"floor":37,"key":"SkillPotion"},{"floor":38,"key":"LiquidBronze"},{"floor":42,"key":"Weak Potion"},{"floor":43,"key":"EntropicBrew"},{"floor":44,"key":"Dexterity Potion"},{"floor":45,"key":"Doom Potion"},{"floor":47,"key":"sneckomod:MuddlingPotion"},{"floor":48,"key":"Toxic Potion"},{"floor":52,"key":"Regen Potion"}],"is_trial":false,"path_per_floor":["R","M","?","M","?","R","T","T","M","M","M","R","M","M","M","B",null,"R","M","?","M","M","E","T","M","R","?","M","R","M","M","M","B",null,"R","M","$","M","?","?","T","$","M","E","?","?","M","E","R","B",null,"E","$","R","B",null],"character_chosen":"THE_SPIRIT","items_purchased":["Pen Nib","hexamod:SpectersWail","Violence","hexamod:InspiringFlames","ReplayTheSpireMod:ShopPack","Vajra","Oddly Smooth Stone"],"campfire_rested":2,"item_purchase_floors":[37,37,42,42,42,53,53],"current_hp_per_floor":[70,70,70,69,48,48,48,48,48,47,36,57,57,57,57,40,70,70,60,60,51,39,11,11,15,36,36,32,32,41,39,53,52,80,80,73,80,80,80,80,80,73,80,80,79,79,80,67,77,29,90,77,77,77,31],"gold":46,"neow_bonus":"THREE_RARE_CARDS","is_daily":false,"chose_seed":false,"campfire_upgraded":8,"win_rate":0.0,"timestamp":1608808094,"path_taken":["R","M","?","?","?","R","T","?","M","M","?","R","M","M","M","BOSS","R","M","?","M","M","E","T","M","R","?","?","R","M","M","M","BOSS","R","M","$","M","?","?","T","$","M","E","?","?","M","E","R","BOSS","E","$","R","BOSS"],"items_purchased_type":["Relic","Card","Card","Card","Relic","Relic","Relic"],"build_version":"2020-12-22","purchased_purges":1,"victory":true,"max_hp_per_floor":[70,70,70,70,70,70,70,70,70,70,70,70,70,70,70,70,70,70,70,70,70,70,70,70,70,70,70,70,70,70,70,70,80,80,80,80,80,80,80,80,80,80,80,80,80,80,80,80,90,90,90,90,90,90,90],"card_choices":[{"not_picked":["hexamod:TimeOfNeed","hexamod:SearingWound"],"picked":"hexamod:VolcanoVisage","floor":0},{"not_picked":["hexamod:FastForward","hexamod:StepThrough"],"picked":"hexamod:ThirdSeal","floor":2},{"not_picked":["hexamod:SpectersWail","hexamod:FirstSeal"],"picked":"hexamod:ThermalTransfer","floor":4},{"not_picked":["hexamod:Firestarter","hexamod:Hexaguard","hexamod:InspiringFlames"],"picked":"SKIP","floor":4},{"not_picked":["hexamod:Hexaguard","hexamod:InspiringFlames"],"picked":"hexamod:Firestarter","floor":4},{"not_picked":["hexamod:NightmareGuise","hexamod:FourthSeal"],"picked":"hexamod:BurningTouch","floor":9},{"not_picked":["hexamod:BacktrackSmack","hexamod:Haunt"],"picked":"hexamod:SoulSteal","floor":9},{"not_picked":["hexamod:AdvancingGuard","hexamod:UnleashSpirits"],"picked":"hexamod:SwordOfDarkness","floor":10},{"not_picked":["hexamod:NightmareStrike","hexamod:HauntingEcho"],"picked":"hexamod:SpectersWail","floor":10},{"not_picked":["hexamod:BacktrackSmack","hexamod:GhostShield"],"picked":"hexamod:SkipABeat","floor":11},{"not_picked":["hexamod:GhostShield","hexamod:GhostLash","hexamod:Hexaguard"],"picked":"SKIP","floor":11},{"not_picked":["hexamod:GhostShield","hexamod:GhostLash"],"picked":"hexamod:Hexaguard","floor":11},{"not_picked":["hexamod:AdvancingGuard","hexamod:NightmareGuise"],"picked":"hexamod:FourthSeal","floor":13},{"not_picked":["hexamod:PhantomFireball","hexamod:ThermalTransfer"],"picked":"hexamod:EmpoweringStance","floor":13},{"not_picked":["hexamod:GhostShield","hexamod:ThermalTransfer"],"picked":"hexamod:ShieldOfDarkness","floor":14},{"not_picked":["hexamod:ShieldOfDarkness","hexamod:GhostOfSpirePast"],"picked":"hexamod:HeatMetal","floor":14},{"not_picked":["hexamod:SpectersWail","hexamod:GhostOfSpireFuture"],"picked":"hexamod:PhantomFireball","floor":15},{"not_picked":["hexamod:GhostOfSpirePast","hexamod:BurningTouch","hexamod:RetreatToShadows"],"picked":"SKIP","floor":15},{"not_picked":["hexamod:SearingWound","hexamod:EmpoweringStance"],"picked":"hexamod:WildfireWeapon","floor":16},{"not_picked":["hexamod:SixthSeal","hexamod:TimeWarp"],"picked":"hexamod:FifthSeal","floor":16},{"not_picked":["hexamod:GhostOfSpirePresent+1","hexamod:NightmareStrike+1","hexamod:AdvancingGuard"],"picked":"hexamod:GhostOfSpireFuture","floor":19},{"not_picked":["hexamod:RainOfEmbers","hexamod:InspiringFlames+1","hexamod:SwordOfDarkness"],"picked":"hexamod:TimeOfNeed","floor":21},{"not_picked":["hexamod:RainOfEmbers","hexamod:GhostOfSpirePresent","hexamod:Firestarter"],"picked":"hexamod:ThermalTransfer+1","floor":22},{"not_picked":["hexamod:FirstSeal","hexamod:FourthSeal","hexamod:SecondSeal"],"picked":"hexamod:SixthSeal","floor":23},{"not_picked":["hexamod:ThirdSeal","hexamod:Rewind","hexamod:SixthSeal"],"picked":"hexamod:Hexaguard","floor":23},{"not_picked":["hexamod:Hexaguard","hexamod:BacktrackSmack","hexamod:FourthSeal"],"picked":"hexamod:FastForward","floor":25},{"not_picked":["hexamod:ThirdSeal","hexamod:SixthSeal","hexamod:FourthSeal"],"picked":"hexamod:FirstSeal","floor":28},{"not_picked":["hexamod:SwordOfDarkness","hexamod:PhantomCloak+1","hexamod:RainOfEmbers"],"picked":"hexamod:Firestarter","floor":28},{"not_picked":["hexamod:ParanormalForm","hexamod:RecurringNightmare","hexamod:Hexaguard"],"picked":"hexamod:CatchUp+1","floor":30},{"not_picked":["hexamod:SixthSeal","hexamod:FourthSeal","hexamod:ThirdSeal"],"picked":"hexamod:SecondSeal","floor":31},{"not_picked":["hexamod:AdvancingGuard","hexamod:SwordOfDarkness","hexamod:InspiringFlames"],"picked":"hexamod:HeatCrush","floor":31},{"not_picked":["hexamod:Haunt","hexamod:GhostflameBarrier+1","hexamod:RetreatToShadows"],"picked":"hexamod:TimeOfNeed","floor":32},{"not_picked":["hexamod:PhantomCloak","hexamod:PhantomFireball","hexamod:HauntingEcho+1"],"picked":"hexamod:BurningTouch","floor":32},{"not_picked":["hexamod:VolcanoVisage","hexamod:WildfireWeapon","hexamod:GhostflameInferno"],"picked":"hexamod:SixthSeal","floor":33},{"not_picked":["hexamod:GhostOfSpireFuture+1","hexamod:SecondSeal","hexamod:Firestarter+1"],"picked":"hexamod:SpectersWail+1","floor":36},{"not_picked":["hexamod:RecurringNightmare+1","hexamod:CatchUp+1","hexamod:GhostOfSpirePresent+1"],"picked":"hexamod:EmpoweredFlame+1","floor":37},{"not_picked":["hexamod:NightmareStrike+1","hexamod:BurningTouch","hexamod:HeatShield+1"],"picked":"hexamod:SoulSteal","floor":38},{"not_picked":["hexamod:ShieldOfDarkness+1","hexamod:PhantomFireball+1","hexamod:SpectersWail"],"picked":"hexamod:RadiantFlame+1","floor":40},{"not_picked":["hexamod:HeatCrush+1","hexamod:RainOfEmbers+1","hexamod:NightmareStrike"],"picked":"hexamod:ExtraCrispy+1","floor":42},{"not_picked":["expansioncontent:DashGenerateEvil","ReplayTheSpireMod:Brewmster","Secret Weapon"],"picked":"Metamorphosis","floor":42},{"not_picked":["expansioncontent:Chronoboost","expansioncontent:DarkVoid","expansioncontent:Sear"],"picked":"Magnetism","floor":42},{"not_picked":["Replay:SS_hec_2","Violence","Replay:SS_hec_4"],"picked":"Replay:SS_forest_2","floor":42},{"not_picked":["hexamod:FastForward+1","hexamod:AdvancingGuard+1","hexamod:SwordOfDarkness"],"picked":"hexamod:EtherealExpedition+1","floor":43},{"not_picked":["hexamod:Firestarter+1","hexamod:SwordOfDarkness+1","hexamod:Hexaguard+1"],"picked":"hexamod:SearingWound","floor":44},{"not_picked":["hexamod:NightmareGuise","hexamod:ShieldOfDarkness","hexamod:GhostOfSpirePast"],"picked":"hexamod:SpectersWail","floor":45},{"not_picked":["hexamod:Again","hexamod:CatchUp","hexamod:Incineration"],"picked":"hexamod:SpectersWail","floor":47},{"not_picked":["hexamod:HauntingEcho+1","hexamod:BurningTouch","hexamod:HeatCrush+1"],"picked":"hexamod:ThermalTransfer+1","floor":48},{"not_picked":["hexamod:TurnItUp","hexamod:InspiringFlames","hexamod:StepThrough"],"picked":"hexamod:EmpoweredFlame+1","floor":52}],"player_experience":82039,"relics_obtained":[{"floor":7,"key":"White Beast Statue"},{"floor":8,"key":"PreservedInsect"},{"floor":23,"key":"Shuriken"},{"floor":24,"key":"Bird Faced Urn"},{"floor":44,"key":"Dream Catcher"},{"floor":45,"key":"Replay:Arrowhead"},{"floor":48,"key":"TungstenRod"},{"floor":52,"key":"ReplayTheSpireMod:Lightbulb"}],"event_choices":[{"cards_removed":["hexamod:Strike"],"damage_healed":0,"gold_gain":0,"player_choice":"Offered Basic","damage_taken":0,"max_hp_gain":0,"max_hp_loss":0,"event_name":"Bonfire Elementals","floor":3,"gold_loss":0},{"damage_healed":0,"gold_gain":0,"player_choice":"Simplicity","damage_taken":0,"max_hp_gain":0,"max_hp_loss":0,"event_name":"Back to Basics","floor":20,"gold_loss":0,"cards_upgraded":["hexamod:Strike","hexamod:Strike","hexamod:Strike","hexamod:Defend","hexamod:Defend","hexamod:Defend","hexamod:Defend"]},{"damage_healed":0,"gold_gain":0,"cards_transformed":["hexamod:Strike"],"player_choice":"Transformed","damage_taken":0,"max_hp_gain":0,"max_hp_loss":0,"event_name":"Transmorgrifier","floor":27,"gold_loss":0,"cards_obtained":["hexamod:BurningTouch"]}],"is_beta":false,"boss_relics":[{"not_picked":["Empty Cage","Replay:Grab Bag"],"picked":"Honey Jar"},{"not_picked":["Ring of Chaos","Replay:Drink Me"],"picked":"SacredBark"}],"items_purged_floors":[37],"is_endless":false,"potions_floor_spawned":[9,10,11,13,14,15,16,19,21,22,23,25,28,30,31,32,33,36,37,38,42,43,44,45,47,48,52],"ascension_level":0}}