{"host":"uuxww4b5od0o4ivw","time":1608797849,"event":{"mods":["BaseMod","Downfall","Minty Spire (QoL Compilation)","StSLib","The Necromancer"],"gold_per_floor":[99,117,137,75,94,106,176,192,207,207,220,220,230,243,258,358,358,358,358],"floor_reached":17,"playtime":637,"items_purged":[],"score":155,"play_id":"b1b0e0e8-c619-4ed6-9da4-398ea749397b","local_time":"20201223221729","is_ascension_mode":false,"campfire_choices":[{"floor":1,"key":"RECALL"},{"floor":12,"key":"REST"}],"circlet_count":0,"master_deck":["Slimebound:Strike_Slimebound","Slimebound:Strike_Slimebound","Slimebound:Strike_Slimebound","Slimebound:Tackle","Slimebound:Defend_Slimebound","Slimebound:Defend_Slimebound","Slimebound:Defend_Slimebound","Slimebound:Defend_Slimebound","Slimebound:Split","Slimebound:CorrosiveSpit","Slimebound:SamplingLick","Slimebound:RainOfGoop","Slimebound:RejuvenatingLick","Slimebound:Schlurp","Slimebound:SplitMire","Slimebound:RainOfGoop","Slimebound:GoopSpray","Slimebound:ViciousTackle+1","Slimebound:Chomp+1","Slimebound:LeadByExample+1"],"relics":["Slimebound:AbsorbEndCombat","Astrolabe"],"acts_visited":["Exordium","TheCity"],"potions_floor_usage":[16,16,16],"damage_taken":[{"damage":4,"enemies":"2 Louse","floor":2,"turns":3},{"damage":4,"enemies":"Cultist","floor":3,"turns":3},{"damage":8,"enemies":"downfall:FleeingMerchant","floor":4,"turns":4},{"damage":6,"enemies":"Jaw Worm","floor":5,"turns":2},{"damage":25,"enemies":"Lots of Slimes","floor":6,"turns":5},{"damage":17,"enemies":"Red Slaver","floor":8,"turns":2},{"damage":21,"enemies":"Blue Slaver","floor":9,"turns":3},{"damage":11,"enemies":"Exordium Wildlife","floor":11,"turns":4},{"damage":12,"enemies":"3 Louse","floor":13,"turns":4},{"damage":10,"enemies":"2 Fungi Beasts","floor":14,"turns":3},{"damage":32,"enemies":"Blue Slaver","floor":15,"turns":4},{"damage":53,"enemies":"downfall:Watcher","floor":16,"turns":8}],"seed_played":"-3059593274827822804","potions_obtained":[{"floor":8,"key":"Swift Potion"},{"floor":9,"key":"Guardian:BlockOnCardUsePotion"},{"floor":13,"key":"FearPotion"},{"floor":14,"key":"Fruit Juice"}],"is_trial":false,"path_per_floor":["R","M","M","$","M","M","T","M","M","?","M","R","M","M","M","B",null],"character_chosen":"SLIMEBOUND","items_purchased":["Slimebound:Schlurp"],"campfire_rested":1,"item_purchase_floors":[4],"current_hp_per_floor":[66,66,66,65,62,53,53,46,39,39,44,63,61,63,45,15,71,71,71],"gold":358,"neow_bonus":"TEN_PERCENT_HP_BONUS","is_daily":false,"chose_seed":false,"campfire_upgraded":0,"win_rate":0.0,"timestamp":1608797849,"path_taken":["R","M","M","$","M","M","T","M","M","?","M","R","M","M","M","BOSS"],"items_purchased_type":["Card"],"build_version":"2020-12-22","purchased_purges":0,"victory":false,"max_hp_per_floor":[66,66,66,66,66,66,66,66,66,66,66,66,66,66,66,71,71,71,71],"card_choices":[{"not_picked":["Slimebound:GrowthPunch","Slimebound:ViciousTackle"],"picked":"Slimebound:SamplingLick","floor":2},{"not_picked":["Slimebound:Dissolve","Slimebound:SlimeSpikes"],"picked":"Slimebound:RainOfGoop","floor":3},{"not_picked":["Slimebound:ComboTackle","Slimebound:GoopSpray"],"picked":"Slimebound:RejuvenatingLick","floor":4},{"not_picked":["Slimebound:SplitBruiser","Slimebound:Schlurp"],"picked":"Slimebound:AcidTongue","floor":5},{"not_picked":["Slimebound:MassRepurpose","Slimebound:SplitLeeching"],"picked":"Slimebound:SplitMire","floor":6},{"not_picked":["Slimebound:SlimeSpikes","Slimebound:ItLooksTasty","Slimebound:SlimeBarrage"],"picked":"SKIP","floor":8},{"not_picked":["Slimebound:GrowthPunch","Slimebound:ItLooksTasty"],"picked":"Slimebound:SpikyOuterGoop","floor":9},{"not_picked":["Slimebound:RollThrough","Slimebound:Replication"],"picked":"Slimebound:RainOfGoop","floor":11},{"not_picked":["Slimebound:RollThrough","Slimebound:LeechingTouch","Slimebound:LeadByExample"],"picked":"SKIP","floor":13},{"not_picked":["Slimebound:SlimeSpikes","Slimebound:SplitMire"],"picked":"Slimebound:GoopSpray","floor":14},{"not_picked":["Slimebound:LeechEnergy","Slimebound:BestDefense","Slimebound:PressTheAttack"],"picked":"SKIP","floor":15},{"not_picked":["Slimebound:CheckThePlaybook","Slimebound:OneTwoCombo"],"picked":"Slimebound:DouseInSlime","floor":16}],"player_experience":65855,"relics_obtained":[],"event_choices":[],"is_beta":false,"boss_relics":[{"not_picked":["Runic Dome","SlaversCollar"],"picked":"Astrolabe"}],"items_purged_floors":[],"is_endless":false,"potions_floor_spawned":[8,9,13,14],"ascension_level":0}}