{"host":"uuef13iiy6j2c50k","time":1608788755,"event":{"mods":["BaseMod","Minty Spire (QoL Compilation)","Quick Restart","Relic Stats","Slay-I","StSLib","SuperFastMode"],"gold_per_floor":[119,132,132,82,57,57,76,76,76,108,127,140,104,137,137,232,232,250,250,263,263,3,3,3,3],"floor_reached":24,"playtime":877,"items_purged":[],"score":270,"play_id":"e40815e3-f8bc-47ed-9411-296d63ce464f","local_time":"20201223194555","is_ascension_mode":true,"campfire_choices":[{"data":"Armaments","floor":6,"key":"SMITH"},{"data":"Clothesline","floor":8,"key":"SMITH"},{"data":"Carnage","floor":15,"key":"SMITH"},{"data":"Shockwave","floor":23,"key":"SMITH"}],"circlet_count":0,"master_deck":["Strike_R","Strike_R","Strike_R","Defend_R","Defend_R","Defend_R","Defend_R","Bash","Feed","Armaments+1","Clothesline+1","Heavy Blade","Shrug It Off","Berserk+1","Cleave","Dark Embrace+1","Carnage+1","Reaper","CurseOfTheBell","Shockwave+1"],"relics":["Burning Blood","Frozen Egg 2","Magic Flower","Pantograph","Calling Bell","Red Skull","Shuriken","Unceasing Top","White Beast Statue","Toxic Egg 2"],"acts_visited":["Exordium","TheCity"],"potions_floor_usage":[10,14,14],"damage_taken":[{"damage":9,"enemies":"2 Louse","floor":1,"turns":3},{"damage":0,"enemies":"Small Slimes","floor":2,"turns":3},{"damage":7,"enemies":"Jaw Worm","floor":7,"turns":4},{"damage":33,"enemies":"3 Sentries","floor":10,"turns":14},{"damage":8,"enemies":"Blue Slaver","floor":11,"turns":5},{"damage":4,"enemies":"2 Fungi Beasts","floor":12,"turns":5},{"damage":12,"enemies":"Lagavulin","floor":14,"turns":6},{"damage":23,"enemies":"The Guardian","floor":16,"turns":12},{"damage":15,"enemies":"Shell Parasite","floor":18,"turns":9},{"damage":29,"enemies":"Spheric Guardian","floor":20,"turns":6},{"damage":65,"enemies":"Gremlin Leader","floor":24,"turns":8}],"seed_played":"-2176156106474027249","potions_obtained":[{"floor":1,"key":"Swift Potion"},{"floor":10,"key":"Strength Potion"},{"floor":12,"key":"BlessingOfTheForge"}],"is_trial":false,"path_per_floor":["M","M","?","?","$","R","M","R","T","E","M","M","$","E","R","B",null,"M","?","M","?","$","R","E"],"character_chosen":"IRONCLAD","items_purchased":["Heavy Blade","Carnage","Toxic Egg 2"],"campfire_rested":0,"item_purchase_floors":[5,13,22],"current_hp_per_floor":[56,65,65,65,65,65,68,68,68,44,45,55,55,52,52,82,100,100,100,85,85,85,85,50,50],"gold":3,"neow_bonus":"THREE_RARE_CARDS","is_daily":false,"chose_seed":false,"campfire_upgraded":4,"win_rate":0.0,"timestamp":1608788755,"path_taken":["M","M","?","?","?","R","M","R","T","E","M","M","$","E","R","BOSS","M","?","M","?","$","R","E"],"items_purchased_type":["Card","Card","Relic"],"build_version":"2020-12-22","purchased_purges":0,"victory":false,"max_hp_per_floor":[83,86,86,86,86,86,90,90,90,93,93,96,96,96,96,100,100,104,104,107,107,107,107,107,107],"relic_stats":{"counters":[11,75],"Shuriken":[0],"Pantograph":38,"Magic Flower":[49],"obtain_stats":[{"Calling Bell":17,"Shuriken":17,"Pantograph":14,"Magic Flower":10,"Frozen Egg 2":9,"Toxic Egg 2":22,"Burning Blood":0,"Red Skull":17,"Unceasing Top":17,"White Beast Statue":21},{"Calling Bell":8,"Shuriken":8,"Pantograph":7,"Magic Flower":4,"Frozen Egg 2":3,"Toxic Egg 2":10,"Burning Blood":0,"Red Skull":8,"Unceasing Top":8,"White Beast Statue":10},{"Calling Bell":52,"Shuriken":52,"Pantograph":40,"Magic Flower":24,"Frozen Egg 2":10,"Toxic Egg 2":67,"Burning Blood":0,"Red Skull":52,"Unceasing Top":52,"White Beast Statue":67}],"Burning Blood":78,"Unceasing Top":[0]},"card_choices":[{"not_picked":["Fiend Fire","Offering"],"picked":"Feed","floor":0},{"not_picked":["Second Wind","Havoc"],"picked":"Armaments","floor":1},{"not_picked":["Wild Strike","Feel No Pain"],"picked":"Clothesline","floor":2},{"not_picked":["Wild Strike","Bloodletting"],"picked":"Shrug It Off","floor":7},{"not_picked":["Sword Boomerang","Shrug It Off"],"picked":"Berserk+1","floor":10},{"not_picked":["Wild Strike","Headbutt"],"picked":"Cleave","floor":11},{"not_picked":["Perfected Strike","Shrug It Off"],"picked":"Dark Embrace+1","floor":12},{"not_picked":["Wild Strike","Iron Wave","Carnage"],"picked":"SKIP","floor":14},{"not_picked":["Feed","Fiend Fire"],"picked":"Reaper","floor":16},{"not_picked":["Clothesline","Rage+1"],"picked":"Shockwave","floor":18},{"not_picked":["Dropkick+1","Sentinel","Burning Pact"],"picked":"SKIP","floor":20}],"player_experience":33169,"relics_obtained":[{"floor":9,"key":"Frozen Egg 2"},{"floor":10,"key":"Magic Flower"},{"floor":14,"key":"Pantograph"},{"floor":17,"key":"Red Skull"},{"floor":17,"key":"Shuriken"},{"floor":17,"key":"Unceasing Top"}],"event_choices":[{"cards_removed":["Strike_R"],"damage_healed":0,"gold_gain":0,"player_choice":"Forget","damage_taken":0,"max_hp_gain":0,"max_hp_loss":0,"event_name":"Living Wall","floor":3,"gold_loss":0},{"cards_removed":["Strike_R"],"damage_healed":0,"gold_gain":0,"player_choice":"Card Removal","damage_taken":0,"max_hp_gain":0,"max_hp_loss":0,"event_name":"The Cleric","floor":4,"gold_loss":50},{"damage_healed":0,"gold_gain":0,"player_choice":"Ignored","damage_taken":0,"max_hp_gain":0,"max_hp_loss":0,"event_name":"Ghosts","floor":19,"gold_loss":0},{"damage_healed":0,"gold_gain":0,"player_choice":"Opened","damage_taken":0,"relics_obtained":["White Beast Statue"],"max_hp_gain":0,"max_hp_loss":0,"event_name":"The Mausoleum","floor":21,"gold_loss":0}],"is_beta":false,"boss_relics":[{"not_picked":["Tiny House","Cursed Key"],"picked":"Calling Bell"}],"items_purged_floors":[],"is_endless":false,"potions_floor_spawned":[1,10,12],"killed_by":"Gremlin Leader","ascension_level":4}}