{"host":"v1m5rkjj38qutr02","time":1608820408,"event":{"mods":["Act Like it!","BaseMod","Conspire","Gensokyo","GungeonMod","Hallownest","Minty Spire (QoL Compilation)","Replay The Spire","StSLib","The Bug Knight","Youmu£®ªÍ∆«—˝√Œ£©"],"gold_per_floor":[115,115,47,47,47,47,80,80,130,148,178,197,197,215,215,318,318,338,352,132,132,32,32,61,61,87,87,101,101,115,115,115],"floor_reached":31,"playtime":921,"items_purged":["Strike_P","Strike_P"],"score":300,"play_id":"64befced-acab-446d-a22f-fd90134a0131","local_time":"20201224223328","is_ascension_mode":true,"campfire_choices":[{"data":"Fasting2","floor":6.0,"key":"SMITH"},{"data":"Eruption","floor":8.0,"key":"SMITH"},{"data":"Devotion","floor":15.0,"key":"SMITH"},{"data":"Alpha","floor":23,"key":"SMITH"},{"data":"Meditate","floor":25,"key":"SMITH"},{"data":"Crescendo","floor":27,"key":"SMITH"}],"circlet_count":0,"master_deck":["Strike_P","Defend_P","Defend_P","Defend_P","Eruption+1","Vigilance","Tantrum+1","BattleHymn+1","Fasting2+1","Prostrate","CarveReality","Devotion+1","Adaptation","Vault","CurseOfTheBell","Crescendo+1","LessonLearned","ClearTheMind+1","Alpha+1","Evaluate+1","Meditate+1","Vengeance+1"],"relics":["PureWater","NeowsBlessing","ReplayTheSpireMod:Lightbulb","Centennial Puzzle","Bag of Marbles","Calling Bell","FossilizedHelix","Singing Bowl","DemoMod:LamentConfigurum","Orrery","DemoMod:WhiteGuonStone","Tiny Chest"],"acts_visited":["Exordium","TheCity"],"potions_floor_usage":[18,18,24,28,28],"damage_taken":[{"damage":0.0,"enemies":"Small Slimes","floor":1.0,"turns":1.0},{"damage":0.0,"enemies":"3 Sentries","floor":7.0,"turns":2.0},{"damage":0.0,"enemies":"Cultist","floor":10.0,"turns":1.0},{"damage":6.0,"enemies":"Replay:BlueRogue","floor":11.0,"turns":3.0},{"damage":6.0,"enemies":"Jaw Worm","floor":12.0,"turns":2.0},{"damage":3.0,"enemies":"Looter","floor":14.0,"turns":4.0},{"damage":26.0,"enemies":"Hexaghost","floor":16.0,"turns":7.0},{"damage":0,"enemies":"Spheric Guardian","floor":18,"turns":3},{"damage":2,"enemies":"3 Byrds","floor":19,"turns":4},{"damage":34,"enemies":"HollowMod:Nosk","floor":24,"turns":6},{"damage":0,"enemies":"Centurion and Healer","floor":28,"turns":4},{"damage":0,"enemies":"Snecko","floor":30,"turns":4},{"damage":33,"enemies":"Slavers","floor":31,"turns":4}],"seed_played":"1305939194413547997","potions_obtained":[{"floor":1.0,"key":"Swift Potion"},{"floor":16.0,"key":"Fire Potion"},{"floor":18,"key":"BottledMiracle"},{"floor":21,"key":"Regen Potion"},{"floor":21,"key":"LiquidMemories"},{"floor":28,"key":"Fire Potion"}],"is_trial":false,"path_per_floor":["M","?","$","?","$","R","E","R","T","M","E","M","?","M","R","B",null,"M","M","$","?","$","R","E","R","T","R","M","$","M","E"],"character_chosen":"WATCHER","items_purchased":["Fasting2","Orrery"],"campfire_rested":0,"item_purchase_floors":[3,20],"current_hp_per_floor":[72,72,72,72,72,72,72,72,72,72,66,60,60,57,57,31,72,74,72,72,72,72,72,52,52,52,52,52,52,54,21,21],"gold":115,"neow_bonus":"THREE_ENEMY_KILL","is_daily":false,"chose_seed":false,"campfire_upgraded":6,"win_rate":0.0,"timestamp":1608820408,"path_taken":["M","?","$","?","$","R","E","R","T","M","E","M","?","M","R","BOSS","M","M","$","?","$","R","E","R","T","R","?","$","M","E"],"items_purchased_type":["Card","Relic"],"build_version":"2020-12-22","purchased_purges":2,"victory":false,"max_hp_per_floor":[72,72,72,72,72,72,72,72,72,72,72,72,72,72,72,72,72,74,74,74,74,74,74,76,76,76,76,76,76,78,78,78],"card_choices":[{"not_picked":["CrushJoints","SandsOfTime"],"picked":"Tantrum","floor":1.0},{"not_picked":["Evaluate","FlurryOfBlows"],"picked":"Prostrate","floor":7.0},{"not_picked":["Meditate","Consecrate"],"picked":"CarveReality","floor":10.0},{"not_picked":["Prostrate","Replay:Cycle"],"picked":"Devotion","floor":11.0},{"not_picked":["WreathOfFlame","WheelKick","FearNoEvil"],"picked":"SKIP","floor":12.0},{"not_picked":["FollowUp","Weave","FlyingSleeves"],"picked":"SKIP","floor":14.0},{"not_picked":["SpiritShield","Blasphemy"],"picked":"Vault","floor":16.0},{"not_picked":["JustLucky","EmptyFist","FlyingSleeves"],"picked":"Singing Bowl","floor":18},{"not_picked":["Protect","FollowUp"],"picked":"Crescendo","floor":19},{"not_picked":["JustLucky","Meditate"],"picked":"LessonLearned","floor":20},{"not_picked":["Crescendo","Replay:Hum"],"picked":"ClearTheMind+1","floor":20},{"not_picked":["Replay:Hum","PathToVictory"],"picked":"Alpha","floor":20},{"not_picked":["EmptyBody","Halt"],"picked":"Evaluate+1","floor":20},{"not_picked":["JustLucky","Collect"],"picked":"Meditate","floor":20},{"not_picked":["ThirdEye","Meditate+1","Protect"],"picked":"Singing Bowl","floor":24},{"not_picked":["Adaptation","ThirdEye"],"picked":"Vengeance+1","floor":28},{"not_picked":["BowlingBash+1","ClearTheMind","Replay:ManipulateFuture"],"picked":"Singing Bowl","floor":30}],"player_experience":374853,"relics_obtained":[{"floor":7.0,"key":"ReplayTheSpireMod:Lightbulb"},{"floor":9.0,"key":"Centennial Puzzle"},{"floor":11.0,"key":"Bag of Marbles"},{"floor":17.0,"key":"FossilizedHelix"},{"floor":17.0,"key":"Singing Bowl"},{"floor":17.0,"key":"DemoMod:LamentConfigurum"},{"floor":24,"key":"DemoMod:WhiteGuonStone"},{"floor":26,"key":"Tiny Chest"}],"event_choices":[{"damage_healed":0.0,"max_hp_gain":0.0,"max_hp_loss":0.0,"gold_gain":0.0,"event_name":"conspire:LoneGhost","player_choice":"Disagree","floor":4.0,"gold_loss":0.0,"damage_taken":0.0},{"damage_healed":0.0,"max_hp_gain":0.0,"max_hp_loss":0.0,"gold_gain":0.0,"cards_transformed":["Strike_P"],"event_name":"Transmorgrifier","player_choice":"Transformed","floor":13.0,"gold_loss":0.0,"damage_taken":0.0,"cards_obtained":["Adaptation"]},{"damage_healed":0,"gold_gain":0,"player_choice":"Got Potions","damage_taken":0,"max_hp_gain":0,"max_hp_loss":0,"event_name":"Lab","floor":21,"gold_loss":0}],"is_beta":false,"boss_relics":[{"not_picked":["Replay:Grab Bag","Ring of Chaos"],"picked":"Calling Bell"}],"items_purged_floors":[20,22],"is_endless":false,"potions_floor_spawned":[1,16,18,28],"killed_by":"Slavers","ascension_level":1}}