{"host":"pgqkv8mh62pnrbci","time":1608814013,"event":{"mods":["AchievementEnabler","BaseMod","Challenge The Spire","Custom Start","DeckTracker","Infinite Spire","Minty Spire (QoL Compilation)","Replay The Spire","StSLib","SuperFastMode","¡¼?Úª?ø«¡½REMEMod"],"gold_per_floor":[608,37,65,110,156,168,22,22,48,125,200,200,27,27,136,243,621,738],"floor_reached":19,"playtime":989,"items_purged":["Strike_G","Strike_G","Strike_G","Defend_G"],"score":495,"play_id":"9729529f-c0ce-4f9c-8237-f6a4bd908430","local_time":"20201224214653","daily_mods":["challengethespire:Bronze Difficulty","challengethespire:Elite Rush","Uncertain Future"],"is_ascension_mode":false,"campfire_choices":[{"data":"Reflex","floor":8,"key":"SMITH"}],"circlet_count":0,"master_deck":["Defend_G","Defend_G","Defend_G","Defend_G","Survivor","Neutralize","REME_Shoggoth","Hidden Blade","REME_AllRoundStrike","Adrenaline","Adrenaline","Acrobatics","Reflex+1","Tactician","Neutralize","Tactician","Night Terror","PiercingWail","Venomology","Tactician"],"relics":["Ring of the Snake","Black Star","Sling","PreservedInsect","REME_ComplimentaryCards","Replay:Wax Seal","Sundial","TwistedFunnel","Blood Vial","Kunai","MawBank","infinitespire:Golems Mask","Strawberry","The Courier","Regal Pillow","ReplayTheSpireMod:DimensionalGlitch","Replay:Bandana","Snake Skull","Smiling Mask","Lantern","Thread and Needle","Du-Vu Doll","Empty Cage","Bronze Scales","Nunchaku","Pet Ghost","Frozen Egg 2","Molten Egg 2","Old Coin","Ice Cream","infinitespire:BottledMercury","Ancient Tea Set"],"acts_visited":["Exordium"],"potions_floor_usage":[17,18,18,18,18],"damage_taken":[{"damage":0,"enemies":"Gremlin Nob","floor":3,"turns":2},{"damage":0,"enemies":"Lagavulin","floor":4,"turns":2},{"damage":1,"enemies":"3 Sentries","floor":5,"turns":3},{"damage":0,"enemies":"Gremlin Leader","floor":9,"turns":3},{"damage":12,"enemies":"Slavers","floor":10,"turns":3},{"damage":2,"enemies":"Book of Stabbing","floor":11,"turns":3},{"damage":0,"enemies":"Giant Head","floor":15,"turns":3},{"damage":0,"enemies":"Nemesis","floor":16,"turns":3},{"damage":0,"enemies":"Reptomancer","floor":17,"turns":2},{"damage":7,"enemies":"Shield and Spear","floor":18,"turns":4}],"seed_played":"5276589956321507422","potions_obtained":[{"floor":9,"key":"SteroidPotion"},{"floor":10,"key":"Poison Potion"},{"floor":15,"key":"Block Potion"},{"floor":17,"key":"Fire Potion"}],"is_trial":true,"path_per_floor":["$","$","E","E","E","T","$","R","E","E","E","T","$","$","E","E","E","E",null],"character_chosen":"THE_SILENT","items_purchased":["Replay:Wax Seal","Sundial","Hidden Blade","REME_AllRoundStrike","TwistedFunnel","Blood Vial","Reflex","Bronze Scales"],"campfire_rested":0,"item_purchase_floors":[1,1,1,2,2,2,7,13],"current_hp_per_floor":[70,70,70,77,76,76,76,76,77,65,64,64,64,64,65,66,67,61],"gold":738,"neow_bonus":"","is_daily":false,"chose_seed":false,"campfire_upgraded":1,"win_rate":0.0,"timestamp":1608814013,"path_taken":["$","$","E","E","E","T","$","R","E","E","E","T","$","$","E","E","E","E"],"items_purchased_type":["Relic","Relic","Card","Card","Relic","Relic","Card","Relic"],"build_version":"2020-12-22","purchased_purges":4,"victory":true,"max_hp_per_floor":[70,70,70,77,77,77,77,77,77,77,77,77,77,77,77,77,77,77],"card_choices":[],"player_experience":572308,"relics_obtained":[{"floor":3,"key":"Kunai"},{"floor":3,"key":"MawBank"},{"floor":4,"key":"infinitespire:Golems Mask"},{"floor":4,"key":"Strawberry"},{"floor":5,"key":"The Courier"},{"floor":5,"key":"Regal Pillow"},{"floor":9,"key":"Replay:Bandana"},{"floor":9,"key":"Snake Skull"},{"floor":10,"key":"Smiling Mask"},{"floor":10,"key":"Lantern"},{"floor":11,"key":"Thread and Needle"},{"floor":11,"key":"Du-Vu Doll"},{"floor":15,"key":"Nunchaku"},{"floor":15,"key":"Pet Ghost"},{"floor":16,"key":"Frozen Egg 2"},{"floor":16,"key":"Molten Egg 2"},{"floor":17,"key":"Old Coin"},{"floor":17,"key":"Ice Cream"},{"floor":18,"key":"infinitespire:BottledMercury"},{"floor":18,"key":"Ancient Tea Set"}],"event_choices":[],"is_beta":false,"boss_relics":[{"not_picked":["REME_DemonsWealth","REME_LowDesire"],"picked":"ReplayTheSpireMod:DimensionalGlitch"},{"not_picked":["Snecko Eye","Runic Pyramid"],"picked":"Empty Cage"}],"items_purged_floors":[1,2,7,13],"is_endless":false,"potions_floor_spawned":[9,10,15,17],"ascension_level":0}}