{"host":"8by3m8mve9y2rhh4","time":1608826380,"event":{"mods":["BaseMod","Minty Spire (QoL Compilation)","Quick Restart"],"gold_per_floor":[112,128,141,21,31,41,69,82,82,115,115,143,143,163,163,266,266,266,266,266,266,266,266,266,16,16,16,16,16,16,16,16,16,16,16,16,16,16,16,16,16,16,16,16,16,16,16,16,16,16,16,16,16,16,16,16],"floor_reached":55,"playtime":2222,"items_purged":["Strike_R","Pain"],"score":912,"play_id":"9a507f3e-fe70-43cc-bdcc-24a10693ecff","local_time":"20201224161300","is_ascension_mode":true,"campfire_choices":[{"floor":11,"key":"REST"},{"floor":13,"key":"REST"},{"data":"Demon Form","floor":15,"key":"SMITH"},{"floor":23,"key":"REST"},{"floor":32,"key":"REST"},{"floor":41,"key":"REST"},{"floor":44,"key":"RECALL"},{"floor":46,"key":"REST"},{"floor":49,"key":"REST"},{"data":"Berserk","floor":52,"key":"SMITH"}],"circlet_count":0,"master_deck":["Strike_R","Strike_R","Strike_R","Defend_R","Defend_R","Defend_R","Defend_R","Bash","Demon Form+1","Headbutt","Uppercut","Heavy Blade","Sword Boomerang","Fire Breathing","Battle Trance","Cleave","Ghostly Armor","Iron Wave","Inflame","Iron Wave","Berserk+1","Thunderclap+1","Sentinel+1","Feel No Pain","Spot Weakness","Sword Boomerang","Cleave+1","Heavy Blade","True Grit+1","Shrug It Off+1","Iron Wave+1","Rupture+1","Armaments+1","Parasite","Inflame+1"],"relics":["Burning Blood","Dream Catcher","Bronze Scales","MealTicket","PreservedInsect","Ectoplasm","WarpedTongs","Frozen Egg 2","Sling","Blood Vial","Mango","Philosopher\u0027s Stone","Ornamental Fan","Calipers","Question Card","The Courier","Vajra"],"acts_visited":["Exordium","TheCity","TheBeyond","TheEnding"],"potions_floor_usage":[5,12,12,21,24,30,33,33,35,45,45,50,50],"damage_taken":[{"damage":1,"enemies":"Cultist","floor":1,"turns":3},{"damage":3,"enemies":"2 Louse","floor":2,"turns":3},{"damage":11,"enemies":"Jaw Worm","floor":3,"turns":4},{"damage":8,"enemies":"Gremlin Gang","floor":5,"turns":7},{"damage":17,"enemies":"2 Fungi Beasts","floor":6,"turns":5},{"damage":20,"enemies":"3 Sentries","floor":7,"turns":6},{"damage":19,"enemies":"Exordium Thugs","floor":8,"turns":5},{"damage":26,"enemies":"Lagavulin","floor":10,"turns":6},{"damage":10,"enemies":"Gremlin Nob","floor":12,"turns":3},{"damage":3,"enemies":"Red Slaver","floor":14,"turns":4},{"damage":35,"enemies":"Slime Boss","floor":16,"turns":6},{"damage":34,"enemies":"Shell Parasite","floor":18,"turns":5},{"damage":10,"enemies":"3 Byrds","floor":19,"turns":2},{"damage":23,"enemies":"3 Cultists","floor":21,"turns":5},{"damage":10,"enemies":"Snake Plant","floor":22,"turns":3},{"damage":28,"enemies":"Gremlin Leader","floor":24,"turns":5},{"damage":0,"enemies":"Snecko","floor":27,"turns":3},{"damage":38,"enemies":"Shelled Parasite and Fungi","floor":28,"turns":5},{"damage":11,"enemies":"Slavers","floor":29,"turns":3},{"damage":14,"enemies":"Snake Plant","floor":30,"turns":3},{"damage":0,"enemies":"Gremlin Leader","floor":31,"turns":3},{"damage":109,"enemies":"Automaton","floor":33,"turns":9},{"damage":3,"enemies":"Orb Walker","floor":35,"turns":3},{"damage":20,"enemies":"3 Shapes","floor":37,"turns":2},{"damage":44,"enemies":"3 Darklings","floor":38,"turns":5},{"damage":2,"enemies":"Sphere and 2 Shapes","floor":39,"turns":3},{"damage":18,"enemies":"Giant Head","floor":40,"turns":6},{"damage":24,"enemies":"Nemesis","floor":42,"turns":4},{"damage":7,"enemies":"Reptomancer","floor":45,"turns":5},{"damage":20,"enemies":"Writhing Mass","floor":47,"turns":7},{"damage":14,"enemies":"Maw","floor":48,"turns":7},{"damage":74,"enemies":"Time Eater","floor":50,"turns":7},{"damage":74,"enemies":"Shield and Spear","floor":54,"turns":6},{"damage":52,"enemies":"The Heart","floor":55,"turns":2}],"seed_played":"-6371910931580133143","potions_obtained":[{"floor":1,"key":"Block Potion"},{"floor":8,"key":"DuplicationPotion"},{"floor":10,"key":"Fire Potion"},{"floor":12,"key":"FairyPotion"},{"floor":14,"key":"ElixirPotion"},{"floor":22,"key":"DistilledChaos"},{"floor":28,"key":"GamblersBrew"},{"floor":29,"key":"Fire Potion"},{"floor":30,"key":"Fire Potion"},{"floor":33,"key":"Block Potion"},{"floor":38,"key":"Block Potion"},{"floor":39,"key":"DistilledChaos"},{"floor":42,"key":"LiquidBronze"},{"floor":47,"key":"Dexterity Potion"}],"is_trial":false,"path_per_floor":["M","M","M","$","M","M","E","M","T","E","R","E","R","M","R","B",null,"M","M","?","M","M","R","E","$","T","M","M","E","M","E","R","B",null,"M","?","M","M","M","E","R","E","T","R","E","R","M","M","R","B",null,"R","$","E","B"],"character_chosen":"IRONCLAD","items_purchased":["Heavy Blade","Sling"],"campfire_rested":7,"item_purchase_floors":[4,25],"current_hp_per_floor":[80,80,75,75,73,62,48,35,35,15,39,35,59,62,62,33,80,52,48,48,31,27,51,29,44,44,50,18,13,7,29,57,16,94,94,94,80,44,50,40,68,52,52,52,53,81,69,63,91,25,94,94,94,26,0,0],"gold":16,"neow_bonus":"ONE_RANDOM_RARE_CARD","is_daily":false,"chose_seed":false,"campfire_upgraded":2,"win_rate":0.0,"timestamp":1608826380,"path_taken":["M","M","M","?","?","M","E","M","T","E","R","E","R","M","R","BOSS","M","?","?","?","M","R","E","$","T","M","M","E","M","E","R","BOSS","M","?","M","?","M","E","R","E","T","R","E","R","M","?","R","BOSS","R","$","E","BOSS"],"items_purchased_type":["Card","Relic"],"build_version":"2020-12-22","purchased_purges":2,"victory":false,"max_hp_per_floor":[80,80,80,80,80,80,80,80,80,80,80,80,80,80,80,80,80,80,80,80,80,80,80,80,80,80,80,80,80,80,94,94,94,94,94,94,94,94,94,94,94,94,94,94,94,94,94,94,94,94,94,94,94,94,94,94],"card_choices":[{"not_picked":["Entrench","Perfected Strike"],"picked":"Headbutt","floor":1},{"not_picked":["Sever Soul","Clothesline","Wild Strike"],"picked":"SKIP","floor":2},{"not_picked":["Blood for Blood","Thunderclap"],"picked":"Uppercut","floor":3},{"not_picked":["Headbutt","Whirlwind"],"picked":"Sword Boomerang","floor":5},{"not_picked":["Infernal Blade","Heavy Blade"],"picked":"Fire Breathing","floor":6},{"not_picked":["Pommel Strike","Clash"],"picked":"Battle Trance","floor":7},{"not_picked":["Intimidate","Reckless Charge"],"picked":"Cleave","floor":8},{"not_picked":["Dark Embrace","Second Wind"],"picked":"Ghostly Armor","floor":10},{"not_picked":["Bludgeon","Wild Strike"],"picked":"Iron Wave","floor":11},{"not_picked":["Rampage","Reckless Charge"],"picked":"Inflame","floor":12},{"not_picked":["Clothesline","Battle Trance"],"picked":"Iron Wave","floor":13},{"not_picked":["Combust","Infernal Blade","Twin Strike"],"picked":"SKIP","floor":14},{"not_picked":["Corruption","Immolate"],"picked":"Berserk","floor":16},{"not_picked":["Reckless Charge","Carnage+1","Body Slam+1"],"picked":"SKIP","floor":18},{"not_picked":["Shockwave","Flex+1"],"picked":"Thunderclap+1","floor":19},{"not_picked":["Clothesline","Entrench","Power Through"],"picked":"SKIP","floor":21},{"not_picked":["Havoc","Blood for Blood"],"picked":"Sentinel+1","floor":22},{"not_picked":["Twin Strike+1","Sever Soul"],"picked":"Feel No Pain","floor":23},{"not_picked":["Twin Strike","Clash+1"],"picked":"Spot Weakness","floor":24},{"not_picked":["Sentinel","Twin Strike"],"picked":"Sword Boomerang","floor":27},{"not_picked":["Dark Embrace+1","Combust+1","Heavy Blade"],"picked":"SKIP","floor":28},{"not_picked":["Infernal Blade","Thunderclap","Havoc"],"picked":"SKIP","floor":29},{"not_picked":["Warcry+1","Infernal Blade+1","Clash+1"],"picked":"SKIP","floor":30},{"not_picked":["Body Slam","Battle Trance","Pommel Strike"],"picked":"SKIP","floor":31},{"not_picked":["Blood for Blood","Wild Strike"],"picked":"Cleave+1","floor":32},{"not_picked":["Feel No Pain+1","Headbutt+1"],"picked":"Heavy Blade","floor":35},{"not_picked":["Entrench","Flex+1","Pommel Strike"],"picked":"SKIP","floor":37},{"not_picked":["Flex+1","Ghostly Armor"],"picked":"True Grit+1","floor":38},{"not_picked":["Reckless Charge","Rupture+1"],"picked":"Shrug It Off+1","floor":39},{"not_picked":["Dark Embrace+1","Battle Trance","Immolate"],"picked":"SKIP","floor":40},{"not_picked":["Warcry","Clothesline"],"picked":"Iron Wave+1","floor":41},{"not_picked":["Shockwave+1","Clash+1"],"picked":"Rupture+1","floor":42},{"not_picked":["Armaments","Infernal Blade+1","Sever Soul","Flame Barrier"],"picked":"SKIP","floor":45},{"not_picked":["Iron Wave","Anger+1","Flame Barrier+1"],"picked":"Armaments+1","floor":46},{"not_picked":["Anger+1","Power Through","Thunderclap","Second Wind"],"picked":"SKIP","floor":47},{"not_picked":["Heavy Blade+1","Whirlwind+1","Anger+1","Armaments+1"],"picked":"SKIP","floor":48},{"not_picked":["Brutality+1","Cleave+1","Reckless Charge+1"],"picked":"Inflame+1","floor":54}],"player_experience":595635,"relics_obtained":[{"floor":7,"key":"Dream Catcher"},{"floor":9,"key":"Bronze Scales"},{"floor":10,"key":"MealTicket"},{"floor":12,"key":"PreservedInsect"},{"floor":24,"key":"Frozen Egg 2"},{"floor":29,"key":"Blood Vial"},{"floor":31,"key":"Mango"},{"floor":40,"key":"Ornamental Fan"},{"floor":42,"key":"Calipers"},{"floor":43,"key":"Question Card"},{"floor":45,"key":"The Courier"},{"floor":54,"key":"Vajra"}],"event_choices":[{"damage_healed":0,"gold_gain":0,"player_choice":"Rummage","damage_taken":0,"relics_obtained":["WarpedTongs"],"max_hp_gain":0,"max_hp_loss":0,"event_name":"Accursed Blacksmith","floor":20,"gold_loss":0,"cards_obtained":["Pain"]},{"cards_removed":["Strike_R"],"damage_healed":0,"gold_gain":0,"player_choice":"Card Removal","damage_taken":0,"max_hp_gain":0,"max_hp_loss":0,"event_name":"Wheel of Change","floor":36,"gold_loss":0}],"is_beta":false,"boss_relics":[{"not_picked":["Runic Cube","Coffee Dripper"],"picked":"Ectoplasm"},{"not_picked":["Cursed Key","Runic Dome"],"picked":"Philosopher\u0027s Stone"}],"items_purged_floors":[4,25],"is_endless":false,"potions_floor_spawned":[1,8,10,12,14,22,28,29,30,31,33,38,39,42,47],"killed_by":"The Heart","ascension_level":1}}