{"host":"mwsmbxdngw43p4je","time":1608795947,"event":{"mods":["BaseMod","Better Third Choice","Colored Map","Colored Powertips","DeckTracker","Downfall","Minty Spire (QoL Compilation)","Permanent Neow","Quick Restart","Relic Stats","Replay The Spire","StSLib"],"gold_per_floor":[119,119,131,149,149,174,190,190,215,241,241,98,98,112,112,214,214,225,85,98,117,117,117,149,149,149,70,100,113,113,127,127,224,224,243,243,253,54,0,28,28,28,55,55,86,86,113,132,132,132],"floor_reached":51,"playtime":3231,"items_purged":["Strike_B"],"score":761,"play_id":"c0a0e8ea-5dcd-47de-8e60-83651b37d8af","local_time":"20201224014547","is_ascension_mode":true,"campfire_choices":[{"floor":11,"key":"REST"},{"floor":13,"key":"REST"},{"data":"Loop","floor":15,"key":"SMITH"},{"floor":23,"key":"REST"},{"floor":25,"key":"REST"},{"floor":30,"key":"REST"},{"floor":32,"key":"REST"},{"floor":41,"key":"REST"},{"data":"Redo","floor":46,"key":"SMITH"},{"floor":49,"key":"REST"}],"circlet_count":0,"master_deck":["Defend_B+1","Defend_B","Defend_B+1","Defend_B","Zap+1","Dualcast","Electrodynamics","Conserve Battery","Capacitor","Redo+1","Loop+1","Rainbow","Storm","Redo","Loop","Capacitor","Lockon","Echo Form","Consume","Echo Form","Redo+1","Leap","Barrage+1","Pot Of Greed","Pot Of Greed","Conserve Battery+1","Pot Of Greed"],"relics":["Cracked Core","Simple Rune","Bag of Preparation","Bag of Marbles","ChewingGum","Blue Candle","Replay:WaspNest","Onion Ring","Painkiller Herb","Oddly Smooth Stone","Red Mask","Juzu Bracelet","Grinning Jar","BranchBurnRelic","HornCleat"],"acts_visited":["Exordium","TheCity","TheBeyond"],"potions_floor_usage":[24,33,33,48,50,50],"damage_taken":[{"damage":3,"enemies":"Jaw Worm","floor":1,"turns":3},{"damage":2,"enemies":"Small Slimes","floor":3,"turns":3},{"damage":0,"enemies":"Cultist","floor":4,"turns":2},{"damage":10,"enemies":"Replay:BlueRogue","floor":6,"turns":7},{"damage":0,"enemies":"Gremlin Gang","floor":7,"turns":2},{"damage":40,"enemies":"Gremlin Nob","floor":10,"turns":5},{"damage":0,"enemies":"Blue Slaver","floor":14,"turns":4},{"damage":23,"enemies":"Slime Boss","floor":16,"turns":6},{"damage":10,"enemies":"Shell Parasite","floor":18,"turns":6},{"damage":2,"enemies":"3 Byrds","floor":20,"turns":2},{"damage":23,"enemies":"Snake Plant","floor":21,"turns":4},{"damage":18,"enemies":"Slavers","floor":24,"turns":3},{"damage":18,"enemies":"Gremlin Leader","floor":28,"turns":6},{"damage":2,"enemies":"Chosen and Byrds","floor":29,"turns":3},{"damage":6,"enemies":"3 Cultists","floor":31,"turns":3},{"damage":66,"enemies":"Collector","floor":33,"turns":7},{"damage":0,"enemies":"Orb Walker","floor":35,"turns":1},{"damage":8,"enemies":"3 Shapes","floor":37,"turns":4},{"damage":47,"enemies":"Nemesis","floor":40,"turns":5},{"damage":13,"enemies":"Giant Head","floor":47,"turns":5},{"damage":6,"enemies":"Spire Growth","floor":48,"turns":5},{"damage":39,"enemies":"Awakened One","floor":50,"turns":6}],"seed_played":"-2504846910146563458","potions_obtained":[{"floor":7,"key":"SpeedPotion"},{"floor":10,"key":"Swift Potion"},{"floor":16,"key":"SkillPotion"},{"floor":21,"key":"ColorlessPotion"},{"floor":28,"key":"champ:CounterPotion"},{"floor":40,"key":"SteroidPotion"},{"floor":45,"key":"SkillPotion"},{"floor":47,"key":"Fruit Juice"},{"floor":48,"key":"Slimebound:ThreeZeroPotion"}],"is_trial":false,"path_per_floor":["M","?","M","M","?","E","M","?","T","E","R","$","R","M","R","B",null,"M","$","M","M","?","R","E","R","T","$","E","M","R","M","R","B",null,"?","?","?","T","?","E","T","?","T","?","?","T","E","?","T","B",null],"character_chosen":"DEFECT","items_purchased":["Loop","Storm","White Noise","Lockon","Oddly Smooth Stone","Leap"],"campfire_rested":8,"item_purchase_floors":[12,19,19,27,38,38],"current_hp_per_floor":[65,65,63,63,56,46,46,46,46,6,26,26,46,46,46,23,68,58,58,56,33,33,53,35,55,55,55,37,35,55,49,68,2,68,68,68,60,60,60,13,33,33,33,68,68,68,57,56,73,42],"gold":132,"neow_bonus":"THREE_RARE_CARDS","is_daily":false,"chose_seed":false,"campfire_upgraded":2,"win_rate":0.0,"timestamp":1608795947,"path_taken":["M","?","M","M","?","E","M","?","T","E","R","$","R","M","R","BOSS","M","$","M","M","?","R","E","R","T","$","E","M","R","?","R","BOSS","?","?","?","T","?","E","T","?","T","?","?","T","E","?","T","BOSS"],"items_purchased_type":["Card","Card","Card","Card","Relic","Card"],"build_version":"2020-12-22","purchased_purges":1,"victory":true,"max_hp_per_floor":[68,68,68,68,68,68,68,68,68,68,68,68,68,68,68,68,68,68,68,68,68,68,68,68,68,68,68,68,68,68,68,68,68,68,68,68,68,68,68,68,68,68,68,68,68,68,68,73,73,73],"relic_stats":{"counters":[22,88],"Blue Candle":[0],"Bag of Preparation":[34],"Juzu Bracelet":1,"obtain_stats":[{"Blue Candle":24,"Dead Branch":40,"Oddly Smooth Stone":38,"Painkiller Herb":34,"Replay:WaspNest":26,"Bag of Preparation":9,"Juzu Bracelet":43,"BranchBurnRelic":46,"HornCleat":47,"Simple Rune":6,"ChewingGum":17,"Onion Ring":28,"Bag of Marbles":10,"Red Mask":39,"Grinning Jar":45,"Cracked Core":0},{"Blue Candle":12,"Dead Branch":19,"Oddly Smooth Stone":18,"Painkiller Herb":16,"Replay:WaspNest":12,"Bag of Preparation":5,"Juzu Bracelet":19,"BranchBurnRelic":19,"HornCleat":20,"Simple Rune":4,"ChewingGum":8,"Onion Ring":13,"Bag of Marbles":6,"Red Mask":18,"Grinning Jar":19,"Cracked Core":0},{"Blue Candle":45,"Dead Branch":72,"Oddly Smooth Stone":67,"Painkiller Herb":62,"Replay:WaspNest":45,"Bag of Preparation":17,"Juzu Bracelet":72,"BranchBurnRelic":72,"HornCleat":77,"Simple Rune":15,"ChewingGum":30,"Onion Ring":50,"Bag of Marbles":22,"Red Mask":67,"Grinning Jar":72,"Cracked Core":0}]},"card_choices":[{"not_picked":["ReplayTheSpireMod:Fabricate Wheel","Creative AI"],"picked":"Electrodynamics","floor":0},{"not_picked":["Rebound","Lockon"],"picked":"Conserve Battery","floor":1},{"not_picked":["Beam Cell","Coolheaded","Steam Power"],"picked":"SKIP","floor":3},{"not_picked":["BasicCrystalCard","Barrage"],"picked":"Capacitor","floor":4},{"not_picked":["Stack","Tempest"],"picked":"Redo","floor":6},{"not_picked":["BasicCrystalCard","ReplayRNGCard","Go for the Eyes"],"picked":"SKIP","floor":7},{"not_picked":["Sunder","Chaos","Steam"],"picked":"SKIP","floor":10},{"not_picked":["Steam","Fusion","Skim"],"picked":"SKIP","floor":14},{"not_picked":["Meteor Strike","Biased Cognition"],"picked":"Rainbow","floor":16},{"not_picked":["Auto Shields","Barrage","Panic Button+1"],"picked":"SKIP","floor":18},{"not_picked":["Cold Snap","Chill"],"picked":"Redo","floor":20},{"not_picked":["Compile Driver+1","Conserve Battery"],"picked":"Loop","floor":21},{"not_picked":["Time Bomb","Sweeping Beam"],"picked":"Capacitor","floor":24},{"not_picked":["Fusion","Barrage","Recycle"],"picked":"SKIP","floor":28},{"not_picked":["Loop","Compile Driver"],"picked":"Echo Form","floor":29},{"not_picked":["Turbo","Gash"],"picked":"Consume","floor":31},{"not_picked":["Seek","Multi-Cast"],"picked":"Echo Form","floor":33},{"not_picked":["Glacier+1","Steam","ReplayTheSpireMod:GoodbyeWorld"],"picked":"SKIP","floor":35},{"not_picked":["Rip and Tear","Conserve Battery"],"picked":"Redo+1","floor":37},{"not_picked":["Doom and Gloom+1","Time Bomb+1"],"picked":"Barrage+1","floor":40},{"not_picked":["Streamline+1","Rebound"],"picked":"Conserve Battery+1","floor":45},{"not_picked":["Reinforced Body","BasicCrystalCard","Reprogram"],"picked":"SKIP","floor":47},{"not_picked":["Buffer","ReplayTheSpireMod:System Scan","Glacier+1"],"picked":"SKIP","floor":48}],"player_experience":427825,"relics_obtained":[{"floor":6,"key":"Simple Rune"},{"floor":9,"key":"Bag of Preparation"},{"floor":10,"key":"Bag of Marbles"},{"floor":24,"key":"Blue Candle"},{"floor":26,"key":"Replay:WaspNest"},{"floor":28,"key":"Onion Ring"},{"floor":40,"key":"Dead Branch"},{"floor":43,"key":"Juzu Bracelet"},{"floor":45,"key":"Grinning Jar"},{"floor":47,"key":"HornCleat"}],"event_choices":[{"cards_removed":["Strike_B"],"damage_healed":0,"gold_gain":0,"player_choice":"Card Removal","damage_taken":7,"max_hp_gain":0,"max_hp_loss":0,"event_name":"Golden Wing","floor":5,"gold_loss":0},{"cards_removed":["Strike_B"],"damage_healed":0,"gold_gain":0,"player_choice":"Purged","damage_taken":0,"max_hp_gain":0,"max_hp_loss":0,"event_name":"Purifier","floor":8,"gold_loss":0},{"damage_healed":0,"gold_gain":0,"cards_transformed":["Strike_B"],"player_choice":"Transformed","damage_taken":0,"max_hp_gain":0,"max_hp_loss":0,"event_name":"Transmorgrifier","floor":22,"gold_loss":0,"cards_obtained":["ReplayTheSpireMod:Omega Cannon"]},{"cards_removed":["ReplayTheSpireMod:Omega Cannon"],"damage_healed":0,"gold_gain":0,"player_choice":"Removed Attack","damage_taken":0,"max_hp_gain":0,"max_hp_loss":0,"event_name":"Falling","floor":36,"gold_loss":0},{"damage_healed":0,"gold_gain":0,"player_choice":"Paid","damage_taken":0,"relics_obtained":["Red Mask"],"max_hp_gain":0,"max_hp_loss":0,"event_name":"Tomb of Lord Red Mask","floor":39,"gold_loss":54},{"cards_removed":["White Noise"],"damage_healed":35,"gold_gain":0,"player_choice":"Offered Uncommon","damage_taken":0,"max_hp_gain":0,"max_hp_loss":0,"event_name":"Bonfire Elementals","floor":44,"gold_loss":0}],"is_beta":false,"boss_relics":[{"not_picked":["Cursed Key","SacredBark"],"picked":"ChewingGum"},{"not_picked":["Replay:Bronze Core","Philosopher\u0027s Stone"],"picked":"Painkiller Herb"}],"items_purged_floors":[12],"is_endless":false,"potions_floor_spawned":[7,10,16,20,21,28,31,40,47,48],"ascension_level":1}}