{"host":"icfpfg8l7slpscsh","time":1608852524,"event":{"mods":["AchievementEnabler","BaseMod","Colored Map","Colored Powertips","Highlight Path","Minty Spire (QoL Compilation)","Permanent Neow","Quick Restart","StSLib"],"gold_per_floor":[114,289,64,79,79,109,124,154,154,169,199,199,229,244,244,344,344,359,359,458,473,488,488,518,518,568,583,598,628,628,643,643,743,743,758,773,708,738,546,576,591,266,341,341,341,356,371,386,386,386],"floor_reached":51,"playtime":2409,"items_purged":[],"score":1129,"play_id":"c5041cd2-057f-44b4-8199-ce2d952cce18","local_time":"20201224182844","daily_mods":["Insanity","Purple Cards","DeadlyEvents"],"is_ascension_mode":false,"campfire_choices":[{"floor":12,"key":"REST"},{"floor":15,"key":"REST"},{"floor":23,"key":"REST"},{"floor":25,"key":"REST"},{"floor":32,"key":"REST"},{"floor":45,"key":"REST"},{"data":"Mind Blast","floor":49,"key":"SMITH"}],"circlet_count":0,"master_deck":["Outmaneuver+1","Quick Slash","Slice","Meditate","Halt","Concentrate","Finisher","Cloak And Dagger","WheelKick","FlyingSleeves","FollowUp","Crescendo","Prepared","TalkToTheHand","FlurryOfBlows","Slice","Crescendo","PiercingWail","ThirdEye+1","Deadly Poison","TalkToTheHand","Well Laid Plans","FlurryOfBlows","Sucker Punch","Meditate","Outmaneuver","EmptyMind","CrushJoints","SignatureMove","Conclude","FollowUp","Riddle With Holes","FlurryOfBlows","Dodge and Roll","FlyingSleeves","FlurryOfBlows","ForeignInfluence","Evaluate","Quick Slash","BowlingBash","Conclude","Evaluate","Dagger Throw","Evaluate","Setup","Blade Dance","TalkToTheHand","FlyingSleeves","Tantrum","FollowUp","Sanctity","Quick Slash","Burst","Blade Dance","Backstab","EmptyFist","Perseverance","Bullet Time","WindmillStrike+1","Cloak And Dagger","PiercingWail","Mind Blast+1"],"relics":["Ring of the Snake","Membership Card","Vajra","MealTicket","Boot","Thread and Needle","Matryoshka","Potion Belt","Blood Vial","Black Star","Dead Branch","Question Card","Singing Bowl","Smiling Mask","PreservedInsect","Anchor","Busted Crown","Peace Pipe","Regal Pillow","Turnip","Medical Kit","Bag of Preparation","Pen Nib","Molten Egg 2","ClockworkSouvenir","Pear","Nunchaku","War Paint","InkBottle"],"acts_visited":["Exordium","TheCity","TheBeyond"],"potions_floor_usage":[8,13,21,24,29,33,33,38,40,50,50,50],"damage_taken":[{"damage":5,"enemies":"Small Slimes","floor":1,"turns":2},{"damage":1,"enemies":"Jaw Worm","floor":4,"turns":2},{"damage":0,"enemies":"Gremlin Nob","floor":6,"turns":2},{"damage":0,"enemies":"Cultist","floor":7,"turns":3},{"damage":36,"enemies":"Lagavulin","floor":8,"turns":3},{"damage":0,"enemies":"Lots of Slimes","floor":10,"turns":3},{"damage":11,"enemies":"3 Sentries","floor":11,"turns":5},{"damage":0,"enemies":"Lagavulin","floor":13,"turns":2},{"damage":0,"enemies":"2 Fungi Beasts","floor":14,"turns":2},{"damage":0,"enemies":"Slime Boss","floor":16,"turns":4},{"damage":0,"enemies":"Spheric Guardian","floor":18,"turns":1},{"damage":1,"enemies":"3 Byrds","floor":21,"turns":3},{"damage":12,"enemies":"Snecko","floor":22,"turns":3},{"damage":8,"enemies":"Book of Stabbing","floor":24,"turns":2},{"damage":0,"enemies":"Chosen and Byrds","floor":27,"turns":3},{"damage":22,"enemies":"Shelled Parasite and Fungi","floor":28,"turns":4},{"damage":25,"enemies":"Gremlin Leader","floor":29,"turns":5},{"damage":2,"enemies":"3 Cultists","floor":31,"turns":4},{"damage":38,"enemies":"Automaton","floor":33,"turns":5},{"damage":0,"enemies":"Orb Walker","floor":35,"turns":2},{"damage":15,"enemies":"3 Shapes","floor":36,"turns":2},{"damage":0,"enemies":"Nemesis","floor":38,"turns":3},{"damage":51,"enemies":"Reptomancer","floor":40,"turns":4},{"damage":0,"enemies":"Maw","floor":41,"turns":3},{"damage":0,"enemies":"3 Darklings","floor":46,"turns":2},{"damage":0,"enemies":"Spire Growth","floor":47,"turns":1},{"damage":0,"enemies":"Writhing Mass","floor":48,"turns":2},{"damage":99,"enemies":"Time Eater","floor":50,"turns":7}],"seed_played":"-4388098555046818604","potions_obtained":[{"floor":4,"key":"SkillPotion"},{"floor":8,"key":"LiquidBronze"},{"floor":11,"key":"Poison Potion"},{"floor":13,"key":"Swift Potion"},{"floor":14,"key":"Swift Potion"},{"floor":16,"key":"FearPotion"},{"floor":22,"key":"Block Potion"},{"floor":28,"key":"Ancient Potion"},{"floor":33,"key":"SpeedPotion"},{"floor":35,"key":"Energy Potion"},{"floor":36,"key":"Energy Potion"},{"floor":38,"key":"SpeedPotion"},{"floor":47,"key":"Poison Potion"}],"is_trial":false,"path_per_floor":["M","?","$","M","?","E","M","E","T","M","E","R","E","M","R","B",null,"M","?","?","M","M","R","E","R","T","M","M","E","?","M","R","B",null,"M","M","?","E","$","E","M","$","T","?","R","M","M","M","R","B",null],"character_chosen":"THE_SILENT","items_purchased":["Membership Card","Vajra","Medical Kit","Bag of Preparation","Mind Blast","ClockworkSouvenir","Pear","Nunchaku","FairyPotion"],"campfire_rested":6,"item_purchase_floors":[3,3,39,39,39,42,42,42,42],"current_hp_per_floor":[65,65,65,64,61,61,61,25,25,25,14,35,35,37,58,60,70,70,70,70,69,58,70,62,70,70,72,52,31,31,33,56,22,80,82,69,69,73,86,37,41,66,66,66,100,102,104,106,106,7],"gold":386,"neow_bonus":"","is_daily":true,"chose_seed":false,"campfire_upgraded":1,"win_rate":0.0,"timestamp":1608852524,"path_taken":["M","?","$","M","?","E","?","?","T","M","E","R","?","M","R","BOSS","M","?","?","M","M","R","E","R","T","?","M","?","?","M","R","BOSS","M","M","?","?","$","E","M","$","T","?","R","M","M","M","R","BOSS"],"items_purchased_type":["Relic","Relic","Relic","Relic","Card","Relic","Relic","Relic","Potion"],"build_version":"2020-12-22","purchased_purges":0,"victory":true,"max_hp_per_floor":[70,70,70,70,70,70,70,70,70,70,70,70,70,70,70,70,70,70,70,70,70,70,70,70,70,70,72,74,76,76,78,78,80,80,82,84,84,86,86,88,90,100,100,100,100,102,104,106,106,106],"card_choices":[{"not_picked":["Bane","WreathOfFlame","Choke"],"picked":"SKIP","floor":1},{"not_picked":["CrushJoints","Adaptation"],"picked":"FollowUp","floor":4},{"not_picked":["Well Laid Plans","FlurryOfBlows"],"picked":"Sanctity","floor":6},{"not_picked":["Study","Evaluate"],"picked":"Quick Slash","floor":7},{"not_picked":["FlurryOfBlows","Evaluate"],"picked":"Burst","floor":8},{"not_picked":["Quick Slash","Eviscerate"],"picked":"Blade Dance","floor":10},{"not_picked":["JustLucky","InnerPeace"],"picked":"Backstab","floor":11},{"not_picked":["Acrobatics","Grand Finale"],"picked":"EmptyFist","floor":13},{"not_picked":["ThirdEye","Halt"],"picked":"Perseverance","floor":14},{"not_picked":["Doppelganger","Judgement"],"picked":"Bullet Time","floor":16},{"not_picked":["Underhanded Strike","Pray+1","Prostrate"],"picked":"SKIP","floor":18},{"not_picked":["CrushJoints","Outmaneuver"],"picked":"WindmillStrike+1","floor":21},{"not_picked":["Consecrate","FlyingSleeves"],"picked":"Cloak And Dagger","floor":22},{"not_picked":["Worship+1","Phantasmal Killer"],"picked":"PiercingWail","floor":24},{"not_picked":["CarveReality","Crippling Poison","EmptyMind","Swivel+1"],"picked":"Singing Bowl","floor":27},{"not_picked":["Protect+1","Outmaneuver+1","Wallop","SandsOfTime"],"picked":"Singing Bowl","floor":28},{"not_picked":["Tantrum","Underhanded Strike","FollowUp","InnerPeace"],"picked":"Singing Bowl","floor":29},{"not_picked":["Dagger Spray","Setup","Sucker Punch","BowlingBash"],"picked":"Singing Bowl","floor":31},{"not_picked":["Alpha","Devotion","Glass Knife","Blasphemy"],"picked":"Singing Bowl","floor":33},{"not_picked":["Well Laid Plans+1","Noxious Fumes"],"picked":"Singing Bowl","floor":35},{"not_picked":["Dagger Throw","Dodge and Roll"],"picked":"Singing Bowl","floor":36},{"not_picked":["Backstab","Flechettes+1"],"picked":"Singing Bowl","floor":38},{"not_picked":["ClearTheMind","Vengeance+1"],"picked":"Singing Bowl","floor":40},{"not_picked":["Footwork","Tantrum+1"],"picked":"Singing Bowl","floor":41},{"not_picked":["ForeignInfluence+1","Tantrum+1"],"picked":"Singing Bowl","floor":46},{"not_picked":["Deflect+1","Halt+1"],"picked":"Singing Bowl","floor":47},{"not_picked":["Vengeance+1","Dodge and Roll+1"],"picked":"Singing Bowl","floor":48}],"player_experience":1414219,"relics_obtained":[{"floor":6,"key":"Boot"},{"floor":8,"key":"Thread and Needle"},{"floor":9,"key":"Matryoshka"},{"floor":11,"key":"Potion Belt"},{"floor":13,"key":"Blood Vial"},{"floor":24,"key":"Dead Branch"},{"floor":24,"key":"Question Card"},{"floor":26,"key":"Singing Bowl"},{"floor":26,"key":"Smiling Mask"},{"floor":29,"key":"PreservedInsect"},{"floor":29,"key":"Anchor"},{"floor":38,"key":"Regal Pillow"},{"floor":38,"key":"Turnip"},{"floor":40,"key":"Pen Nib"},{"floor":40,"key":"Molten Egg 2"},{"floor":43,"key":"War Paint"},{"floor":43,"key":"InkBottle"}],"event_choices":[{"damage_healed":0,"gold_gain":175,"player_choice":"AGREE","damage_taken":0,"max_hp_gain":0,"max_hp_loss":0,"event_name":"Liars Game","floor":2,"gold_loss":0,"cards_obtained":["Doubt"]},{"damage_healed":0,"gold_gain":0,"player_choice":"Success","damage_taken":3,"relics_obtained":["MealTicket"],"max_hp_gain":0,"max_hp_loss":0,"event_name":"Scrap Ooze","floor":5,"gold_loss":0},{"cards_removed":["Doubt"],"damage_healed":0,"gold_gain":0,"player_choice":"Elegance","damage_taken":0,"max_hp_gain":0,"max_hp_loss":0,"event_name":"Back to Basics","floor":19,"gold_loss":0},{"damage_healed":0,"gold_gain":99,"player_choice":"Stole From Cult","damage_taken":0,"max_hp_gain":0,"max_hp_loss":0,"event_name":"Nest","floor":20,"gold_loss":0},{"damage_healed":0,"gold_gain":0,"player_choice":"Ignored","damage_taken":0,"max_hp_gain":0,"max_hp_loss":0,"event_name":"Beggar","floor":30,"gold_loss":0},{"damage_healed":0,"gold_gain":0,"player_choice":"Paid Gold","damage_taken":0,"relics_obtained":["Peace Pipe"],"max_hp_gain":0,"max_hp_loss":0,"event_name":"WeMeetAgain","floor":37,"gold_loss":65},{"cards_removed":["MentalFortress"],"damage_healed":0,"gold_gain":0,"player_choice":"Removed Power","damage_taken":0,"max_hp_gain":0,"max_hp_loss":0,"event_name":"Falling","floor":44,"gold_loss":0}],"is_beta":false,"boss_relics":[{"not_picked":["Snecko Eye","Calling Bell"],"picked":"Black Star"},{"not_picked":["Philosopher\u0027s Stone","Fusion Hammer"],"picked":"Busted Crown"}],"items_purged_floors":[],"is_endless":false,"potions_floor_spawned":[4,8,11,13,14,16,22,28,33,35,36,38,47],"ascension_level":0}}