{"host":"h5golg54dem4i27y","time":1608772064,"event":{"mods":["BaseMod","Colored Map","Colored Powertips","Minty Spire (QoL Compilation)","Replay The Spire","StSLib","SuperFastMode","The Hierophant"],"gold_per_floor":[109,118,118,129,5,5,40,40,40,92,135,177,177,229,229,217,217],"floor_reached":16,"playtime":650,"items_purged":["hierophant:Strike_Hierophant"],"score":102,"play_id":"e007cf54-2035-465e-9585-80734ff96741","local_time":"20201224100744","is_ascension_mode":false,"campfire_choices":[{"data":"hierophant:Punish","floor":6,"key":"SMITH"},{"data":"hierophant:ChurchCoffers","floor":8,"key":"SMITH"},{"floor":13,"key":"REST"},{"data":"hierophant:Smite","floor":15,"key":"SMITH"}],"circlet_count":0,"master_deck":["hierophant:Strike_Hierophant","hierophant:Strike_Hierophant","hierophant:Punish+1","hierophant:Defend_Hierophant","hierophant:Defend_Hierophant","hierophant:Defend_Hierophant","hierophant:Defend_Hierophant","hierophant:ChurchCoffers+1","hierophant:Doubloon","hierophant:Smite+1","hierophant:RustyCrate","hierophant:Doubloon","hierophant:Doubloon","hierophant:Encroach","hierophant:Zeal"],"relics":["hierophant:PropheticMaskRelic","NeowsBlessing","Mummified Hand","Tiny Chest"],"acts_visited":["Exordium"],"potions_floor_usage":[7,7,7,16],"damage_taken":[{"damage":0,"enemies":"Jaw Worm","floor":1,"turns":1},{"damage":0,"enemies":"Cultist","floor":2,"turns":1},{"damage":0,"enemies":"Small Slimes","floor":4,"turns":1},{"damage":25,"enemies":"Gremlin Nob","floor":7,"turns":4},{"damage":0,"enemies":"3 Louse","floor":10,"turns":2},{"damage":4,"enemies":"2 Fungi Beasts","floor":11,"turns":4},{"damage":11,"enemies":"Lots of Slimes","floor":12,"turns":3},{"damage":59,"enemies":"Slime Boss","floor":16,"turns":9}],"seed_played":"4293131786083036570","potions_obtained":[{"floor":1,"key":"Weak Potion"},{"floor":2,"key":"Toxic Potion"},{"floor":11,"key":"Reflective Coating"}],"is_trial":false,"path_per_floor":["M","M","?","M","$","R","E","R","T","M","M","M","R","?","R","B"],"character_chosen":"HIEROPHANT","items_purchased":["SkillPotion"],"campfire_rested":1,"item_purchase_floors":[5],"current_hp_per_floor":[75,75,75,75,75,75,50,50,50,50,46,35,57,57,57,0,0],"gold":217,"neow_bonus":"THREE_ENEMY_KILL","is_daily":false,"chose_seed":false,"campfire_upgraded":3,"win_rate":0.0,"timestamp":1608772064,"path_taken":["M","M","?","?","$","R","E","R","T","M","M","M","R","?","R","BOSS"],"items_purchased_type":["Potion"],"build_version":"2020-12-22","purchased_purges":1,"victory":false,"max_hp_per_floor":[75,75,75,75,75,75,75,75,75,75,75,75,75,75,75,75,75],"card_choices":[{"not_picked":["hierophant:Zeal","hierophant:SolarFlare"],"picked":"hierophant:Doubloon","floor":1},{"not_picked":["hierophant:AuricBeam","hierophant:FlamingChariot"],"picked":"hierophant:Smite","floor":2},{"not_picked":["hierophant:Encroach","hierophant:MorningPrayer"],"picked":"hierophant:RustyCrate","floor":4},{"not_picked":["hierophant:SealAway","hierophant:RepressedViolence"],"picked":"hierophant:Encroach","floor":7},{"not_picked":["hierophant:Prophecy","hierophant:SealAway"],"picked":"hierophant:Zeal","floor":10},{"not_picked":["hierophant:Doubloon","hierophant:Remorse","hierophant:RepressedViolence"],"picked":"SKIP","floor":11},{"not_picked":["hierophant:Community","hierophant:Cornucopia","hierophant:SealAway"],"picked":"SKIP","floor":12}],"player_experience":619557,"relics_obtained":[{"floor":7,"key":"Mummified Hand"},{"floor":9,"key":"Tiny Chest"}],"event_choices":[{"cards_removed":["hierophant:Strike_Hierophant"],"damage_healed":0,"gold_gain":0,"player_choice":"Offered Basic","damage_taken":0,"max_hp_gain":0,"max_hp_loss":0,"event_name":"Bonfire Elementals","floor":3,"gold_loss":0},{"damage_healed":0,"gold_gain":52,"player_choice":"Gained Gold","damage_taken":0,"max_hp_gain":0,"max_hp_loss":0,"event_name":"Golden Wing","floor":14,"gold_loss":0}],"is_beta":false,"boss_relics":[],"items_purged_floors":[5],"is_endless":false,"potions_floor_spawned":[1,2,11],"killed_by":"Slime Boss","ascension_level":0}}