{"host":"879u177vr8bnqwsn","time":1608818204,"event":{"mods":["BaseMod","Infinite Spire","Minty Spire (QoL Compilation)","Replay The Spire","StSLib"],"gold_per_floor":[111,123,140,151,162,162,162,162,162,162,162,194,205,224,224,224,224],"floor_reached":16,"playtime":360,"items_purged":[],"score":104,"play_id":"5270f360-a6bc-4dd7-817b-32a49fc61572","local_time":"20201224115644","is_ascension_mode":false,"campfire_choices":[{"data":"BasicCrystalCard","floor":6,"key":"SMITH"},{"data":"Loop","floor":8,"key":"SMITH"},{"data":"Zap","floor":11,"key":"SMITH"},{"floor":15,"key":"REST"}],"circlet_count":0,"master_deck":["Strike_B","Strike_B","Strike_B","Strike_B","Defend_B","Defend_B","Defend_B","Defend_B","Zap+1","Dualcast","Streamline","Scrape","Loop+1","Ball Lightning","BasicCrystalCard+1","Defragment","ReplayTheSpireMod:Calculation Training","ReplayTheSpireMod:Calculation Training"],"relics":["PureWater","NeowsBlessing","infinitespire:Cubic Diamond","Pear","Potion Belt"],"acts_visited":["Exordium"],"potions_floor_usage":[16],"damage_taken":[{"damage":0,"enemies":"infinitespire:Voidling","floor":1,"turns":1},{"damage":0,"enemies":"Jaw Worm","floor":2,"turns":1},{"damage":0,"enemies":"2 Louse","floor":3,"turns":1},{"damage":19,"enemies":"Lots of Slimes","floor":4,"turns":4},{"damage":6,"enemies":"Exordium Thugs","floor":5,"turns":3},{"damage":35,"enemies":"3 Sentries","floor":12,"turns":6},{"damage":13,"enemies":"2 Fungi Beasts","floor":13,"turns":3},{"damage":8,"enemies":"Exordium Wildlife","floor":14,"turns":4},{"damage":29,"enemies":"The Guardian","floor":16,"turns":5}],"seed_played":"-5322729915165405674","potions_obtained":[{"floor":3,"key":"DuplicationPotion"},{"floor":12,"key":"Fire Potion"},{"floor":13,"key":"SpeedPotion"}],"is_trial":false,"path_per_floor":["M","M","M","M","M","R","?","R","T","?","R","E","M","M","R","B"],"character_chosen":"DEFECT","items_purchased":[],"campfire_rested":1,"item_purchase_floors":[],"current_hp_per_floor":[75,75,75,56,50,50,50,50,60,60,60,25,12,4,29,0,0],"gold":224,"neow_bonus":"THREE_ENEMY_KILL","is_daily":false,"chose_seed":false,"campfire_upgraded":3,"win_rate":0.0,"timestamp":1608818204,"path_taken":["M","M","?","M","M","R","?","R","T","?","R","E","M","M","R","BOSS"],"items_purchased_type":[],"build_version":"2020-12-22","purchased_purges":0,"victory":false,"max_hp_per_floor":[75,75,75,75,75,75,75,75,85,85,85,85,85,85,85,85,85],"card_choices":[{"not_picked":["Melter","Undo"],"picked":"Streamline","floor":1},{"not_picked":["Redo","Hologram"],"picked":"Scrape","floor":2},{"not_picked":["Scrape","Compile Driver"],"picked":"Loop","floor":3},{"not_picked":["BasicCrystalCard","Steam"],"picked":"Ball Lightning","floor":4},{"not_picked":["Stack","ReplaySolidLightProjector"],"picked":"BasicCrystalCard","floor":5},{"not_picked":["Panic Button","Streamline"],"picked":"Defragment","floor":12},{"not_picked":["Go for the Eyes","ReplayTheSpireMod:System Scan"],"picked":"ReplayTheSpireMod:Calculation Training","floor":13},{"not_picked":["Hologram","Rebound"],"picked":"ReplayTheSpireMod:Calculation Training","floor":14}],"player_experience":699847,"relics_obtained":[{"floor":9,"key":"Pear"},{"floor":12,"key":"Potion Belt"}],"event_choices":[{"damage_healed":0,"gold_gain":0,"player_choice":"Ignored","damage_taken":0,"max_hp_gain":0,"max_hp_loss":0,"event_name":"NoteForYourself","floor":10,"gold_loss":0}],"is_beta":false,"boss_relics":[],"items_purged_floors":[],"is_endless":false,"potions_floor_spawned":[3,12,13],"killed_by":"The Guardian","ascension_level":0}}