{"host":"25hwxgnshg5vqzox","time":1608817381,"event":{"mods":["BaseMod","Colored Map","Downfall","Googly Eyes","Highlight Path","Minty Spire (QoL Compilation)","Replay The Spire","StSLib","The Servant 0.9.4"],"gold_per_floor":[99,99,99,99,118,118,141,153,138,138,138,156,185,13,33,137,137,62,72,86,86,104,139,164,177,27,42,68,68,68,68,68,91,125,133,133],"floor_reached":35,"playtime":2562,"items_purged":[],"score":302,"play_id":"00780a3a-b3b8-47d2-99b2-2a280636ba67","local_time":"20201224134301","is_ascension_mode":false,"campfire_choices":[{"floor":1,"key":"DIG"},{"floor":6,"key":"REST"},{"floor":11,"key":"RECALL"},{"floor":26,"key":"REST"},{"floor":29,"key":"REST"},{"floor":32,"key":"REST"}],"circlet_count":0,"master_deck":["sneckomod:Strike","sneckomod:Strike","sneckomod:Strike","sneckomod:Defend","sneckomod:Defend","sneckomod:Defend","sneckomod:TailWhip","sneckomod:SnekBite","sneckomod:Unknown","sneckomod:Unknown","sneckomod:UnknownClassTHE_CHAMP_GRAY","sneckomod:UnknownUncommonSkill","sneckomod:DiceCrush","sneckomod:DiceBlock","sneckomod:QuickMove","sneckomod:UnknownRareAttack+1","sneckomod:UnknownCommonAttack","sneckomod:SlitherStrike","sneckomod:WideSting","sneckomod:UnknownClassPURPLE","sneckomod:UnknownWeak","sneckomod:UnknownRarePower","sneckomod:SoulRoll","sneckomod:UnknownCommonAttack+1","sneckomod:UnknownBlock","sneckomod:DangerNoodle","sneckomod:Unknown1Cost+1","sneckomod:UnknownClassSILVER","sneckomod:IronFang+1"],"relics":["sneckomod:SneckoSoul","downfall:HeartsMalice","TungstenRod","MealTicket","Lantern","ReplayTheSpireMod:TigerMarble","Philosopher\u0027s Stone","downfall:HeartBlessingRed","Incense Burner","downfall:HeartBlessingGreen","downfall:HeartBlessingBlue","Replay:Bandana"],"acts_visited":["Exordium","TheCity"],"potions_floor_usage":[16,25,25,35,35],"damage_taken":[{"damage":0,"enemies":"2 Louse","floor":2,"turns":1},{"damage":0,"enemies":"Cultist","floor":3,"turns":1},{"damage":0,"enemies":"Small Slimes","floor":4,"turns":1},{"damage":30,"enemies":"Exordium Thugs","floor":5,"turns":6},{"damage":6,"enemies":"Lots of Slimes","floor":8,"turns":2},{"damage":0,"enemies":"downfall:FleeingMerchant","floor":9,"turns":4},{"damage":6,"enemies":"Blue Slaver","floor":12,"turns":4},{"damage":20,"enemies":"Replay:BlueRogue","floor":13,"turns":7},{"damage":10,"enemies":"downfall:FleeingMerchant","floor":14,"turns":4},{"damage":0,"enemies":"Red Slaver","floor":15,"turns":2},{"damage":67,"enemies":"downfall:Defect","floor":16,"turns":9},{"damage":0,"enemies":"Spheric Guardian","floor":19,"turns":3},{"damage":2,"enemies":"Chosen","floor":20,"turns":3},{"damage":23,"enemies":"Snecko","floor":22,"turns":5},{"damage":30,"enemies":"Slavers","floor":23,"turns":6},{"damage":30,"enemies":"Cultist and Chosen","floor":25,"turns":14},{"damage":0,"enemies":"3 Cultists","floor":27,"turns":4},{"damage":4,"enemies":"Snake Plant","floor":33,"turns":3},{"damage":22,"enemies":"Centurion and Healer","floor":34,"turns":5},{"damage":97,"enemies":"downfall:Silent","floor":35,"turns":13}],"seed_played":"7126842656841497979","potions_obtained":[{"floor":8,"key":"CultistPotion"},{"floor":12,"key":"Weak Potion"},{"floor":13,"key":"DistilledChaos"},{"floor":15,"key":"Regen Potion"},{"floor":16,"key":"Guardian:BlockOnCardUsePotion"},{"floor":20,"key":"Flashbang"},{"floor":34,"key":"sneckomod:DiceRollPotion"}],"is_trial":false,"path_per_floor":["R_BF","M","M","M","M","R","T","M","$","?","R","M","E","$","M","B",null,"R_BF","M","M","?","M","E","T","M","R","M","T","R","PTL","PTL","R","M","M","B"],"character_chosen":"THE_SNECKO","items_purchased":["ReplayTheSpireMod:TigerMarble"],"campfire_rested":4,"item_purchase_floors":[14],"current_hp_per_floor":[90,91,92,92,62,89,89,83,93,94,94,88,68,74,75,9,97,90,90,98,98,76,46,46,17,60,60,60,93,93,93,110,111,89,0,0],"gold":133,"neow_bonus":"THREE_ENEMY_KILL","is_daily":false,"chose_seed":false,"campfire_upgraded":0,"win_rate":0.0,"timestamp":1608817381,"path_taken":["R_BF","M","M","M","M","R","T","M","$","?","R","?","E","?","M","BOSS","R_BF","M","M","?","?","E","T","M","R","?","?","R","PTL","PTL","R","M","M","BOSS"],"items_purchased_type":["Relic"],"build_version":"2020-12-22","purchased_purges":0,"victory":false,"max_hp_per_floor":[90,91,92,92,92,92,92,92,93,94,94,94,94,95,96,97,97,97,97,98,98,99,99,99,100,110,110,110,110,110,110,110,111,111,111,111],"card_choices":[{"not_picked":["sneckomod:TrashToTreasure","sneckomod:DiceBoulder"],"picked":"sneckomod:UnknownClassTHE_CHAMP_GRAY","floor":2},{"not_picked":["sneckomod:UnknownStrike","sneckomod:UnknownEthereal"],"picked":"sneckomod:UnknownUncommonSkill","floor":3},{"not_picked":["sneckomod:UnknownClassPURPLE","sneckomod:Nope"],"picked":"sneckomod:DiceCrush","floor":4},{"not_picked":["sneckomod:DiceCrush","sneckomod:UnknownClassBLUE"],"picked":"sneckomod:DiceBlock","floor":5},{"not_picked":["sneckomod:UnknownClassHEXA_GHOST_PURPLE","sneckomod:UnknownVulnerable"],"picked":"sneckomod:QuickMove","floor":8},{"not_picked":["sneckomod:DiceCrush","sneckomod:IronFang"],"picked":"sneckomod:UnknownRareAttack","floor":9},{"not_picked":["sneckomod:DiceBlock","sneckomod:RainOfDice"],"picked":"sneckomod:SlitherStrike","floor":12},{"not_picked":["sneckomod:ImprovisedGuard","sneckomod:UnknownUncommonAttack"],"picked":"sneckomod:WideSting","floor":13},{"not_picked":["sneckomod:Unknown1Cost","sneckomod:QuickBite"],"picked":"sneckomod:UnknownClassPURPLE","floor":14},{"not_picked":["sneckomod:RainOfDice","sneckomod:UnknownCommonAttack"],"picked":"sneckomod:UnknownWeak","floor":15},{"not_picked":["sneckomod:Unknown3Cost","sneckomod:MorePower"],"picked":"sneckomod:UnknownRarePower","floor":16},{"not_picked":["sneckomod:UnknownClassGUARDIAN","sneckomod:UnknownCommonSkill"],"picked":"sneckomod:SoulRoll","floor":19},{"not_picked":["sneckomod:QuickMove","sneckomod:UnknownX+1"],"picked":"sneckomod:UnknownCommonAttack+1","floor":20},{"not_picked":["sneckomod:DiceCrush","sneckomod:UnknownClassTHE_CHAMP_GRAY"],"picked":"sneckomod:UnknownBlock","floor":22},{"not_picked":["sneckomod:Mudshield","sneckomod:UnknownCommonAttack"],"picked":"sneckomod:DangerNoodle","floor":23},{"not_picked":["sneckomod:UnknownWeak","sneckomod:UnknownStrike"],"picked":"sneckomod:Unknown1Cost+1","floor":25},{"not_picked":["sneckomod:Unknown1Cost","sneckomod:SoulDraw","sneckomod:QuickMove"],"picked":"SKIP","floor":27},{"not_picked":["sneckomod:UnknownX","sneckomod:Nope+1"],"picked":"sneckomod:UnknownClassSILVER","floor":33},{"not_picked":["sneckomod:UnknownClassRED","sneckomod:UnknownUncommonAttack"],"picked":"sneckomod:IronFang+1","floor":34}],"player_experience":51662,"relics_obtained":[{"floor":1,"key":"TungstenRod"},{"floor":7,"key":"MealTicket"},{"floor":13,"key":"Lantern"},{"floor":23,"key":"Incense Burner"},{"floor":28,"key":"Replay:Bandana"}],"event_choices":[],"is_beta":false,"boss_relics":[{"not_picked":["Replay:Bronze Core","Black Star"],"picked":"Philosopher\u0027s Stone"}],"items_purged_floors":[],"is_endless":false,"potions_floor_spawned":[8,12,13,15,16,20,22,23,34],"killed_by":"downfall:Silent","ascension_level":0}}