{"host":"diy71vlueofrnn1o","time":1608810167,"event":{"mods":["2.2 Compatiblity","AchievementEnabler","BaseMod","Best Route Mod","Colored Map","Curses Come First","DeckTracker","Minty Spire (QoL Compilation)","Quick Restart","Rare Cards Sparkle","StSLib","SuperFastMode"],"gold_per_floor":[114,127,127,143,161,161,161],"floor_reached":6,"playtime":133,"items_purged":[],"score":53,"play_id":"293153f8-5c4a-4f7c-a96c-86540169430c","local_time":"20201224124247","is_ascension_mode":true,"campfire_choices":[],"circlet_count":0,"master_deck":["Strike_G","Strike_G","Strike_G","Strike_G","Strike_G","Defend_G","Defend_G","Defend_G","Defend_G","Defend_G","Survivor","Neutralize","Infinite Blades","Blur","Storm of Steel+1","Prepared+1"],"relics":["Ring of the Snake","NeowsBlessing","Toxic Egg 2"],"acts_visited":["Exordium"],"potions_floor_usage":[6],"damage_taken":[{"damage":0,"enemies":"Cultist","floor":1,"turns":1},{"damage":0,"enemies":"2 Louse","floor":2,"turns":1},{"damage":0,"enemies":"Jaw Worm","floor":4,"turns":1},{"damage":11,"enemies":"Exordium Thugs","floor":5,"turns":5},{"damage":34,"enemies":"Gremlin Nob","floor":6,"turns":3}],"seed_played":"1891039545461341700","potions_obtained":[{"floor":1,"key":"SkillPotion"},{"floor":5,"key":"GamblersBrew"}],"is_trial":false,"path_per_floor":["M","M","?","M","M","E"],"character_chosen":"THE_SILENT","items_purchased":[],"campfire_rested":0,"item_purchase_floors":[],"current_hp_per_floor":[63,63,45,45,34,0,0],"gold":161,"neow_bonus":"THREE_ENEMY_KILL","is_daily":false,"chose_seed":false,"campfire_upgraded":0,"win_rate":0.0,"timestamp":1608810167,"path_taken":["M","M","?","M","M","E"],"items_purchased_type":[],"build_version":"2020-12-22","purchased_purges":0,"victory":false,"max_hp_per_floor":[70,70,70,70,70,70,70],"card_choices":[{"not_picked":["Tactician","Acrobatics"],"picked":"Infinite Blades","floor":1},{"not_picked":["Outmaneuver","Concentrate"],"picked":"Blur","floor":2},{"not_picked":["Deflect+1","Acrobatics+1"],"picked":"Storm of Steel+1","floor":4},{"not_picked":["Setup+1","Slice"],"picked":"Prepared+1","floor":5}],"player_experience":393989,"relics_obtained":[],"event_choices":[{"damage_healed":0,"gold_gain":0,"player_choice":"Success","damage_taken":18,"relics_obtained":["Toxic Egg 2"],"max_hp_gain":0,"max_hp_loss":0,"event_name":"Scrap Ooze","floor":3,"gold_loss":0}],"is_beta":false,"boss_relics":[],"items_purged_floors":[],"is_endless":false,"potions_floor_spawned":[1,5],"killed_by":"Gremlin Nob","ascension_level":8}}