{"host":"5fasz840ryq7obdf","time":1608820477,"event":{"mods":["AchievementEnabler","BaseMod","Bestiary","Better Altar","Better Skull","Better Third Choice","BetterRewards","Block Reminder","Colored Powertips","Curses Come First","Minty Spire (QoL Compilation)","Quick Restart","Relic Stats","Shop Mod","Spicy Shops","StSLib"],"gold_per_floor":[119,119,8,21,41,41,76,39,66,84,109,123,148,164,164,236,236,254,284,52,76,86,5,5,22,71,98,118,118,150,170,170,247,247,264,14,14,14,33,63,63,98,98,129,154,154,181,403,403,403,403,403],"floor_reached":51,"playtime":2257,"items_purged":["Strike_R"],"score":2232,"play_id":"5a0f0f65-1588-41a4-82e0-ca328acb570f","local_time":"20201224143437","is_ascension_mode":true,"campfire_choices":[{"data":"Apotheosis","floor":6,"key":"SMITH"},{"data":"Rupture","floor":15,"key":"SMITH"},{"data":"Double Tap","floor":24,"key":"SMITH"},{"data":"1","floor":29,"key":"LIFT"},{"data":"2","floor":32,"key":"LIFT"},{"data":"3","floor":41,"key":"LIFT"},{"floor":46,"key":"RECALL"},{"data":"Limit Break","floor":49,"key":"SMITH"}],"circlet_count":0,"master_deck":["AscendersBane","Strike_R","Strike_R","Strike_R","Strike_R","Defend_R","Defend_R","Defend_R+1","Defend_R","Bash","Panache","Inflame","Seeing Red+1","Thunderclap","Combust","Flash of Steel","Rupture+1","Apotheosis+1","Perfected Strike","Inflame","Decay","Panache","Immolate","Evolve","Metallicize","Blood for Blood","Intimidate","Double Tap+1","Offering","Rupture","Thunderclap","Shrug It Off","Limit Break+1","Perfected Strike","Heavy Blade","Reaper","Rupture","Madness","Madness","The Bomb","Finesse","Purity","Inflame","Headbutt+1","Sentinel+1"],"relics":["Burning Blood","Bag of Marbles","Mummified Hand","Tiny Chest","Paper Frog","HandDrill","Bag of Preparation","Calipers","Sling","DollysMirror","Potion Belt","Dream Catcher","War Paint","Eternal Feather","Coffee Dripper","Red Mask","Centennial Puzzle","PreservedInsect","Girya","Blood Vial","Runic Cube","ClockworkSouvenir","Bronze Scales","Strawberry","Lantern","Thread and Needle","CeramicFish"],"acts_visited":["Exordium","TheCity","TheBeyond"],"potions_floor_usage":[11,16,35,35,45,50,51],"damage_taken":[{"damage":1,"enemies":"2 Louse","floor":1,"turns":1},{"damage":10,"enemies":"Cultist","floor":4,"turns":3},{"damage":0,"enemies":"Small Slimes","floor":5,"turns":1},{"damage":12,"enemies":"3 Sentries","floor":7,"turns":3},{"damage":21,"enemies":"Exordium Wildlife","floor":10,"turns":3},{"damage":9,"enemies":"Lagavulin","floor":11,"turns":3},{"damage":0,"enemies":"2 Fungi Beasts","floor":12,"turns":1},{"damage":10,"enemies":"Gremlin Nob","floor":13,"turns":3},{"damage":4,"enemies":"Looter","floor":14,"turns":3},{"damage":30,"enemies":"Hexaghost","floor":16,"turns":4},{"damage":24,"enemies":"Shell Parasite","floor":18,"turns":2},{"damage":0,"enemies":"Masked Bandits","floor":19,"turns":1},{"damage":6,"enemies":"Spheric Guardian","floor":22,"turns":1},{"damage":6,"enemies":"Centurion and Healer","floor":25,"turns":3},{"damage":11,"enemies":"Book of Stabbing","floor":27,"turns":3},{"damage":7,"enemies":"Snecko","floor":28,"turns":2},{"damage":6,"enemies":"Gremlin Leader","floor":30,"turns":1},{"damage":6,"enemies":"Snake Plant","floor":31,"turns":1},{"damage":7,"enemies":"Automaton","floor":33,"turns":4},{"damage":24,"enemies":"3 Darklings","floor":35,"turns":3},{"damage":20,"enemies":"3 Shapes","floor":39,"turns":1},{"damage":7,"enemies":"Giant Head","floor":40,"turns":3},{"damage":6,"enemies":"Reptomancer","floor":42,"turns":1},{"damage":6,"enemies":"Nemesis","floor":44,"turns":1},{"damage":18,"enemies":"Mind Bloom Boss Battle","floor":45,"turns":2},{"damage":93,"enemies":"Time Eater","floor":50,"turns":6},{"damage":40,"enemies":"Awakened One","floor":51,"turns":2}],"seed_played":"5088284792700907953","potions_obtained":[{"floor":1,"key":"SkillPotion"},{"floor":4,"key":"EssenceOfSteel"},{"floor":11,"key":"Energy Potion"},{"floor":14,"key":"Block Potion"},{"floor":16,"key":"AttackPotion"},{"floor":18,"key":"Swift Potion"},{"floor":22,"key":"ElixirPotion"},{"floor":27,"key":"EntropicBrew"},{"floor":33,"key":"DuplicationPotion"},{"floor":40,"key":"BlessingOfTheForge"},{"floor":45,"key":"Ancient Potion"}],"is_trial":false,"path_per_floor":["M","?","$","M","M","R","E","$","T","M","E","M","E","M","R","B",null,"M","?","$","T","M","$","R","M","T","E","M","R","E","M","R","B",null,"M","$","?","?","M","E","R","E","T","E","?","R","T","?","R","B","B"],"character_chosen":"IRONCLAD","items_purchased":["Bag of Marbles","Panache","Inflame","Seeing Red","Mummified Hand","Tiny Chest","Paper Frog","Thunderclap","HandDrill","Bag of Preparation","Calipers","Combust","Flash of Steel","Rupture","Apotheosis","Sling","Inflame","DollysMirror","Evolve","Offering","Thunderclap","Shrug It Off","Rupture","ClockworkSouvenir"],"campfire_rested":0,"item_purchase_floors":[0,0,0,0,0,0,0,0,0,0,0,0,0,0,0,0,3,3,8,20,23,23,36,36],"current_hp_per_floor":[26,75,75,71,75,75,69,69,69,54,51,57,53,55,70,46,68,50,56,56,56,56,56,74,74,74,69,68,75,75,75,75,74,75,63,63,49,39,74,75,75,82,82,82,82,82,82,82,82,33,0,0],"gold":403,"neow_bonus":"","is_daily":false,"chose_seed":false,"campfire_upgraded":4,"win_rate":0.0,"timestamp":1608820477,"path_taken":["M","?","?","M","M","R","E","$","T","M","E","M","E","M","R","BOSS","M","?","$","?","M","$","R","M","T","E","M","R","E","M","R","BOSS","M","$","?","?","M","E","R","E","T","E","?","R","?","?","R","BOSS","BOSS"],"items_purchased_type":["Relic","Card","Card","Card","Relic","Relic","Relic","Card","Relic","Relic","Relic","Card","Card","Card","Card","Relic","Card","Relic","Card","Card","Card","Card","Card","Relic"],"build_version":"2020-12-22","purchased_purges":1,"victory":false,"max_hp_per_floor":[75,75,75,75,75,75,75,75,75,75,75,75,75,75,75,75,75,75,75,75,75,75,75,75,75,75,75,75,75,75,75,75,75,75,75,75,75,75,75,75,75,82,82,82,82,82,82,82,82,82,82,82],"relic_stats":{"counters":[170,471],"CeramicFish":225,"Eternal Feather":40,"PreservedInsect":1511,"Bag of Preparation":[54],"War Paint":["Entrench","True Grit","Defend_R","Trip","Defend_R","The Bomb","Defend_R","Seeing Red"],"Burning Blood":236,"Blood Vial":16,"Dream Catcher":0,"Centennial Puzzle":[45],"Mummified Hand":[146],"Bronze Scales":[348],"Tiny Chest":11,"HandDrill":[260],"obtain_stats":[{"Ginger":29,"Whetstone":124,"Bottled Tornado":62,"Sling":96,"Boot":44,"Blood Vial":0,"MealTicket":114,"HandDrill":39,"Kunai":106,"Runic Cube":34,"MerchantsRug":124,"Blue Candle":45,"Eternal Feather":106,"Pen Nib":23,"Akabeko":14,"SlaversCollar":17,"MutagenicStrength":22,"Bird Faced Urn":40,"StrikeDummy":34,"Unceasing Top":0,"Lantern":127,"Regal Pillow":8,"Singing Bowl":0,"Torii":31,"Magic Flower":14,"StoneCalendar":40,"Bag of Preparation":79,"Smiling Mask":7,"Ancient Tea Set":43,"Cursed Key":52,"Burning Blood":0,"Shovel":0,"Matryoshka":67,"InkBottle":117,"Paper Frog":90,"Potion Belt":81,"Self Forming Clay":13,"Golden Idol":54,"Circlet":142,"Thread and Needle":45,"The Courier":49,"PreservedInsect":0,"Omamori":46,"Frozen Egg 2":9,"Ornamental Fan":61,"Bloody Idol":123,"Orrery":0,"Turnip":12,"Art of War":119,"Bottled Lightning":27,"Champion Belt":124,"Toy Ornithopter":8,"Ice Cream":4,"Calipers":0,"Gremlin Horn":28,"CeramicFish":0,"Vajra":106,"Centennial Puzzle":12,"Lizard Tail":46,"HornCleat":101,"DollysMirror":19,"Strawberry":31,"Prayer Wheel":32,"Philosopher\u0027s Stone":0,"Toxic Egg 2":37,"Girya":27,"Happy Flower":73,"Dead Branch":10,"Oddly Smooth Stone":34,"Charon\u0027s Ashes":133,"Letter Opener":89,"War Paint":106,"Du-Vu Doll":129,"OrangePellets":117,"Bottled Flame":9,"Shuriken":24,"Bronze Scales":125,"Molten Egg 2":0,"Black Star":17,"Pocketwatch":6,"Meat on the Bone":13,"Darkstone Periapt":26,"Mango":136,"Juzu Bracelet":0,"ClockworkSouvenir":0,"Frozen Eye":55,"Dream Catcher":40,"Nunchaku":0,"Mummified Hand":73,"Pantograph":117,"Gambling Chip":0,"Tiny Chest":42,"Red Mask":71,"Red Skull":0,"Orichalcum":0,"Medical Kit":96,"White Beast Statue":44,"Mercury Hourglass":84,"Calling Bell":34,"Peace Pipe":48,"Strange Spoon":0,"Cauldron":0,"CaptainsWheel":34,"Anchor":96,"Bag of Marbles":47,"Coffee Dripper":34,"Membership Card":79,"TungstenRod":38,"FossilizedHelix":39},{"Ginger":17,"Whetstone":75,"Bottled Tornado":35,"Sling":58,"Boot":139,"Blood Vial":113,"MealTicket":70,"HandDrill":23,"Kunai":65,"Runic Cube":162,"MerchantsRug":75,"Blue Candle":27,"Eternal Feather":65,"Pen Nib":13,"Akabeko":92,"SlaversCollar":9,"MutagenicStrength":12,"Bird Faced Urn":105,"StrikeDummy":20,"Unceasing Top":0,"Lantern":76,"Regal Pillow":91,"Singing Bowl":86,"Torii":99,"Magic Flower":8,"StoneCalendar":105,"Bag of Preparation":48,"Smiling Mask":4,"Ancient Tea Set":25,"Cursed Key":31,"Burning Blood":0,"Shovel":0,"Matryoshka":39,"InkBottle":72,"Paper Frog":53,"Potion Belt":49,"Self Forming Clay":7,"Golden Idol":32,"Circlet":84,"Thread and Needle":106,"The Courier":29,"PreservedInsect":86,"Omamori":28,"Frozen Egg 2":5,"Ornamental Fan":35,"Bloody Idol":75,"Orrery":86,"Turnip":7,"Art of War":73,"Bottled Lightning":15,"Champion Belt":75,"Toy Ornithopter":5,"Ice Cream":2,"Calipers":143,"Gremlin Horn":16,"CeramicFish":86,"Vajra":65,"Centennial Puzzle":92,"Lizard Tail":107,"HornCleat":62,"DollysMirror":94,"Strawberry":19,"Prayer Wheel":19,"Philosopher\u0027s Stone":113,"Toxic Egg 2":22,"Girya":158,"Happy Flower":43,"Dead Branch":6,"Oddly Smooth Stone":20,"Charon\u0027s Ashes":80,"Letter Opener":53,"War Paint":65,"Du-Vu Doll":77,"OrangePellets":72,"Bottled Flame":91,"Shuriken":14,"Bronze Scales":75,"Molten Egg 2":86,"Black Star":93,"Pocketwatch":3,"Meat on the Bone":7,"Darkstone Periapt":14,"Mango":82,"Juzu Bracelet":86,"ClockworkSouvenir":86,"Frozen Eye":32,"Dream Catcher":24,"Nunchaku":86,"Mummified Hand":43,"Pantograph":72,"Gambling Chip":86,"Tiny Chest":25,"Red Mask":42,"Red Skull":86,"Orichalcum":113,"Medical Kit":58,"White Beast Statue":26,"Mercury Hourglass":51,"Calling Bell":20,"Peace Pipe":29,"Strange Spoon":86,"Cauldron":86,"CaptainsWheel":20,"Anchor":58,"Bag of Marbles":28,"Coffee Dripper":100,"Membership Card":48,"TungstenRod":23,"FossilizedHelix":104},{"Ginger":76,"Whetstone":242,"Bottled Tornado":153,"Sling":205,"Boot":393,"Blood Vial":317,"MealTicket":231,"HandDrill":100,"Kunai":219,"Runic Cube":452,"MerchantsRug":242,"Blue Candle":122,"Eternal Feather":219,"Pen Nib":61,"Akabeko":278,"SlaversCollar":39,"MutagenicStrength":57,"Bird Faced Urn":301,"StrikeDummy":89,"Unceasing Top":0,"Lantern":244,"Regal Pillow":277,"Singing Bowl":268,"Torii":291,"Magic Flower":33,"StoneCalendar":301,"Bag of Preparation":186,"Smiling Mask":16,"Ancient Tea Set":115,"Cursed Key":143,"Burning Blood":0,"Shovel":0,"Matryoshka":162,"InkBottle":235,"Paper Frog":193,"Potion Belt":187,"Self Forming Clay":29,"Golden Idol":147,"Circlet":266,"Thread and Needle":302,"The Courier":130,"PreservedInsect":268,"Omamori":129,"Frozen Egg 2":20,"Ornamental Fan":153,"Bloody Idol":242,"Orrery":268,"Turnip":29,"Art of War":237,"Bottled Lightning":71,"Champion Belt":242,"Toy Ornithopter":20,"Ice Cream":8,"Calipers":409,"Gremlin Horn":75,"CeramicFish":268,"Vajra":219,"Centennial Puzzle":278,"Lizard Tail":303,"HornCleat":211,"DollysMirror":282,"Strawberry":85,"Prayer Wheel":85,"Philosopher\u0027s Stone":317,"Toxic Egg 2":97,"Girya":444,"Happy Flower":175,"Dead Branch":24,"Oddly Smooth Stone":89,"Charon\u0027s Ashes":257,"Letter Opener":193,"War Paint":219,"Du-Vu Doll":248,"OrangePellets":235,"Bottled Flame":277,"Shuriken":66,"Bronze Scales":242,"Molten Egg 2":268,"Black Star":280,"Pocketwatch":14,"Meat on the Bone":29,"Darkstone Periapt":66,"Mango":261,"Juzu Bracelet":268,"ClockworkSouvenir":268,"Frozen Eye":147,"Dream Catcher":109,"Nunchaku":268,"Mummified Hand":175,"Pantograph":235,"Gambling Chip":268,"Tiny Chest":115,"Red Mask":172,"Red Skull":268,"Orichalcum":317,"Medical Kit":205,"White Beast Statue":120,"Mercury Hourglass":189,"Calling Bell":89,"Peace Pipe":130,"Strange Spoon":268,"Cauldron":268,"CaptainsWheel":89,"Anchor":205,"Bag of Marbles":129,"Coffee Dripper":294,"Membership Card":186,"TungstenRod":100,"FossilizedHelix":300}],"Runic Cube":[25]},"card_choices":[{"not_picked":["Wild Strike","Havoc"],"picked":"Perfected Strike","floor":1},{"not_picked":["Uppercut","Rage","Wild Strike"],"picked":"SKIP","floor":4},{"not_picked":["Armaments","Havoc","True Grit"],"picked":"SKIP","floor":5},{"not_picked":["Spot Weakness","Wild Strike"],"picked":"Immolate","floor":7},{"not_picked":["Infernal Blade","Power Through"],"picked":"Metallicize","floor":10},{"not_picked":["Headbutt","Clash"],"picked":"Blood for Blood","floor":11},{"not_picked":["Sword Boomerang","Warcry","Wild Strike"],"picked":"SKIP","floor":12},{"not_picked":["Twin Strike","Havoc"],"picked":"Intimidate","floor":13},{"not_picked":["Entrench","Sever Soul","Warcry"],"picked":"SKIP","floor":14},{"not_picked":["Exhume","Bludgeon"],"picked":"Double Tap","floor":16},{"not_picked":["Twin Strike","Pommel Strike","True Grit"],"picked":"SKIP","floor":18},{"not_picked":["Cleave","Dark Embrace"],"picked":"Rupture","floor":22},{"not_picked":["Thunderclap","Rage"],"picked":"Limit Break","floor":25},{"not_picked":["Anger","Wild Strike"],"picked":"Perfected Strike","floor":27},{"not_picked":["Iron Wave","Clash","Perfected Strike"],"picked":"SKIP","floor":28},{"not_picked":["Havoc","Clothesline"],"picked":"Heavy Blade","floor":30},{"not_picked":["Sword Boomerang","Dropkick","Clash"],"picked":"SKIP","floor":31},{"not_picked":["Demon Form","Immolate"],"picked":"Reaper","floor":33},{"not_picked":["Havoc+1","Rampage+1","Intimidate"],"picked":"SKIP","floor":35},{"not_picked":["Violence","Chrysalis"],"picked":"The Bomb","floor":38},{"not_picked":["Panacea","Mayhem"],"picked":"Finesse","floor":38},{"not_picked":["Madness","Bandage Up"],"picked":"Purity","floor":38},{"not_picked":["Flame Barrier","Flex","Ghostly Armor"],"picked":"SKIP","floor":39},{"not_picked":["True Grit","Fire Breathing"],"picked":"Inflame","floor":40},{"not_picked":["Sever Soul","Power Through+1","Warcry"],"picked":"SKIP","floor":42},{"not_picked":["Iron Wave+1","Uppercut"],"picked":"Headbutt+1","floor":44},{"not_picked":["Flex","Anger+1"],"picked":"Sentinel+1","floor":45}],"player_experience":1042702,"relics_obtained":[{"floor":7,"key":"Potion Belt"},{"floor":9,"key":"Dream Catcher"},{"floor":11,"key":"War Paint"},{"floor":13,"key":"Eternal Feather"},{"floor":19,"key":"Red Mask"},{"floor":21,"key":"Centennial Puzzle"},{"floor":26,"key":"PreservedInsect"},{"floor":27,"key":"Girya"},{"floor":30,"key":"Blood Vial"},{"floor":40,"key":"Bronze Scales"},{"floor":42,"key":"Strawberry"},{"floor":44,"key":"Lantern"},{"floor":45,"key":"Thread and Needle"},{"floor":47,"key":"CeramicFish"}],"event_choices":[{"damage_healed":49,"gold_gain":0,"player_choice":"Full Heal","damage_taken":0,"max_hp_gain":0,"max_hp_loss":0,"event_name":"Wheel of Change","floor":2,"gold_loss":0},{"damage_healed":0,"gold_gain":0,"player_choice":"Fought Bandits","damage_taken":0,"max_hp_gain":0,"max_hp_loss":0,"event_name":"Masked Bandits","floor":19,"gold_loss":0},{"damage_healed":0,"gold_gain":0,"player_choice":"Embrace Madness","damage_taken":14,"max_hp_gain":0,"max_hp_loss":0,"event_name":"Winding Halls","floor":37,"gold_loss":0,"cards_obtained":["Madness","Madness"]},{"damage_healed":0,"gold_gain":0,"player_choice":"Memory 3","damage_taken":10,"max_hp_gain":0,"max_hp_loss":0,"event_name":"SensoryStone","floor":38,"gold_loss":0},{"damage_healed":0,"gold_gain":0,"player_choice":"Fight","damage_taken":0,"max_hp_gain":0,"max_hp_loss":0,"event_name":"MindBloom","floor":45,"gold_loss":0},{"damage_healed":0,"gold_gain":222,"player_choice":"Wore Mask","damage_taken":0,"max_hp_gain":0,"max_hp_loss":0,"event_name":"Tomb of Lord Red Mask","floor":48,"gold_loss":0}],"is_beta":false,"boss_relics":[{"not_picked":["Runic Pyramid","Pandora\u0027s Box"],"picked":"Coffee Dripper"},{"not_picked":["Busted Crown","Cursed Key"],"picked":"Runic Cube"}],"items_purged_floors":[0],"is_endless":false,"potions_floor_spawned":[1,4,5,11,14,16,18,22,27,31,33,40,45],"killed_by":"Awakened One","ascension_level":20}}