{"host":"qnxnem68q7ulahas","time":1608797233,"event":{"mods":["ATMod(阿瑾Mod)","Act Like it!","BaseMod","Challenge The Spire","Decade(王小明)","GungeonMod","Highlight Path","Hunter 猎人","Minty Spire (QoL Compilation)","Replay The Spire","RumiaBox-露米娅的神秘盒子","SOS（斯巴达之子）","Spicy Shops","StSLib","The Alterego","The Senshi","Waifu the Spire","[IsaacMod]以撒尖塔","【功能Mod】混沌之环修复补丁","【遗物卡牌】REMEMod","残留之物"],"gold_per_floor":[112,112,124,142,142,167,193,210,210,210,210],"floor_reached":10,"playtime":376,"items_purged":[],"score":68,"play_id":"c41a8b8b-1738-42d4-929d-39c71613cf61","local_time":"20201224160713","is_ascension_mode":false,"campfire_choices":[],"circlet_count":0,"master_deck":["PlaceholderMod:BaseStrike","PlaceholderMod:BaseStrike","PlaceholderMod:BaseStrike","PlaceholderMod:BaseStrike","PlaceholderMod:BaseStrike+1","PlaceholderMod:BaseDefend","PlaceholderMod:BaseDefend","PlaceholderMod:BaseDefend","PlaceholderMod:BaseDefend","PlaceholderMod:BaseDefend","PlaceholderMod:Crystal","PlaceholderMod:PoisonWhip","SuicideKing","theSenshi:StudyParty","AT_ChampionStep","PlaceholderMod:PoisonAbsorb","Regret","PlaceholderMod:DiffusionChemical","PlaceholderMod:UnpureUse","PlaceholderMod:RadicalHit"],"relics":["PlaceholderMod:Tancle","AT_ATBox","HushsDoor","REME_ComplimentaryCards","NeowsBlessing","DeadEye","Darkstone Periapt","AT_BellDemon","Anchor","TheBean","HornCleat"],"acts_visited":["Exordium"],"potions_floor_usage":[],"damage_taken":[{"damage":0,"enemies":"Small Slimes","floor":1,"turns":2},{"damage":0,"enemies":"2 Louse","floor":3,"turns":1},{"damage":0,"enemies":"Jaw Worm","floor":4,"turns":1},{"damage":35,"enemies":"Lagavulin","floor":6,"turns":8},{"damage":39,"enemies":"Large Slime","floor":8,"turns":6},{"damage":12,"enemies":"Gremlin Nob","floor":10,"turns":4}],"seed_played":"3671245779233768954","potions_obtained":[{"floor":6,"key":"SteroidPotion"},{"floor":8,"key":"Milkshake"}],"is_trial":false,"path_per_floor":["M","?","M","M","?","E","T","M","T","E"],"character_chosen":"THE_PLACEHOLDER","items_purchased":[],"campfire_rested":0,"item_purchase_floors":[],"current_hp_per_floor":[78,84,84,84,84,49,49,10,10,0,0],"gold":210,"neow_bonus":"THREE_ENEMY_KILL","is_daily":false,"chose_seed":false,"campfire_upgraded":0,"win_rate":0.0,"timestamp":1608797233,"path_taken":["M","?","M","M","?","E","?","M","T","E"],"items_purchased_type":[],"build_version":"2020-12-22","purchased_purges":0,"victory":false,"max_hp_per_floor":[78,84,84,84,84,84,84,84,84,84,84],"card_choices":[{"not_picked":[],"picked":"SuicideKing","floor":0},{"not_picked":["PlaceholderMod:Internalization","PlaceholderMod:DissolvingSpikes"],"picked":"PlaceholderMod:PoisonAbsorb","floor":1},{"not_picked":["PlaceholderMod:EnergyAbsorb","PlaceholderMod:HardStrike"],"picked":"PlaceholderMod:DiffusionChemical","floor":3},{"not_picked":["PlaceholderMod:InnerStable","PlaceholderMod:TriggerStrike"],"picked":"PlaceholderMod:UnpureUse","floor":4},{"not_picked":["PlaceholderMod:Inner","PlaceholderMod:StressReaction"],"picked":"PlaceholderMod:RadicalHit","floor":6},{"not_picked":["PlaceholderMod:HardStrike","PlaceholderMod:DiffusionChemical","PlaceholderMod:ConsolidateHit"],"picked":"SKIP","floor":8}],"player_experience":412343,"relics_obtained":[{"floor":6,"key":"AT_BellDemon"},{"floor":7,"key":"Anchor"},{"floor":8,"key":"TheBean"},{"floor":9,"key":"HornCleat"}],"event_choices":[{"damage_healed":0,"gold_gain":0,"player_choice":"Box","damage_taken":0,"relics_obtained":["Darkstone Periapt"],"max_hp_gain":0,"max_hp_loss":0,"event_name":"Big Fish","floor":2,"gold_loss":0,"cards_obtained":["Regret"]}],"is_beta":false,"boss_relics":[],"items_purged_floors":[],"is_endless":false,"potions_floor_spawned":[6,8],"killed_by":"Gremlin Nob","ascension_level":0}}