{"host":"4nqeo0vu1vuav7gg","time":1608822433,"event":{"mods":["AchievementEnabler","BaseMod","Block Reminder","Colored Map","Colored Powertips","Highlight Path","Minty Spire (QoL Compilation)","Quick Restart","Rare Cards Sparkle","Relic Relevance Reorder","StSLib"],"gold_per_floor":[118,138,152,167,25,55,55,55,55,67,93,105,131,218,230,242,242],"floor_reached":16,"playtime":652,"items_purged":[],"score":184,"play_id":"66b476cd-6853-4872-9816-265ff7ceae24","local_time":"20201224160713","is_ascension_mode":true,"campfire_choices":[{"floor":7.0,"key":"REST"},{"data":"Self Repair","floor":10.0,"key":"SMITH"},{"data":"Zap","floor":12.0,"key":"SMITH"},{"floor":15.0,"key":"REST"}],"circlet_count":0,"master_deck":["AscendersBane","Strike_B","Strike_B","Defend_B","Defend_B","Defend_B","Defend_B","Zap+1","Dualcast","Rebound","Melter","Coolheaded","Compile Driver","Static Discharge","Coolheaded","Self Repair+1","Capacitor","Buffer"],"relics":["Cracked Core","Orichalcum","MawBank"],"acts_visited":["Exordium"],"potions_floor_usage":[],"damage_taken":[{"damage":1.0,"enemies":"Cultist","floor":1.0,"turns":4.0},{"damage":4.0,"enemies":"Small Slimes","floor":2.0,"turns":3.0},{"damage":2.0,"enemies":"2 Louse","floor":3.0,"turns":2.0},{"damage":0.0,"enemies":"Large Slime","floor":4.0,"turns":3.0},{"damage":51.0,"enemies":"3 Sentries","floor":6.0,"turns":6.0},{"damage":7.0,"enemies":"Red Slaver","floor":11.0,"turns":5.0},{"damage":11.0,"enemies":"Exordium Wildlife","floor":13.0,"turns":5.0},{"damage":39,"enemies":"Hexaghost","floor":16,"turns":9}],"seed_played":"-2761919616398163965","potions_obtained":[{"floor":2.0,"key":"GamblersBrew"},{"floor":11.0,"key":"DistilledChaos"}],"is_trial":false,"path_per_floor":["M","M","M","M","$","E","R","?","T","R","M","R","M","?","R","B"],"character_chosen":"DEFECT","items_purchased":["Static Discharge","Coolheaded"],"campfire_rested":2,"item_purchase_floors":[5,5],"current_hp_per_floor":[63,59,57,57,57,6,27,27,27,27,30,30,29,18,39,0,0],"gold":242,"neow_bonus":"REMOVE_CARD","is_daily":false,"chose_seed":false,"campfire_upgraded":2,"win_rate":0.0,"timestamp":1608822433,"path_taken":["M","M","M","M","$","E","R","?","T","R","M","R","?","?","R","BOSS"],"items_purchased_type":["Card","Card"],"build_version":"2020-12-22","purchased_purges":0,"victory":false,"max_hp_per_floor":[71,71,71,71,71,71,71,71,71,71,71,71,71,71,71,71,71],"card_choices":[{"not_picked":["Turbo","Scrape"],"picked":"Rebound","floor":1.0},{"not_picked":["Redo","White Noise"],"picked":"Melter","floor":2.0},{"not_picked":["Stack","Rebound"],"picked":"Coolheaded","floor":3.0},{"not_picked":["Multi-Cast","Rebound"],"picked":"Compile Driver","floor":4.0},{"not_picked":["Tempest","Streamline","Rebound"],"picked":"SKIP","floor":6.0},{"not_picked":["Redo","Streamline"],"picked":"Capacitor","floor":11.0},{"not_picked":["Stack","Scrape"],"picked":"Buffer","floor":13.0}],"player_experience":998599,"relics_obtained":[{"floor":6.0,"key":"Orichalcum"},{"floor":9.0,"key":"MawBank"}],"event_choices":[{"damage_healed":0.0,"max_hp_gain":0.0,"max_hp_loss":0.0,"gold_gain":0.0,"cards_transformed":["Strike_B"],"event_name":"Transmorgrifier","player_choice":"Transformed","floor":8.0,"gold_loss":0.0,"damage_taken":0.0,"cards_obtained":["Self Repair"]},{"damage_healed":0.0,"max_hp_gain":0.0,"max_hp_loss":0.0,"gold_gain":75.0,"event_name":"World of Goop","player_choice":"Gather Gold","floor":14.0,"gold_loss":0.0,"damage_taken":11.0}],"is_beta":false,"boss_relics":[],"items_purged_floors":[],"is_endless":false,"potions_floor_spawned":[2,11],"killed_by":"Hexaghost","ascension_level":16}}