{"host":"g8bj5uairaafp22z","time":1608806454,"event":{"mods":["AchievementEnabler","BaseMod","BetterRewards","Card Forge","Colored Powertips","Minty Spire (QoL Compilation)","Quick Restart","StSLib"],"gold_per_floor":[114,80,95,270,285,285,315,315,315,315,330,330,345,360,360,460,460,475,385,415,430,180,210,225,255,305,305,335,350,350,365,365,365,365],"floor_reached":33,"playtime":1772,"items_purged":[],"score":402,"play_id":"8149f57c-09d8-4275-84b0-8ca0705e3e16","local_time":"20201224114054","daily_mods":["Insanity","Purple Cards","DeadlyEvents"],"is_ascension_mode":false,"campfire_choices":[{"data":"Noxious Fumes","floor":6.0,"key":"SMITH"},{"floor":8.0,"key":"REST"},{"data":"Setup","floor":10.0,"key":"SMITH"},{"floor":12.0,"key":"REST"},{"data":"Noxious Fumes","floor":15.0,"key":"SMITH"},{"floor":30,"key":"REST"},{"floor":32,"key":"REST"}],"circlet_count":0,"master_deck":["Outmaneuver","Quick Slash","Slice","Halt","Concentrate","Finisher","Cloak And Dagger","MentalFortress","WheelKick","FlyingSleeves","FollowUp","Crescendo","Prepared","TalkToTheHand","FlurryOfBlows","Slice","Crescendo","PiercingWail","ThirdEye","Deadly Poison","TalkToTheHand","Well Laid Plans","FlurryOfBlows","Sucker Punch","Meditate","Outmaneuver","EmptyMind","CrushJoints","SignatureMove+1","Conclude","FollowUp","Riddle With Holes","FlurryOfBlows","Dodge and Roll","FlyingSleeves","FlurryOfBlows","ForeignInfluence","Evaluate","Quick Slash","BowlingBash","Conclude","Evaluate","Dagger Throw","Evaluate","Setup+1","Blade Dance","TalkToTheHand","FlyingSleeves","Tantrum","WreathOfFlame","Noxious Fumes+1","Adaptation","Noxious Fumes+1","Flying Knee","Ragnarok","WindmillStrike+1","WaveOfTheHand+1","Footwork","Venomology","Outmaneuver+1"],"relics":["Ring of the Snake","Hammer of Thor","Seething Fire","Anvil of the Gods","MealTicket","Matryoshka","Black Star","Boot","Thread and Needle","Bottled Tornado","Potion Belt","Blood Vial","Dead Branch","Question Card","Singing Bowl","Smiling Mask","PreservedInsect","Anchor"],"acts_visited":["Exordium","TheCity"],"potions_floor_usage":[25,28,33,33],"damage_taken":[{"damage":5.0,"enemies":"Small Slimes","floor":1.0,"turns":2.0},{"damage":0.0,"enemies":"Jaw Worm","floor":3.0,"turns":2.0},{"damage":6.0,"enemies":"Cultist","floor":5.0,"turns":3.0},{"damage":32.0,"enemies":"Gremlin Nob","floor":7.0,"turns":4.0},{"damage":13.0,"enemies":"Lots of Slimes","floor":11.0,"turns":2.0},{"damage":2.0,"enemies":"2 Fungi Beasts","floor":13.0,"turns":3.0},{"damage":0.0,"enemies":"3 Louse","floor":14.0,"turns":2.0},{"damage":37.0,"enemies":"Slime Boss","floor":16.0,"turns":7.0},{"damage":10.0,"enemies":"Spheric Guardian","floor":18.0,"turns":3.0},{"damage":5.0,"enemies":"Book of Stabbing","floor":20.0,"turns":3.0},{"damage":1.0,"enemies":"3 Byrds","floor":21.0,"turns":3.0},{"damage":36.0,"enemies":"Gremlin Leader","floor":23.0,"turns":7.0},{"damage":8.0,"enemies":"Snecko","floor":24.0,"turns":4.0},{"damage":5,"enemies":"Book of Stabbing","floor":25,"turns":5},{"damage":13,"enemies":"Gremlin Leader","floor":28,"turns":8},{"damage":11,"enemies":"Chosen and Byrds","floor":29,"turns":5},{"damage":15,"enemies":"Shelled Parasite and Fungi","floor":31,"turns":5},{"damage":73,"enemies":"Automaton","floor":33,"turns":6}],"seed_played":"-4388098555046818604","potions_obtained":[{"floor":3.0,"key":"SkillPotion"},{"floor":11.0,"key":"LiquidBronze"},{"floor":14.0,"key":"Poison Potion"},{"floor":20.0,"key":"FearPotion"},{"floor":24.0,"key":"Energy Potion"},{"floor":25,"key":"Energy Potion"},{"floor":28,"key":"SpeedPotion"}],"is_trial":false,"path_per_floor":["M","$","M","?","M","R","E","R","T","R","M","R","M","M","R","B",null,"M","?","E","M","$","E","M","E","T","?","E","M","R","M","R","B"],"character_chosen":"THE_SILENT","items_purchased":["Noxious Fumes","Bottled Tornado"],"campfire_rested":4,"item_purchase_floors":[2,22],"current_hp_per_floor":[65,65,65,65,59,59,27,48,48,48,35,56,54,54,54,17,70,60,60,55,54,69,33,27,24,24,47,36,29,50,37,58,0,0],"gold":365,"neow_bonus":"","is_daily":true,"chose_seed":false,"campfire_upgraded":3,"win_rate":0.0,"timestamp":1608806454,"path_taken":["M","$","M","?","M","R","E","R","T","R","M","R","?","M","R","BOSS","M","?","?","M","$","E","M","?","T","?","E","M","R","M","R","BOSS"],"items_purchased_type":["Card","Relic"],"build_version":"2020-12-22","purchased_purges":0,"victory":false,"max_hp_per_floor":[70,70,70,70,70,70,70,70,70,70,70,70,70,70,70,70,70,70,70,70,70,70,70,70,70,70,70,70,72,72,72,72,72,72],"card_choices":[{"not_picked":["Bane","Choke"],"picked":"WreathOfFlame","floor":1.0},{"not_picked":["CrushJoints","FollowUp"],"picked":"Adaptation","floor":3.0},{"not_picked":["Well Laid Plans","Sanctity","FlurryOfBlows"],"picked":"SKIP","floor":5.0},{"not_picked":["Study","Evaluate","Quick Slash"],"picked":"SKIP","floor":7.0},{"not_picked":["JustLucky","Flechettes"],"picked":"Noxious Fumes","floor":11.0},{"not_picked":["JustLucky","Blade Dance","Quick Slash"],"picked":"SKIP","floor":13.0},{"not_picked":["Terror","Masterful Stab"],"picked":"Flying Knee","floor":14.0},{"not_picked":["SpiritShield","Brilliance"],"picked":"Ragnarok","floor":16.0},{"not_picked":["Underhanded Strike","Pray+1","Prostrate"],"picked":"SKIP","floor":18.0},{"not_picked":["CrushJoints","Outmaneuver"],"picked":"WindmillStrike+1","floor":20.0},{"not_picked":["Consecrate","Cloak And Dagger","FlyingSleeves"],"picked":"SKIP","floor":21.0},{"not_picked":["Skewer","Finisher"],"picked":"WaveOfTheHand+1","floor":23.0},{"not_picked":["Protect","Dagger Throw"],"picked":"Footwork","floor":24.0},{"not_picked":["Evaluate+1","Protect+1","Tantrum+1"],"picked":"SKIP","floor":25},{"not_picked":["InnerPeace","Prepared","CrushJoints"],"picked":"Venomology","floor":28},{"not_picked":["Heel Hook","FlurryOfBlows","EmptyFist","Evaluate"],"picked":"Singing Bowl","floor":29},{"not_picked":["Tactician","Consecrate","CutThroughFate"],"picked":"Outmaneuver+1","floor":31}],"player_experience":474732,"relics_obtained":[{"floor":7.0,"key":"MealTicket"},{"floor":9.0,"key":"Matryoshka"},{"floor":20.0,"key":"Boot"},{"floor":20.0,"key":"Thread and Needle"},{"floor":23.0,"key":"Potion Belt"},{"floor":23.0,"key":"Blood Vial"},{"floor":25,"key":"Dead Branch"},{"floor":25,"key":"Question Card"},{"floor":26,"key":"Singing Bowl"},{"floor":26,"key":"Smiling Mask"},{"floor":28,"key":"PreservedInsect"},{"floor":28,"key":"Anchor"}],"event_choices":[{"damage_healed":0.0,"max_hp_gain":0.0,"max_hp_loss":0.0,"gold_gain":175.0,"event_name":"Liars Game","player_choice":"AGREE","floor":4.0,"gold_loss":0.0,"damage_taken":0.0,"cards_obtained":["Doubt"]},{"cards_removed":["Meditate"],"damage_healed":0.0,"max_hp_gain":0.0,"max_hp_loss":0.0,"gold_gain":0.0,"event_name":"Designer","player_choice":"Upgrade and Remove","floor":19.0,"gold_loss":90.0,"damage_taken":0.0,"cards_upgraded":["SignatureMove"]},{"damage_healed":23,"gold_gain":0,"player_choice":"Heal","damage_taken":0,"max_hp_gain":0,"max_hp_loss":0,"event_name":"The Library","floor":27,"gold_loss":0}],"is_beta":false,"boss_relics":[{"not_picked":["Snecko Eye","Calling Bell"],"picked":"Black Star"}],"items_purged_floors":[],"is_endless":false,"potions_floor_spawned":[3,11,14,16,18,20,24,25,28],"killed_by":"Automaton","ascension_level":0}}