{"host":"15dd7v8o90xso62x","time":1608779687,"event":{"mods":["BaseMod","Minty Spire (QoL Compilation)","Quick Restart","StSLib"],"gold_per_floor":[115,133,148,166,184,184,259,287,311,328,328,345,380,394,394,394,394],"floor_reached":16,"playtime":561,"items_purged":[],"score":215,"play_id":"ba614d87-915f-4e60-8a25-c9936df36e9c","local_time":"20201224121447","is_ascension_mode":true,"campfire_choices":[{"data":"Zap","floor":6.0,"key":"SMITH"},{"floor":15,"key":"REST"}],"circlet_count":0,"master_deck":["AscendersBane","Strike_B","Strike_B","Strike_B","Strike_B","Defend_B","Defend_B","Defend_B","Defend_B","Zap+1","Dualcast","Self Repair","Ball Lightning","Double Energy","Recycle","Coolheaded","White Noise+1","Reinforced Body","Streamline","Storm","Skim"],"relics":["Cracked Core","NeowsBlessing","Mercury Hourglass","Boot","Centennial Puzzle"],"acts_visited":["Exordium"],"potions_floor_usage":[8,13,13,16],"damage_taken":[{"damage":0.0,"enemies":"2 Louse","floor":1.0,"turns":1.0},{"damage":0.0,"enemies":"Cultist","floor":2.0,"turns":1.0},{"damage":0.0,"enemies":"Jaw Worm","floor":3.0,"turns":1.0},{"damage":3.0,"enemies":"3 Louse","floor":4.0,"turns":3.0},{"damage":13.0,"enemies":"Large Slime","floor":5.0,"turns":4.0},{"damage":33,"enemies":"Gremlin Nob","floor":8,"turns":4},{"damage":12,"enemies":"Exordium Wildlife","floor":10,"turns":3},{"damage":22,"enemies":"Exordium Thugs","floor":12,"turns":4},{"damage":18,"enemies":"3 Sentries","floor":13,"turns":5},{"damage":9,"enemies":"Blue Slaver","floor":14,"turns":3},{"damage":32,"enemies":"Hexaghost","floor":16,"turns":9}],"seed_played":"4697693215578352257","potions_obtained":[{"floor":1.0,"key":"Strength Potion"},{"floor":4.0,"key":"LiquidMemories"},{"floor":10,"key":"Explosive Potion"},{"floor":12,"key":"Regen Potion"},{"floor":14,"key":"Weak Potion"}],"is_trial":false,"path_per_floor":["M","M","M","M","M","R","?","E","T","M","?","M","E","M","R","B"],"character_chosen":"DEFECT","items_purchased":[],"campfire_rested":1,"item_purchase_floors":[],"current_hp_per_floor":[64,64,71,71,65,65,54,28,28,23,23,8,11,9,30,0,0],"gold":394,"neow_bonus":"THREE_ENEMY_KILL","is_daily":false,"chose_seed":false,"campfire_upgraded":1,"win_rate":0.0,"timestamp":1608779687,"path_taken":["M","M","M","M","M","R","?","E","T","M","?","M","E","?","R","BOSS"],"items_purchased_type":[],"build_version":"2020-12-22","purchased_purges":0,"victory":false,"max_hp_per_floor":[71,71,71,71,71,71,71,71,71,71,71,71,71,71,71,71,71],"card_choices":[{"not_picked":["Recycle","Stack"],"picked":"Self Repair","floor":1.0},{"not_picked":["Compile Driver","Force Field"],"picked":"Ball Lightning","floor":2.0},{"not_picked":["Force Field","Turbo"],"picked":"Double Energy","floor":3.0},{"not_picked":["Hologram","Gash"],"picked":"Recycle","floor":4.0},{"not_picked":["Gash","Barrage"],"picked":"Coolheaded","floor":5.0},{"not_picked":["Hyperbeam","Hologram"],"picked":"White Noise","floor":8},{"not_picked":["Sweeping Beam","Loop"],"picked":"Reinforced Body","floor":10},{"not_picked":["Redo","Barrage"],"picked":"Streamline","floor":12},{"not_picked":["Hologram","Meteor Strike"],"picked":"Storm","floor":13},{"not_picked":["Blizzard","Static Discharge"],"picked":"Skim","floor":14}],"player_experience":939170,"relics_obtained":[{"floor":8,"key":"Mercury Hourglass"},{"floor":9,"key":"Boot"},{"floor":13,"key":"Centennial Puzzle"}],"event_choices":[{"damage_healed":0.0,"max_hp_gain":0.0,"max_hp_loss":0.0,"gold_gain":75.0,"event_name":"World of Goop","player_choice":"Gather Gold","floor":7.0,"gold_loss":0.0,"damage_taken":11.0},{"damage_healed":0,"gold_gain":0,"player_choice":"Forge","damage_taken":0,"max_hp_gain":0,"max_hp_loss":0,"event_name":"Accursed Blacksmith","floor":11,"gold_loss":0,"cards_upgraded":["White Noise"]}],"is_beta":false,"boss_relics":[],"items_purged_floors":[],"is_endless":false,"potions_floor_spawned":[1,4,10,12,14],"killed_by":"Hexaghost","ascension_level":17}}