{"host":"1637j8siz7lzgd5k","time":1608803612,"event":{"mods":["BaseMod","Colored Map","Minty Spire (QoL Compilation)","StSLib","SuperFastMode"],"gold_per_floor":[109,157,82,82,157,183,202,220,220,220,248,261,261,292,292,292,292],"floor_reached":16,"playtime":1597,"items_purged":["Strike_R"],"score":286,"play_id":"68f80140-d7a7-48a9-a11b-4dedd3806065","local_time":"20201224185332","is_ascension_mode":true,"campfire_choices":[{"data":"Wild Strike","floor":10,"key":"SMITH"},{"data":"Bash","floor":13,"key":"SMITH"},{"data":"Battle Trance","floor":15,"key":"SMITH"}],"circlet_count":0,"master_deck":["AscendersBane","Strike_R","Strike_R","Strike_R","Strike_R","Defend_R","Defend_R","Defend_R","Defend_R","Bash+1","Battle Trance+1","Wild Strike+1","Wild Strike"],"relics":["Burning Blood","NeowsBlessing","Ancient Tea Set","Akabeko","Champion Belt","Art of War","Ginger"],"acts_visited":["Exordium"],"potions_floor_usage":[14,16],"damage_taken":[{"damage":0,"enemies":"Cultist","floor":1,"turns":1},{"damage":0,"enemies":"3 Sentries","floor":6,"turns":2},{"damage":0,"enemies":"Jaw Worm","floor":7,"turns":1},{"damage":6,"enemies":"Small Slimes","floor":8,"turns":3},{"damage":30,"enemies":"Lagavulin","floor":11,"turns":5},{"damage":6,"enemies":"2 Fungi Beasts","floor":12,"turns":3},{"damage":30,"enemies":"3 Sentries","floor":14,"turns":7},{"damage":20,"enemies":"Hexaghost","floor":16,"turns":7}],"seed_played":"799417315098040799","potions_obtained":[{"floor":1,"key":"Weak Potion"},{"floor":6,"key":"BloodPotion"}],"is_trial":false,"path_per_floor":["M","T","$","$","?","E","M","M","T","R","E","M","R","E","R","B"],"character_chosen":"IRONCLAD","items_purchased":[],"campfire_rested":0,"item_purchase_floors":[],"current_hp_per_floor":[74,74,74,74,63,69,75,75,75,75,51,51,51,42,42,22,22],"gold":292,"neow_bonus":"THREE_ENEMY_KILL","is_daily":false,"chose_seed":false,"campfire_upgraded":3,"win_rate":0.0,"timestamp":1608803612,"path_taken":["M","?","?","$","?","E","M","M","T","R","E","?","R","E","R","BOSS"],"items_purchased_type":[],"build_version":"2020-12-22","purchased_purges":1,"victory":false,"max_hp_per_floor":[75,75,75,75,75,75,75,75,75,75,75,75,75,75,75,75,75],"card_choices":[{"not_picked":["Pommel Strike","Rupture","Clash"],"picked":"SKIP","floor":1},{"not_picked":["Clash","Warcry","Clothesline"],"picked":"SKIP","floor":6},{"not_picked":["Shrug It Off","Cleave"],"picked":"Battle Trance","floor":7},{"not_picked":["Seeing Red","Cleave"],"picked":"Wild Strike","floor":8},{"not_picked":["Reaper","Perfected Strike"],"picked":"Wild Strike","floor":11},{"not_picked":["Sever Soul","Anger","Twin Strike"],"picked":"SKIP","floor":12},{"not_picked":["Clash","Pommel Strike","True Grit"],"picked":"SKIP","floor":14}],"player_experience":811675,"relics_obtained":[{"floor":2,"key":"Ancient Tea Set"},{"floor":6,"key":"Akabeko"},{"floor":9,"key":"Champion Belt"},{"floor":11,"key":"Art of War"},{"floor":14,"key":"Ginger"}],"event_choices":[{"damage_healed":0,"gold_gain":75,"player_choice":"Gather Gold","damage_taken":11,"max_hp_gain":0,"max_hp_loss":0,"event_name":"World of Goop","floor":5,"gold_loss":0}],"is_beta":false,"boss_relics":[],"items_purged_floors":[3],"is_endless":false,"potions_floor_spawned":[1,6,8],"killed_by":"Hexaghost","ascension_level":20}}