{"host":"u2grshebrc5rdzdn","time":1608815136,"event":{"mods":["AchievementEnabler","BaseMod","Minty Spire (QoL Compilation)","StSLib"],"gold_per_floor":[114,114,124,124,144,179,192,192,218,252,252,295,142,178,178,298,298,322,346,362,376,376,410,410,454,501,540,549,589,598,513,513,637,691,704,718,322,338,338,381,381,429,507,840,860,860,900,922,922,922,922,922,71,71,71],"floor_reached":54,"playtime":6787,"items_purged":["Strike_P","Writhe","Injury"],"score":1408,"play_id":"c1565bce-34b3-4892-8f1a-2707bb50c3c0","local_time":"20201224140536","is_ascension_mode":true,"campfire_choices":[{"data":"Wallop","floor":8.0,"key":"SMITH"},{"data":"Eruption","floor":15.0,"key":"SMITH"},{"data":"DevaForm","floor":24.0,"key":"SMITH"},{"data":"TalkToTheHand","floor":32.0,"key":"SMITH"},{"floor":41,"key":"RECALL"},{"floor":46,"key":"REST"},{"data":"Omniscience","floor":49,"key":"SMITH"},{"floor":52,"key":"REST"}],"circlet_count":0,"master_deck":["Eruption+1","Vigilance+1","EmptyFist+1","CutThroughFate+1","Protect+1","Wallop+1","CutThroughFate+1","BowlingBash+1","DevaForm+1","Wireheading+1","Blasphemy+1","BowlingBash+1","BattleHymn+1","Vault+1","Ghostly+1","Ghostly+1","Ghostly+1","Ghostly+1","Ghostly+1","TalkToTheHand+1","SashWhip+1","ClearTheMind+1","Judgement+1","Conclude+1","Sanctity+1","EmptyFist+1","Fasting2+1","Tantrum+1","Omniscience+1","Establishment"],"relics":["Velvet Choker","Anchor","Orichalcum","Vajra","Meat on the Bone","Ancient Tea Set","Runic Pyramid","MealTicket","HornCleat","Toy Ornithopter","CeramicFish","Bottled Flame","CaptainsWheel","Pandora\u0027s Box","Ice Cream","Mark of the Bloom","Question Card","Prayer Wheel","TeardropLocket","Molten Egg 2","HandDrill","Centennial Puzzle","Happy Flower"],"acts_visited":["Exordium","TheCity","TheBeyond","TheEnding"],"potions_floor_usage":[47],"damage_taken":[{"damage":0.0,"enemies":"Cultist","floor":1.0,"turns":2.0},{"damage":2.0,"enemies":"Small Slimes","floor":3.0,"turns":3.0},{"damage":1.0,"enemies":"2 Louse","floor":5.0,"turns":2.0},{"damage":2.0,"enemies":"Gremlin Nob","floor":6.0,"turns":3.0},{"damage":0.0,"enemies":"Large Slime","floor":7.0,"turns":4.0},{"damage":19.0,"enemies":"Lagavulin","floor":10.0,"turns":6.0},{"damage":0.0,"enemies":"Gremlin Nob","floor":12.0,"turns":3.0},{"damage":16.0,"enemies":"Lagavulin","floor":14.0,"turns":4.0},{"damage":0.0,"enemies":"Slime Boss","floor":16.0,"turns":5.0},{"damage":0.0,"enemies":"Shell Parasite","floor":18.0,"turns":3.0},{"damage":0.0,"enemies":"Spheric Guardian","floor":19.0,"turns":3.0},{"damage":15.0,"enemies":"3 Cultists","floor":20.0,"turns":4.0},{"damage":10.0,"enemies":"Sentry and Sphere","floor":21.0,"turns":4.0},{"damage":0.0,"enemies":"Gremlin Leader","floor":23.0,"turns":4.0},{"damage":0.0,"enemies":"Slavers","floor":25.0,"turns":5.0},{"damage":0.0,"enemies":"Book of Stabbing","floor":27.0,"turns":4.0},{"damage":0.0,"enemies":"Gremlin Leader","floor":29.0,"turns":4.0},{"damage":0,"enemies":"Automaton","floor":33,"turns":6},{"damage":1,"enemies":"Orb Walker","floor":35,"turns":4},{"damage":0,"enemies":"3 Shapes","floor":36,"turns":4},{"damage":2,"enemies":"Transient","floor":38,"turns":5},{"damage":1,"enemies":"Nemesis","floor":40,"turns":6},{"damage":0,"enemies":"Giant Head","floor":42,"turns":7},{"damage":8,"enemies":"Spire Growth","floor":45,"turns":4},{"damage":0,"enemies":"Nemesis","floor":47,"turns":7},{"damage":0,"enemies":"Sphere and 2 Shapes","floor":48,"turns":3},{"damage":0,"enemies":"Donu and Deca","floor":50,"turns":5},{"damage":100009,"enemies":"Shield and Spear","floor":54,"turns":3}],"seed_played":"-8118805142649110616","potions_obtained":[{"floor":6.0,"key":"DuplicationPotion"},{"floor":10.0,"key":"Dexterity Potion"},{"floor":12.0,"key":"Block Potion"},{"floor":14.0,"key":"Regen Potion"},{"floor":23.0,"key":"Ancient Potion"},{"floor":29.0,"key":"SteroidPotion"},{"floor":48,"key":"FairyPotion"}],"is_trial":false,"path_per_floor":["M","?","M","?","M","E","M","R","T","E","?","E","$","E","R","B",null,"M","M","M","M","?","E","R","E","T","E","?","E","?","?","R","B",null,"M","M","$","M","?","E","R","E","T","?","M","R","E","M","R","B",null,"R","$","E"],"character_chosen":"WATCHER","items_purchased":["Wireheading","Ice Cream","HandDrill","Centennial Puzzle","Happy Flower","Establishment","LiquidMemories","GamblersBrew"],"campfire_rested":2,"item_purchase_floors":[13,37,53,53,53,53,53,53],"current_hp_per_floor":[72,77,75,75,74,72,72,72,72,53,53,53,53,49,49,49,77,77,77,62,52,38,38,38,38,38,38,38,38,38,38,38,38,38,37,37,38,36,36,35,35,35,35,35,27,27,27,27,27,27,27,27,27,0,0],"gold":71,"neow_bonus":"BOSS_RELIC","is_daily":false,"chose_seed":false,"campfire_upgraded":5,"win_rate":0.0,"timestamp":1608815136,"path_taken":["M","?","M","?","M","E","?","R","T","E","?","E","$","E","R","BOSS","M","M","M","M","?","E","R","E","T","E","?","E","?","?","R","BOSS","M","M","$","M","?","E","R","E","T","?","M","R","E","M","R","BOSS","R","$","E"],"items_purchased_type":["Card","Relic","Relic","Relic","Relic","Card","Potion","Potion"],"build_version":"2020-12-22","purchased_purges":3,"victory":false,"max_hp_per_floor":[72,77,77,77,77,77,77,77,77,77,77,77,77,77,77,77,77,77,77,77,77,38,38,38,38,38,38,38,38,38,38,38,38,38,38,38,38,38,38,38,38,38,38,38,38,38,38,38,38,38,38,38,38,38,38],"card_choices":[{"not_picked":["PathToVictory","Crescendo"],"picked":"EmptyFist","floor":1.0},{"not_picked":["WaveOfTheHand","FollowUp"],"picked":"CutThroughFate","floor":3.0},{"not_picked":["WreathOfFlame","FlyingSleeves"],"picked":"Protect","floor":5.0},{"not_picked":["ThirdEye","WreathOfFlame"],"picked":"Wallop","floor":6.0},{"not_picked":["MentalFortress","WreathOfFlame"],"picked":"CutThroughFate","floor":7.0},{"not_picked":["BattleHymn","FlurryOfBlows"],"picked":"BowlingBash","floor":10.0},{"not_picked":["Wallop","FlurryOfBlows"],"picked":"DevaForm","floor":12.0},{"not_picked":["PathToVictory","Meditate","Halt"],"picked":"SKIP","floor":14.0},{"not_picked":["SpiritShield","DevaForm"],"picked":"Blasphemy","floor":16.0},{"not_picked":["Adaptation","FlurryOfBlows","Nirvana"],"picked":"SKIP","floor":18.0},{"not_picked":["Protect","FlurryOfBlows"],"picked":"BowlingBash","floor":19.0},{"not_picked":["WreathOfFlame","Halt"],"picked":"BattleHymn+1","floor":20.0},{"not_picked":["SashWhip","ForeignInfluence"],"picked":"Vault","floor":21.0},{"not_picked":["MasterReality","Fasting2","CrushJoints"],"picked":"SKIP","floor":23.0},{"not_picked":["SashWhip","Prostrate","WheelKick"],"picked":"SKIP","floor":25.0},{"not_picked":["CrushJoints","LikeWater","WreathOfFlame"],"picked":"SKIP","floor":27.0},{"not_picked":["Alpha","ForeignInfluence","Scrawl"],"picked":"SKIP","floor":29.0},{"not_picked":["Pray+1","Prostrate","CutThroughFate"],"picked":"SKIP","floor":35},{"not_picked":["ReachHeaven+1","BowlingBash+1","Protect+1"],"picked":"SKIP","floor":36},{"not_picked":["SashWhip+1","ThirdEye","FlyingSleeves"],"picked":"SKIP","floor":38},{"not_picked":["JustLucky","ForeignInfluence+1","Blasphemy"],"picked":"SKIP","floor":40},{"not_picked":["FollowUp+1","CrushJoints+1","DeceiveReality"],"picked":"Fasting2+1","floor":42},{"not_picked":["Adaptation","Evaluate","Wireheading","InnerPeace+1"],"picked":"SKIP","floor":45},{"not_picked":["FollowUp","PathToVictory","JustLucky","EmptyFist+1"],"picked":"SKIP","floor":45},{"not_picked":["BowlingBash+1","Consecrate+1","Crescendo+1"],"picked":"Tantrum+1","floor":47},{"not_picked":["ClearTheMind","EmptyBody+1","WreathOfFlame"],"picked":"Omniscience","floor":48},{"not_picked":["ForeignInfluence+1","Adaptation","Protect+1","FlyingSleeves+1"],"picked":"SKIP","floor":48}],"player_experience":336302,"relics_obtained":[{"floor":6.0,"key":"Anchor"},{"floor":9.0,"key":"Orichalcum"},{"floor":10.0,"key":"Vajra"},{"floor":12.0,"key":"Meat on the Bone"},{"floor":14.0,"key":"Ancient Tea Set"},{"floor":23.0,"key":"MealTicket"},{"floor":25.0,"key":"HornCleat"},{"floor":27.0,"key":"Toy Ornithopter"},{"floor":29.0,"key":"Bottled Flame"},{"floor":40,"key":"Question Card"},{"floor":42,"key":"Prayer Wheel"},{"floor":43,"key":"TeardropLocket"},{"floor":47,"key":"Molten Egg 2"}],"event_choices":[{"damage_healed":0.0,"max_hp_gain":5.0,"max_hp_loss":0.0,"gold_gain":0.0,"event_name":"Big Fish","player_choice":"Donut","floor":2.0,"gold_loss":0.0,"damage_taken":0.0},{"cards_removed":["Strike_P"],"damage_healed":0.0,"max_hp_gain":0.0,"max_hp_loss":0.0,"gold_gain":0.0,"event_name":"Purifier","player_choice":"Purged","floor":4.0,"gold_loss":0.0,"damage_taken":0.0},{"damage_healed":0.0,"max_hp_gain":0.0,"max_hp_loss":0.0,"gold_gain":0.0,"event_name":"Golden Idol","player_choice":"Take Wound","floor":11.0,"gold_loss":0.0,"damage_taken":0.0,"relics_obtained":["Golden Idol"],"cards_obtained":["Injury"]},{"damage_healed":0.0,"max_hp_gain":0.0,"max_hp_loss":39.0,"gold_gain":0.0,"event_name":"Ghosts","player_choice":"Became a Ghost","floor":22.0,"gold_loss":0.0,"damage_taken":0.0,"cards_obtained":["Ghostly","Ghostly","Ghostly","Ghostly","Ghostly"]},{"damage_healed":0.0,"max_hp_gain":0.0,"max_hp_loss":0.0,"gold_gain":0.0,"event_name":"The Mausoleum","player_choice":"Opened","floor":28.0,"gold_loss":0.0,"damage_taken":0.0,"relics_obtained":["CeramicFish"],"cards_obtained":["Writhe"]},{"damage_healed":0.0,"max_hp_gain":0.0,"max_hp_loss":0.0,"gold_gain":0.0,"event_name":"The Library","player_choice":"Read","floor":30.0,"gold_loss":0.0,"damage_taken":0.0,"cards_obtained":["TalkToTheHand"]},{"damage_healed":0.0,"max_hp_gain":0.0,"max_hp_loss":0.0,"gold_gain":0.0,"event_name":"Addict","player_choice":"Obtained Relic","floor":31.0,"gold_loss":85.0,"damage_taken":0.0,"relics_obtained":["CaptainsWheel"]},{"damage_healed":0,"gold_gain":0,"player_choice":"Upgrade","damage_taken":0,"relics_obtained":["Mark of the Bloom"],"max_hp_gain":0,"max_hp_loss":0,"event_name":"MindBloom","floor":39,"gold_loss":0,"cards_upgraded":["Vigilance","EmptyFist","CutThroughFate","Protect","CutThroughFate","BowlingBash","Wireheading","Blasphemy","BowlingBash","Vault","Ghostly","Ghostly","Ghostly","Ghostly","Ghostly","SashWhip","ClearTheMind","Judgement","Conclude","Sanctity","EmptyFist"]},{"damage_healed":0,"gold_gain":333,"player_choice":"Gave Idol","damage_taken":0,"max_hp_gain":0,"max_hp_loss":0,"event_name":"The Moai Head","floor":44,"relics_lost":["Golden Idol"],"gold_loss":0}],"is_beta":false,"boss_relics":[{"not_picked":["Coffee Dripper","Snecko Eye"],"picked":"Runic Pyramid"},{"not_picked":["Astrolabe","Tiny House"],"picked":"Pandora\u0027s Box"}],"items_purged_floors":[13,37,53],"is_endless":false,"potions_floor_spawned":[6,10,12,14,18,21,23,29,33,38,40,48],"killed_by":"Shield and Spear","ascension_level":3}}