{"host":"7uty67eufarcrkdl","time":1608779562,"event":{"mods":["AchievementEnabler","Act Like it!","BaseMod","Bestiary","Better Altar","Better Match","Better Note","Better Sensory Stone","Better Skull","Better Third Choice","Better Vampires","BetterRewards","Block Reminder","Challenge The Spire","Clawfect","Colored Map","Colored Powertips","DeckTracker","Defuse TimeMaze Blight","Displayed Cursed Tome","Downfall","Ekko","Hubris","Infinite Spire","Minty Spire (QoL Compilation)","MonsterHotkey","Permanent Neow","Rare Cards Sparkle","Relic Stats","Replay The Spire","Shop Mod","StSLib","The Blue Laboratory","Thieving Mod","Transform Curses","Uncapped","Wandering Minibosses"],"gold_per_floor":[112,112,112,112,72,72,92,109,109,137,155,169,169,203,203,306,306,323,323,340,353,367,367,367],"floor_reached":23,"playtime":1095,"items_purged":[],"score":305,"play_id":"2c8362b0-ffc3-4c29-b518-46183d8f9e67","local_time":"20201223201242","is_ascension_mode":false,"campfire_choices":[{"data":"Clawfect:ClawSnap","floor":6,"key":"SMITH"},{"data":"Clawfect:ScrapingClaw","floor":13,"key":"SMITH"},{"data":"Clawfect:ClawAndGloom","floor":15,"key":"SMITH"}],"circlet_count":0,"master_deck":["Gash","Gash","Gash","Gash","Gash","Defend_B","Defend_B","Clawfect:ClawSnap+1","Clawfect:Clawrage","Clawfect:ClawAndGloom+1","Clawfect:ClawAndTear","Clawfect:ClawSnap","Clawfect:ScrapingClaw+1","Clawfect:ClawLightning","Seek","Clawfect:ClawLightning+1","Core Surge","Clawfect:ClawLightning+1"],"relics":["Clawfect:DRClaw","OrangePellets","hubris:Icosahedron","hubris:TenFootPole","infinitespire:BottledMercury","Strawberry","Ring of Chaos","Nloth\u0027s Gift"],"acts_visited":["Exordium","TheCity"],"potions_floor_usage":[14,14,16,21],"damage_taken":[{"damage":0,"enemies":"Cultist","floor":1,"turns":4},{"damage":0,"enemies":"Small Slimes","floor":5,"turns":3},{"damage":4,"enemies":"Jaw Worm","floor":7,"turns":3},{"damage":5,"enemies":"Blue Slaver","floor":8,"turns":3},{"damage":22,"enemies":"3 Sentries","floor":10,"turns":5},{"damage":0,"enemies":"Large Slime","floor":11,"turns":3},{"damage":0,"enemies":"Looter","floor":12,"turns":2},{"damage":0,"enemies":"Lagavulin","floor":14,"turns":3},{"damage":0,"enemies":"Fading Forest","floor":16,"turns":5},{"damage":0,"enemies":"Spheric Guardian","floor":18,"turns":2},{"damage":14,"enemies":"Shell Parasite","floor":20,"turns":3},{"damage":21,"enemies":"Shelled Parasite and Fungi","floor":21,"turns":3},{"damage":14,"enemies":"Snake Plant","floor":22,"turns":3},{"damage":35,"enemies":"Nightmare","floor":23,"turns":4}],"seed_played":"-2881300933242489351","potions_obtained":[{"floor":7,"key":"blueLaboratory:BiasPotion"},{"floor":8,"key":"Fire Potion"},{"floor":11,"key":"LiquidMemories"},{"floor":20,"key":"SkillPotion"},{"floor":22,"key":"blueLaboratory:LouseDecoction"}],"is_trial":false,"path_per_floor":["M","?","?","$","M","R","M","M","T","E","M","M","R","E","R","B",null,"M","?","M","M","M","NM"],"character_chosen":"DEFECT","items_purchased":[],"campfire_rested":0,"item_purchase_floors":[],"current_hp_per_floor":[75,75,68,58,58,58,54,49,49,27,27,27,27,34,34,48,82,82,82,68,47,33,0,0],"gold":367,"neow_bonus":"","is_daily":false,"chose_seed":false,"campfire_upgraded":3,"win_rate":0.0,"timestamp":1608779562,"path_taken":["M","?","?","?","M","R","M","M","T","E","M","M","R","E","R","BOSS","M","?","M","M","M","NM"],"items_purchased_type":[],"build_version":"2020-12-22","purchased_purges":0,"victory":false,"max_hp_per_floor":[75,75,75,75,75,75,75,75,75,75,75,75,75,82,82,82,82,82,82,82,82,82,82,82],"relic_stats":{"OrangePellets":[0],"counters":[14,46],"Nloth\u0027s Gift":1,"obtain_stats":[{"OrangePellets":0,"infinitespire:BottledMercury":9,"hubris:Icosahedron":2,"Strawberry":14,"Ring of Chaos":17,"hubris:TenFootPole":3,"ReplayTheSpireMod:TigerMarble":10,"Nloth\u0027s Gift":19,"Clawfect:DRClaw":0},{"OrangePellets":0,"infinitespire:BottledMercury":4,"hubris:Icosahedron":1,"Strawberry":8,"Ring of Chaos":9,"hubris:TenFootPole":1,"ReplayTheSpireMod:TigerMarble":5,"Nloth\u0027s Gift":10,"Clawfect:DRClaw":0},{"OrangePellets":0,"infinitespire:BottledMercury":13,"hubris:Icosahedron":4,"Strawberry":26,"Ring of Chaos":31,"hubris:TenFootPole":4,"ReplayTheSpireMod:TigerMarble":18,"Nloth\u0027s Gift":33,"Clawfect:DRClaw":0}]},"card_choices":[{"not_picked":["Aggregate","Reprogram"],"picked":"Stack","floor":1},{"not_picked":["Turbo","FTL"],"picked":"Clawfect:ClawSnap","floor":5},{"not_picked":["BasicCrystalCard","Leap"],"picked":"Clawfect:Clawrage","floor":7},{"not_picked":["Clawfect:ClawCell","Clawfect:Clawline"],"picked":"Clawfect:ClawAndGloom","floor":8},{"not_picked":["Meteor Strike","Undo"],"picked":"Clawfect:ClawAndTear","floor":10},{"not_picked":["Clawfect:ClawLightning","Self Repair"],"picked":"Clawfect:ClawSnap","floor":11},{"not_picked":["Sunder","Stack"],"picked":"Clawfect:ScrapingClaw","floor":12},{"not_picked":["Hyperbeam","Rebound"],"picked":"Clawfect:ClawLightning","floor":14},{"not_picked":["Buffer","Mirror Shield"],"picked":"Seek","floor":16},{"not_picked":["Clawfect:ClawpileDriver","Clawfect:ScrapingClaw"],"picked":"Clawfect:ClawLightning+1","floor":18},{"not_picked":["Hologram","Clawfect:Clawter"],"picked":"Core Surge","floor":20},{"not_picked":["BasicCrystalCard","Undo","Reprogram"],"picked":"SKIP","floor":21},{"not_picked":["Clawfect:Clawrage","Turbo"],"picked":"Clawfect:ClawLightning+1","floor":22}],"player_experience":166666,"relics_obtained":[{"floor":9,"key":"infinitespire:BottledMercury"},{"floor":10,"key":"ReplayTheSpireMod:TigerMarble"},{"floor":14,"key":"Strawberry"}],"event_choices":[{"damage_healed":0,"gold_gain":0,"player_choice":"Relic ","damage_taken":7,"max_hp_gain":0,"max_hp_loss":0,"event_name":"betterThird:BetterScrap","floor":3,"gold_loss":0,"cards_obtained":["EmptyMind"]},{"damage_healed":0,"gold_gain":0,"player_choice":"Traded Relic","damage_taken":0,"relics_obtained":["Nloth\u0027s Gift"],"max_hp_gain":0,"max_hp_loss":0,"event_name":"N\u0027loth","floor":19,"relics_lost":["ReplayTheSpireMod:TigerMarble"],"gold_loss":0}],"is_beta":false,"boss_relics":[{"not_picked":["infinitespire:Cupcake","Calling Bell"],"picked":"Ring of Chaos"}],"items_purged_floors":[],"is_endless":false,"potions_floor_spawned":[7,8,11,12,20,22],"killed_by":"Nightmare","ascension_level":0}}