{"host":"k85tjwrh7mjrrc9a","time":1608838763,"event":{"mods":["AchievementEnabler","BaseMod","Colored Powertips","Highlight Path","Minty Spire (QoL Compilation)","Rare Cards Sparkle","StSLib"],"gold_per_floor":[118,118,136,136,155,155,179,195,195,370,370,302,323,339,339,468,468,484,503,281,300,300,300],"floor_reached":22,"playtime":1978,"items_purged":["Strike_G"],"score":180,"play_id":"6a3902d0-a58e-4cd3-99f1-fa4578ddeed9","local_time":"20201224143923","is_ascension_mode":false,"campfire_choices":[{"data":"Noxious Fumes","floor":6,"key":"SMITH"},{"floor":11,"key":"REST"},{"floor":15,"key":"REST"}],"circlet_count":0,"master_deck":["Strike_G","Strike_G","Strike_G","Defend_G","Defend_G","Defend_G","Defend_G","Defend_G","Survivor","Neutralize","Noxious Fumes+1","Backflip","Reflex","Doubt","Skewer","Acrobatics","Burst","Outmaneuver","Flying Knee","Outmaneuver","Backflip+1"],"relics":["Ring of the Snake","Golden Idol","Matryoshka","Gremlin Horn","HoveringKite"],"acts_visited":["Exordium","TheCity"],"potions_floor_usage":[16,20,21,22],"damage_taken":[{"damage":2,"enemies":"Jaw Worm","floor":1,"turns":5},{"damage":4,"enemies":"Small Slimes","floor":3,"turns":6},{"damage":2,"enemies":"Cultist","floor":5,"turns":5},{"damage":9,"enemies":"Large Slime","floor":7,"turns":7},{"damage":4,"enemies":"Looter","floor":8,"turns":4},{"damage":15,"enemies":"Lots of Slimes","floor":13,"turns":5},{"damage":3,"enemies":"Blue Slaver","floor":14,"turns":5},{"damage":53,"enemies":"Hexaghost","floor":16,"turns":13},{"damage":17,"enemies":"3 Byrds","floor":18,"turns":5},{"damage":52,"enemies":"Chosen","floor":19,"turns":8},{"damage":6,"enemies":"Snake Plant","floor":21,"turns":5},{"damage":12,"enemies":"Shelled Parasite and Fungi","floor":22,"turns":3}],"seed_played":"-2104576815971216549","potions_obtained":[{"floor":1,"key":"DistilledChaos"},{"floor":7,"key":"PowerPotion"},{"floor":8,"key":"BlessingOfTheForge"},{"floor":13,"key":"ColorlessPotion"}],"is_trial":false,"path_per_floor":["M","?","M","?","M","R","M","M","T","?","R","?","M","M","R","B",null,"M","M","$","M","M"],"character_chosen":"THE_SILENT","items_purchased":["Outmaneuver","Fruit Juice"],"campfire_rested":2,"item_purchase_floors":[20,20],"current_hp_per_floor":[75,56,52,52,50,50,41,37,37,37,60,60,45,42,65,12,77,60,8,13,7,0,0],"gold":300,"neow_bonus":"TEN_PERCENT_HP_BONUS","is_daily":false,"chose_seed":false,"campfire_upgraded":1,"win_rate":0.0,"timestamp":1608838763,"path_taken":["M","?","M","?","M","R","M","?","T","?","R","?","M","M","R","BOSS","M","M","$","?","M"],"items_purchased_type":["Card","Potion"],"build_version":"2020-12-22","purchased_purges":1,"victory":false,"max_hp_per_floor":[77,77,77,77,77,77,77,77,77,77,77,77,77,77,77,77,77,77,77,82,82,82,82],"card_choices":[{"not_picked":["Endless Agony","Dagger Throw","Underhanded Strike"],"picked":"SKIP","floor":1},{"not_picked":["Infinite Blades","Blur"],"picked":"Noxious Fumes","floor":3},{"not_picked":["Quick Slash","Dagger Throw","Underhanded Strike"],"picked":"SKIP","floor":5},{"not_picked":["Dash","Prepared"],"picked":"Backflip","floor":7},{"not_picked":["Underhanded Strike","Poisoned Stab"],"picked":"Reflex","floor":8},{"not_picked":["All Out Attack","Finisher"],"picked":"Skewer","floor":13},{"not_picked":["Predator","Crippling Poison"],"picked":"Acrobatics","floor":14},{"not_picked":["Wraith Form v2","Night Terror"],"picked":"Burst","floor":16},{"not_picked":["Dodge and Roll","Sucker Punch"],"picked":"Outmaneuver","floor":18},{"not_picked":["PiercingWail","Endless Agony+1"],"picked":"Flying Knee","floor":19},{"not_picked":["Blur","PiercingWail"],"picked":"Backflip+1","floor":21}],"player_experience":41031,"relics_obtained":[{"floor":9,"key":"Matryoshka"}],"event_choices":[{"damage_healed":0,"gold_gain":0,"player_choice":"Take Damage","damage_taken":19,"relics_obtained":["Golden Idol"],"max_hp_gain":0,"max_hp_loss":0,"event_name":"Golden Idol","floor":2,"gold_loss":0},{"cards_removed":["Strike_G"],"damage_healed":0,"gold_gain":0,"player_choice":"Offered Basic","damage_taken":0,"max_hp_gain":0,"max_hp_loss":0,"event_name":"Bonfire Elementals","floor":4,"gold_loss":0},{"damage_healed":0,"gold_gain":175,"player_choice":"AGREE","damage_taken":0,"max_hp_gain":0,"max_hp_loss":0,"event_name":"Liars Game","floor":10,"gold_loss":0,"cards_obtained":["Doubt"]},{"damage_healed":0,"gold_gain":0,"player_choice":"Paid Gold","damage_taken":0,"relics_obtained":["Gremlin Horn"],"max_hp_gain":0,"max_hp_loss":0,"event_name":"WeMeetAgain","floor":12,"gold_loss":68}],"is_beta":false,"boss_relics":[{"not_picked":["Runic Pyramid","Cursed Key"],"picked":"HoveringKite"}],"items_purged_floors":[20],"is_endless":false,"potions_floor_spawned":[1,7,8,13],"killed_by":"Shelled Parasite and Fungi","ascension_level":0}}