{"host":"uflv0e3ja7hvnij7","time":1608811841,"event":{"mods":["BaseMod","Conspire","Downfall","Hubris","Minty Spire (QoL Compilation)","Replay The Spire","Shop Mod","StSLib"],"gold_per_floor":[112,112,124,142,91,91,125,125,151,167,167,200,200,200,200,305,305,305],"floor_reached":17,"playtime":1118,"items_purged":[],"score":187,"play_id":"3ba0df6a-e6d0-4944-8837-8882e979c29f","local_time":"20201224071040","is_ascension_mode":true,"campfire_choices":[{"data":"Shrug It Off","floor":6,"key":"SMITH"},{"floor":11,"key":"REST"},{"data":"Defend_R","floor":13,"key":"SMITH"},{"data":"Defend_R+1","floor":15,"key":"SMITH"}],"circlet_count":0,"master_deck":["Strike_R","Strike_R","Strike_R+1","Strike_R+1","Defend_R+2","Defend_R","Defend_R","Bash","hubris:ReadiedAction","Shrug It Off+1","Disarm","Whirlwind+1","Demonic Infusion","Headbutt","Berserk"],"relics":["Burning Blood","Replay:Accelerometer","Simple Rune","Replay:Baseball","hubris:Icosahedron","Ring of Chaos"],"acts_visited":["Exordium","TheCity"],"potions_floor_usage":[7],"damage_taken":[{"damage":6,"enemies":"Cultist","floor":1,"turns":4},{"damage":0,"enemies":"2 Louse","floor":3,"turns":3},{"damage":12,"enemies":"Small Slimes","floor":4,"turns":5},{"damage":20,"enemies":"3 Sentries","floor":7,"turns":5},{"damage":34,"enemies":"Exordium Thugs","floor":10,"turns":4},{"damage":25,"enemies":"Lagavulin","floor":12,"turns":7},{"damage":79,"enemies":"Hexaghost","floor":16,"turns":16}],"seed_played":"9202783941298738161","potions_obtained":[{"floor":4,"key":"FearPotion"},{"floor":7,"key":"Milkshake"},{"floor":16,"key":"HeartOfIron"}],"is_trial":false,"path_per_floor":["M","?","M","M","$","R","E","?","T","M","R","E","R","?","R","B",null],"character_chosen":"IRONCLAD","items_purchased":["Whirlwind+1"],"campfire_rested":1,"item_purchase_floors":[5],"current_hp_per_floor":[88,88,88,82,82,82,68,68,68,40,66,47,47,47,47,39,88,88],"gold":305,"neow_bonus":"TEN_PERCENT_HP_BONUS","is_daily":false,"chose_seed":false,"campfire_upgraded":3,"win_rate":0.0,"timestamp":1608811840,"path_taken":["M","?","?","M","$","R","E","?","T","?","R","E","R","?","R","BOSS"],"items_purchased_type":["Card"],"build_version":"2020-12-22","purchased_purges":0,"victory":false,"max_hp_per_floor":[88,88,88,88,88,88,88,88,88,88,88,88,88,88,88,88,88,88],"card_choices":[{"not_picked":["Thunderclap","ReplayReversal"],"picked":"hubris:ReadiedAction","floor":1},{"not_picked":["Thunderclap","True Grit"],"picked":"Shrug It Off","floor":3},{"not_picked":["Iron Wave","Headbutt"],"picked":"Disarm","floor":4},{"not_picked":["ReplayReversal","Replay:Undeath\u0027s Touch"],"picked":"Demonic Infusion","floor":7},{"not_picked":["Run Through","Life Link","Sword Boomerang"],"picked":"SKIP","floor":10},{"not_picked":["Shrug It Off","Metallicize"],"picked":"Headbutt","floor":12},{"not_picked":["Fiend Fire","Barricade"],"picked":"Berserk","floor":16}],"player_experience":304928,"relics_obtained":[{"floor":7,"key":"Replay:Accelerometer"},{"floor":9,"key":"Simple Rune"},{"floor":12,"key":"Replay:Baseball"}],"event_choices":[{"cards_removed":["Defend_R"],"damage_healed":0,"gold_gain":0,"player_choice":"Offered Basic","damage_taken":0,"max_hp_gain":0,"max_hp_loss":0,"event_name":"Bonfire Elementals","floor":2,"gold_loss":0},{"cards_removed":["Strike_R"],"damage_healed":0,"gold_gain":0,"player_choice":"Purged","damage_taken":0,"max_hp_gain":0,"max_hp_loss":0,"event_name":"Purifier","floor":8,"gold_loss":0}],"is_beta":false,"boss_relics":[{"not_picked":["Pandora\u0027s Box","hubris:VirtuousBlindfold"],"picked":"Ring of Chaos"}],"items_purged_floors":[],"is_endless":false,"potions_floor_spawned":[4,7,16],"ascension_level":3}}