{"host":"27tk4xseidcli2mr","time":1608817374,"event":{"mods":["2.2 Compatiblity","AchievementEnabler","Aspiration","BaseMod","Better Third Choice","Conspire","Custom Start","Hubris","Jorbs\u0027s Wanderer Trilogy","Minty Spire (QoL Compilation)","Replay The Spire","StSLib","SuperFastMode","[IsaacMod]????"],"gold_per_floor":[113,128,128,28,40,40,40,40,40,40,40,84,84,142,67,113,181,282,282,311,47,98,127,227,294,329,329,399,399,424,424],"floor_reached":30,"playtime":1112,"items_purged":["CommonCold","Strike_R"],"score":512,"play_id":"1bad3356-3326-41c8-a5f0-5ad6beaa46b2","local_time":"20201224144254","is_ascension_mode":true,"campfire_choices":[{"data":"conspire:SpireCoStock","floor":6.0,"key":"SMITH"},{"data":"EpicFetus","floor":10.0,"key":"SMITH"},{"floor":27.0,"key":"RECALL"},{"data":"Flame Barrier","floor":29.0,"key":"SMITH"}],"circlet_count":0,"master_deck":["AscendersBane","Strike_R","Strike_R","Strike_R","Defend_R","Defend_R","Defend_R","Defend_R","Bash","EpicFetus+1","Reaper+1","Cleave","conspire:SpireCoStock","conspire:SpireCoStock+1","Flame Barrier","Spot Weakness","Cleave","Berserk+1","Shrug It Off+1","Shrug It Off+1","Battle Trance","Flame Barrier+1"],"relics":["Burning Blood","HushsDoor","KeepersGift","NeowsBlessing","BookofShadows","TheBean","ReplayTheSpireMod:Ring of Addiction","Ring of Hypnosis","White Beast Statue","hubris:EmptyBottle","conspire:DecoderRing","Black Star","Incubus","GuppysTail","Guide Book","Lantern","UnicornStump","conspire:Dentures"],"acts_visited":["Exordium","TheCity"],"potions_floor_usage":[30],"damage_taken":[{"damage":0.0,"enemies":"Cultist","floor":1.0,"turns":1.0},{"damage":0.0,"enemies":"2 Louse","floor":2.0,"turns":1.0},{"damage":0.0,"enemies":"Small Slimes","floor":5.0,"turns":1.0},{"damage":13.0,"enemies":"Lagavulin","floor":12.0,"turns":5.0},{"damage":56.0,"enemies":"Gremlin Nob","floor":14.0,"turns":6.0},{"damage":28.0,"enemies":"3 Louse","floor":16.0,"turns":5.0},{"damage":46.0,"enemies":"The Guardian","floor":18.0,"turns":12.0},{"damage":24.0,"enemies":"3 Byrds","floor":20.0,"turns":5.0},{"damage":0.0,"enemies":"Shell Parasite","floor":22.0,"turns":4.0},{"damage":13.0,"enemies":"Snecko","floor":23.0,"turns":5.0},{"damage":14.0,"enemies":"Replay:Snechameleon","floor":25.0,"turns":7.0},{"damage":9.0,"enemies":"Snake Plant","floor":26.0,"turns":5.0},{"damage":33,"enemies":"Gremlin Leader","floor":30,"turns":5}],"seed_played":"-3194721605616770256","potions_obtained":[{"floor":12.0,"key":"Fire Potion"},{"floor":13.0,"key":"BloodPotion"},{"floor":13.0,"key":"EntropicBrew"},{"floor":16.0,"key":"Elixir"},{"floor":22.0,"key":"Elixir"}],"is_trial":false,"path_per_floor":["M","M","?","?","M","R","PTL","PTL","T","R","T","E","?","E","$","M","R","B",null,"M","$","M","M","?","E","M","R","T","R","E"],"character_chosen":"IRONCLAD","items_purchased":["Incubus","GuppysTail","Guide Book"],"campfire_rested":0,"item_purchase_floors":[19,19,21],"current_hp_per_floor":[74,75,68,68,74,74,74,74,74,74,74,67,67,57,57,44,44,11,37,26,26,32,35,35,33,30,30,30,30,0,0],"gold":424,"neow_bonus":"THREE_ENEMY_KILL","is_daily":false,"chose_seed":false,"campfire_upgraded":3,"win_rate":0.0,"timestamp":1608817374,"path_taken":["M","?","?","?","?","R","PTL","PTL","?","R","T","E","?","E","$","M","R","BOSS","M","$","M","M","?","E","M","R","T","R","E"],"items_purchased_type":["Relic","Relic","Relic"],"build_version":"2020-12-22","purchased_purges":2,"victory":false,"max_hp_per_floor":[75,75,75,75,75,75,75,75,75,75,75,75,75,75,75,75,75,75,45,45,45,45,45,45,45,43,43,43,41,41,41],"card_choices":[{"not_picked":[],"picked":"EpicFetus","floor":0.0},{"not_picked":["Armaments","Replay:Undeath\u0027s Touch"],"picked":"Reaper","floor":1.0},{"not_picked":["Wild Strike","Combust"],"picked":"Cleave","floor":2.0},{"not_picked":["Twin Strike","Pommel Strike"],"picked":"Flame Barrier","floor":5.0},{"not_picked":["Rupture","Rage"],"picked":"Spot Weakness","floor":12.0},{"not_picked":["Corruption","Entrench","Warcry"],"picked":"SKIP","floor":14.0},{"not_picked":["Anger","hubris:CleavingFinish"],"picked":"Cleave","floor":16.0},{"not_picked":["Fiend Fire","Impervious"],"picked":"Berserk","floor":18.0},{"not_picked":["hubris:ReadiedAction","Headbutt"],"picked":"Shrug It Off+1","floor":20.0},{"not_picked":["Wild Strike","Abandon"],"picked":"Shrug It Off+1","floor":22.0},{"not_picked":["Run Through+1","hubris:SharpeningStone"],"picked":"Battle Trance","floor":23.0},{"not_picked":["ReplayTheSpireMod:Strike From Hell","Cleave","Infernal Blade"],"picked":"SKIP","floor":25.0},{"not_picked":["Inflame","Dark Embrace"],"picked":"Flame Barrier","floor":26.0}],"player_experience":1218039,"relics_obtained":[{"floor":11.0,"key":"BookofShadows"},{"floor":12.0,"key":"TheBean"},{"floor":13.0,"key":"ReplayTheSpireMod:Ring of Addiction"},{"floor":13.0,"key":"Ring of Hypnosis"},{"floor":13.0,"key":"White Beast Statue"},{"floor":13.0,"key":"hubris:EmptyBottle"},{"floor":14.0,"key":"conspire:DecoderRing"},{"floor":25.0,"key":"Lantern"},{"floor":25.0,"key":"UnicornStump"},{"floor":28.0,"key":"conspire:Dentures"}],"event_choices":[{"cards_removed":["Strike_R"],"damage_healed":0.0,"max_hp_gain":0.0,"max_hp_loss":0.0,"gold_gain":0.0,"event_name":"Golden Wing","player_choice":"Card Removal","floor":3.0,"gold_loss":0.0,"damage_taken":7.0},{"damage_healed":0.0,"max_hp_gain":0.0,"max_hp_loss":0.0,"gold_gain":0.0,"event_name":"conspire:Investor","player_choice":"Invest 2","floor":4.0,"gold_loss":0.0,"damage_taken":0.0}],"is_beta":false,"boss_relics":[{"not_picked":["Kintsugi","Replay:Drink Me"],"picked":"Black Star"},{"not_picked":[]}],"items_purged_floors":[15,21],"is_endless":false,"potions_floor_spawned":[12,14,16,18,20,22,23,25,26],"killed_by":"Gremlin Leader","ascension_level":20}}