{"host":"s9znsjs818tlhh47","time":1608776975,"event":{"mods":["2.2 Compatiblity","AchievementEnabler","Act Like it!","BaseMod","Bestiary","Better Note","Better Skull","Better Third Choice","Better Vampires","Card Forge","Colored Powertips","Force Act Four","Gensokyo","Marked Mod","Minty Spire (QoL Compilation)","Permanent Neow","Quick Restart","RumiaBox-露米娅的神秘盒子","StSLib","TheWitcher","【功能Mod】混沌之环修复补丁","残留之物"],"gold_per_floor":[123,123,123,123,136,175,175,99,99,121,137,137,137,12,12,125,125,136,136,171,171,421,480,480,526,602,633,646,646],"floor_reached":28,"playtime":1773,"items_purged":["SnafuTest:DefaultCommonAttack"],"score":261,"play_id":"1650b7d0-04ac-4c12-b945-ec2d34f776a4","local_time":"20201223212935","is_ascension_mode":false,"campfire_choices":[{"data":"SnafuTest:PowerCounterAttack","floor":7.0,"key":"SMITH"},{"data":"SnafuTest:DesperateRemediation","floor":12.0,"key":"SMITH"},{"data":"SnafuTest:PowerAlwaysAWay","floor":15.0,"key":"SMITH"},{"floor":24.0,"key":"REST"}],"circlet_count":0,"master_deck":["SnafuTest:DefaultCommonAttack","SnafuTest:DefaultCommonAttack","SnafuTest:BountyHunt","SnafuTest:DefaultCommonSkill","SnafuTest:DefaultCommonSkill","SnafuTest:DefaultCommonSkill","SnafuTest:SignYrden+1","SnafuTest:CalculatingAmbition+1","Gensokyo:CrescentMoonSlash+1","SnafuTest:WeddingDance+1","SnafuTest:PowerCounterAttack+1","SnafuTest:SpellLifeDrain+1","SnafuTest:SpellCalcinedMetamorphism","SnafuTest:DesperateRemediation+1","SnafuTest:PowerAlwaysAWay+1","SnafuTest:MilitaryReview","SnafuTest:ExcessiveLevies","SnafuTest:WorldMap","SnafuTest:FlashingEvasion+1","SnafuTest:ArmoredSortie+1"],"relics":["SnafuTest:PlaceholderRelic","Hammer of Thor","Seething Fire","Anvil of the Gods","NeowsBlessing","Mango","Ornamental Fan","SnafuTest:QuenRelic","Gensokyo:Justice","Sozu","Blood Vial","Vajra","Pantograph"],"acts_visited":["Exordium","Gensokyo:Gensokyo"],"potions_floor_usage":[],"damage_taken":[{"damage":0.0,"enemies":"Gensokyo:3_Fairies","floor":1.0,"turns":2.0},{"damage":0.0,"enemies":"Gensokyo:Gryphon","floor":5.0,"turns":1.0},{"damage":0.0,"enemies":"Gensokyo:Cirno","floor":6.0,"turns":2.0},{"damage":13.0,"enemies":"Gensokyo:2_Kodama","floor":10.0,"turns":6.0},{"damage":17.0,"enemies":"Gensokyo:Kitsune","floor":11.0,"turns":5.0},{"damage":8.0,"enemies":"Gensokyo:Reimu","floor":16.0,"turns":8.0},{"damage":2.0,"enemies":"Gensokyo:2_Gloops","floor":18.0,"turns":4.0},{"damage":0.0,"enemies":"Gensokyo:Chomper","floor":20.0,"turns":5.0},{"damage":35.0,"enemies":"Gensokyo:Reisen","floor":23.0,"turns":7.0},{"damage":29.0,"enemies":"Gensokyo:Wraith","floor":25.0,"turns":8.0},{"damage":17,"enemies":"Gensokyo:Slime_Group","floor":27,"turns":7},{"damage":7,"enemies":"Gensokyo:Swordslinger","floor":28,"turns":4}],"seed_played":"6766486540477496255","potions_obtained":[{"floor":5.0,"key":"Swift Potion"},{"floor":11.0,"key":"Regen Potion"},{"floor":16.0,"key":"DistilledChaos"}],"is_trial":false,"path_per_floor":["M","?","?","?","M","E","R","COS","T","M","M","R","?","$","R","B",null,"M","?","M","T","?","E","R","M","T","M","M"],"character_chosen":"THE_WITCHER","items_purchased":["SnafuTest:PowerAlwaysAWay"],"campfire_rested":1,"item_purchase_floors":[14],"current_hp_per_floor":[75,68,61,66,66,66,66,66,66,53,36,36,36,36,36,28,89,87,50,52,52,52,24,50,23,23,8,3,3],"gold":646,"neow_bonus":"THREE_ENEMY_KILL","is_daily":false,"chose_seed":false,"campfire_upgraded":3,"win_rate":0.0,"timestamp":1608776975,"path_taken":["M","?","?","?","?","E","R","COS","T","M","M","R","?","$","R","BOSS","M","?","?","?","?","E","R","M","T","M","?"],"items_purchased_type":["Card"],"build_version":"2020-12-22","purchased_purges":1,"victory":false,"max_hp_per_floor":[75,75,89,89,89,89,89,89,89,89,89,89,89,89,89,89,89,89,89,89,89,89,89,89,89,89,89,89,89],"card_choices":[{"not_picked":["SnafuTest:WorldMap","SnafuTest:UndefeatedNarcissism"],"picked":"SnafuTest:CalculatingAmbition","floor":1.0},{"not_picked":["SnafuTest:SpellLivingArmor","SnafuTest:BombSamum"],"picked":"SnafuTest:WeddingDance","floor":5.0},{"not_picked":["SnafuTest:SpellDispellingPush","SnafuTest:BlueWhale"],"picked":"SnafuTest:PowerCounterAttack","floor":6.0},{"not_picked":["SnafuTest:BombSamum+1","SnafuTest:Siege+1"],"picked":"SnafuTest:SpellLifeDrain+1","floor":10.0},{"not_picked":["SnafuTest:Portal","SnafuTest:PayHappyHour"],"picked":"SnafuTest:ExcessiveLevies","floor":10.0},{"not_picked":["SnafuTest:MagePersecution","SnafuTest:DecisiveOpportunity"],"picked":"SnafuTest:SpellCalcinedMetamorphism","floor":11.0},{"not_picked":["SnafuTest:HermitsErudition","SnafuTest:SwiftAssault"],"picked":"SnafuTest:DesperateRemediation","floor":11.0},{"not_picked":["SnafuTest:Amputation","SnafuTest:PowerContactIsContract"],"picked":"SnafuTest:MilitaryReview","floor":16.0},{"not_picked":["SnafuTest:BombDevilsPuffball+1","SnafuTest:SpellHellfire"],"picked":"SnafuTest:ExcessiveLevies","floor":18.0},{"not_picked":["SnafuTest:BattleCry+1","SnafuTest:Oriole"],"picked":"SnafuTest:WorldMap","floor":20.0},{"not_picked":["SnafuTest:SpellHellfire","SnafuTest:MagePersecution"],"picked":"SnafuTest:FlashingEvasion+1","floor":23.0},{"not_picked":["SnafuTest:PayArmorSmith","SnafuTest:WeddingDance"],"picked":"SnafuTest:ArmoredSortie+1","floor":25.0},{"not_picked":["SnafuTest:Portal+1","SnafuTest:BombSamum","SnafuTest:CareTaker+1"],"picked":"SKIP","floor":27}],"player_experience":282966,"relics_obtained":[{"floor":6.0,"key":"Ornamental Fan"},{"floor":9.0,"key":"SnafuTest:QuenRelic"},{"floor":23.0,"key":"Vajra"},{"floor":26.0,"key":"Pantograph"}],"event_choices":[{"damage_healed":5.0,"max_hp_gain":0.0,"max_hp_loss":0.0,"gold_gain":0.0,"event_name":"betterSkull:BetterSkull","player_choice":"LEAVE ","floor":4.0,"gold_loss":0.0,"damage_taken":0.0,"cards_upgraded":[],"relics_obtained":[]},{"damage_healed":0.0,"max_hp_gain":0.0,"max_hp_loss":0.0,"gold_gain":0.0,"event_name":"betterSkull:BetterSkull","player_choice":"RE RE ","floor":19.0,"gold_loss":0.0,"damage_taken":41.0,"cards_upgraded":[],"relics_obtained":["Blood Vial","MealTicket"]}],"is_beta":false,"boss_relics":[{"not_picked":["Snecko Eye","EasyGame_NEW"],"picked":"Sozu"}],"items_purged_floors":[14],"is_endless":false,"potions_floor_spawned":[5,11,16,18],"killed_by":"Gensokyo:Swordslinger","ascension_level":0}}