{"host":"qjr2x8lg4bxz99yh","time":1608852043,"event":{"mods":["Act Like it!","BaseMod","Colored Powertips","Downfall","Friendly Minions","Hallownest","Hermit","Minty Spire (QoL Compilation)","Replay The Spire","StSLib","The Bug Knight","The Cursed","The Disciple","The Hierophant","The Jungle","The Necromancer","The Runesmith","everything is the same but u backflip on backflip"],"gold_per_floor":[119,119,135,98,98,129,150,194,194,215,234,283,358,379,379,379,379],"floor_reached":16,"playtime":3025,"items_purged":[],"score":137,"play_id":"5257e731-029e-41ff-8f2c-7764fd98518a","local_time":"20201224172043","is_ascension_mode":false,"campfire_choices":[{"floor":15,"key":"REST"}],"circlet_count":0,"master_deck":["Strike_B","Strike_B","Strike_B","Strike_B","Defend_B","Defend_B","Defend_B","Zap+1","Mirror Shield","Hello World","Auto Shields","Injury","Streamline","Darkness","Compile Driver","Streamline","Cold Snap","Cold Snap","FIFO Queue","ReplayTheSpireMod:Splinters","Lockon","Go for the Eyes","Genetic Algorithm"],"relics":["Cracked Core","Golden Idol","HollowMod:LifeEnderRelic","Replay:Baseball","Iron Hammer","Chameleon Ring"],"acts_visited":["Exordium"],"potions_floor_usage":[6,8,16],"damage_taken":[{"damage":3,"enemies":"Jaw Worm","floor":1,"turns":4},{"damage":2,"enemies":"2 Louse","floor":3,"turns":3},{"damage":0,"enemies":"HollowMod:MossKnight","floor":6,"turns":10},{"damage":7,"enemies":"Small Slimes","floor":7,"turns":3},{"damage":17,"enemies":"Gremlin Nob","floor":8,"turns":4},{"damage":0,"enemies":"2 Fungi Beasts","floor":10,"turns":3},{"damage":13,"enemies":"Exordium Wildlife","floor":11,"turns":5},{"damage":1,"enemies":"3 Louse","floor":14,"turns":3},{"damage":34,"enemies":"The Guardian","floor":16,"turns":5}],"seed_played":"8537406304177522738","potions_obtained":[{"floor":1,"key":"Energy Potion"},{"floor":3,"key":"DistilledChaos"},{"floor":7,"key":"SteroidPotion"}],"is_trial":false,"path_per_floor":["M","?","M","$","?","E","M","E","T","M","M","?","?","M","R","B"],"character_chosen":"DEFECT","items_purchased":["Darkness"],"campfire_rested":1,"item_purchase_floors":[4],"current_hp_per_floor":[51,51,49,49,49,49,42,25,25,25,12,12,12,11,33,0,0],"gold":379,"neow_bonus":"TRANSFORM_TWO_CARDS","is_daily":false,"chose_seed":false,"campfire_upgraded":0,"win_rate":0.0,"timestamp":1608852043,"path_taken":["M","?","M","$","?","E","M","E","T","M","M","?","?","M","R","BOSS"],"items_purchased_type":["Card"],"build_version":"2020-12-22","purchased_purges":0,"victory":false,"max_hp_per_floor":[75,75,75,75,75,75,75,75,75,75,75,75,75,75,75,75,75],"card_choices":[{"not_picked":["Time Bomb","Gash"],"picked":"Auto Shields","floor":1},{"not_picked":["Blizzard","White Noise"],"picked":"Streamline","floor":3},{"not_picked":["Hello World","Panic Button"],"picked":"Compile Driver","floor":6},{"not_picked":["Fusion","Darkness"],"picked":"Streamline","floor":7},{"not_picked":["Fission","Reinforced Body"],"picked":"Cold Snap","floor":8},{"not_picked":["Steam","Auto Shields"],"picked":"Cold Snap","floor":10},{"not_picked":["Conserve Battery","BasicCrystalCard"],"picked":"FIFO Queue","floor":11},{"not_picked":["BasicCrystalCard","Chaos"],"picked":"Lockon","floor":12},{"not_picked":["Hologram","BasicCrystalCard"],"picked":"Go for the Eyes","floor":12},{"not_picked":["Melter","Hologram"],"picked":"Genetic Algorithm","floor":14}],"player_experience":32809,"relics_obtained":[{"floor":6,"key":"HollowMod:LifeEnderRelic"},{"floor":8,"key":"Replay:Baseball"},{"floor":9,"key":"Iron Hammer"},{"floor":12,"key":"Chameleon Ring"}],"event_choices":[{"damage_healed":0,"gold_gain":0,"player_choice":"Take Wound","damage_taken":0,"relics_obtained":["Golden Idol"],"max_hp_gain":0,"max_hp_loss":0,"event_name":"Golden Idol","floor":2,"gold_loss":0,"cards_obtained":["Injury"]},{"damage_healed":0,"gold_gain":0,"player_choice":"Grow","damage_taken":0,"max_hp_gain":0,"max_hp_loss":0,"event_name":"Living Wall","floor":5,"gold_loss":0,"cards_upgraded":["Zap"]},{"damage_healed":0,"gold_gain":75,"player_choice":"Gained Gold","damage_taken":0,"max_hp_gain":0,"max_hp_loss":0,"event_name":"Golden Wing","floor":13,"gold_loss":0}],"is_beta":false,"boss_relics":[],"items_purged_floors":[],"is_endless":false,"potions_floor_spawned":[1,3,7],"killed_by":"The Guardian","ascension_level":0}}