{"host":"ty2cix8xj6r3ad26","time":1608846531,"event":{"mods":["AchievementEnabler","BaseMod","BetterRewards","Minty Spire (QoL Compilation)","StSLib","SuperFastMode"],"gold_per_floor":[112,62,75,95,195,222,236,236,259,259,273,289,319,332,332,332,332],"floor_reached":16,"playtime":915,"items_purged":[],"score":135,"play_id":"a0550ed2-343b-44dc-93fd-6e796061f3d1","local_time":"20201224234851","is_ascension_mode":true,"campfire_choices":[{"floor":8,"key":"REST"},{"data":"Chaos","floor":10,"key":"SMITH"},{"data":"Barrage","floor":15,"key":"SMITH"}],"circlet_count":0,"master_deck":["Strike_B","Strike_B","Strike_B","Defend_B","Defend_B","Defend_B","Defend_B","Zap","Dualcast","Capacitor","Barrage+1","Steam","Chaos+1","Conserve Battery","Tempest","Turbo"],"relics":["Cracked Core","MealTicket","Centennial Puzzle","Tiny Chest"],"acts_visited":["Exordium"],"potions_floor_usage":[6,11,14,16],"damage_taken":[{"damage":0,"enemies":"2 Louse","floor":1,"turns":2},{"damage":7,"enemies":"Jaw Worm","floor":3,"turns":3},{"damage":6,"enemies":"Cultist","floor":4,"turns":4},{"damage":44,"enemies":"3 Sentries","floor":6,"turns":12},{"damage":8,"enemies":"Blue Slaver","floor":7,"turns":5},{"damage":6,"enemies":"2 Fungi Beasts","floor":11,"turns":4},{"damage":0,"enemies":"Exordium Wildlife","floor":12,"turns":4},{"damage":7,"enemies":"Exordium Thugs","floor":14,"turns":3},{"damage":28,"enemies":"Slime Boss","floor":16,"turns":4}],"seed_played":"-6105267869559394662","potions_obtained":[{"floor":1,"key":"Weak Potion"},{"floor":4,"key":"Energy Potion"},{"floor":6,"key":"Block Potion"},{"floor":14,"key":"Fire Potion"}],"is_trial":false,"path_per_floor":["M","?","M","M","?","E","M","R","T","R","M","M","?","M","R","B"],"character_chosen":"DEFECT","items_purchased":[],"campfire_rested":1,"item_purchase_floors":[],"current_hp_per_floor":[75,75,68,62,62,18,10,34,34,34,28,28,28,21,21,0,0],"gold":332,"neow_bonus":"TEN_PERCENT_HP_BONUS","is_daily":false,"chose_seed":false,"campfire_upgraded":2,"win_rate":0.0,"timestamp":1608846531,"path_taken":["M","?","M","M","?","E","?","R","T","R","M","M","?","M","R","BOSS"],"items_purchased_type":[],"build_version":"2020-12-22","purchased_purges":0,"victory":false,"max_hp_per_floor":[82,82,82,82,82,82,82,82,82,82,82,82,82,82,82,82,82],"card_choices":[{"not_picked":["Rebound","Redo"],"picked":"Capacitor","floor":1},{"not_picked":["Stack","Chill"],"picked":"Barrage","floor":3},{"not_picked":["Beam Cell","Go for the Eyes"],"picked":"Steam","floor":4},{"not_picked":["Barrage","Blizzard"],"picked":"Chaos","floor":6},{"not_picked":["Storm","Doom and Gloom"],"picked":"Conserve Battery","floor":7},{"not_picked":["Beam Cell","Meteor Strike"],"picked":"Tempest","floor":11},{"not_picked":["Sunder","Reprogram"],"picked":"Turbo","floor":12},{"not_picked":["Darkness","Gash","Hologram"],"picked":"SKIP","floor":14}],"player_experience":390547,"relics_obtained":[{"floor":6,"key":"MealTicket"},{"floor":9,"key":"Centennial Puzzle"}],"event_choices":[{"cards_removed":["Strike_B"],"damage_healed":0,"gold_gain":0,"player_choice":"Card Removal","damage_taken":0,"max_hp_gain":0,"max_hp_loss":0,"event_name":"The Cleric","floor":2,"gold_loss":50},{"damage_healed":0,"gold_gain":100,"player_choice":"Pray","damage_taken":0,"max_hp_gain":0,"max_hp_loss":0,"event_name":"Golden Shrine","floor":5,"gold_loss":0},{"damage_healed":0,"gold_gain":30,"player_choice":"Searched \u00273\u0027 times","damage_taken":0,"relics_obtained":["Tiny Chest"],"max_hp_gain":0,"max_hp_loss":0,"event_name":"Dead Adventurer","floor":13,"gold_loss":0}],"is_beta":false,"boss_relics":[],"items_purged_floors":[],"is_endless":false,"potions_floor_spawned":[1,4,6,14],"killed_by":"Slime Boss","ascension_level":6}}