{"host":"f6tqpspb2ou2a4h5","time":1608821275,"event":{"mods":["2.2 Compatiblity","Ascension Unlocker","BaseMod","Colored Map","DeckTracker","Hermit","Highlight Path","KOR Keyword Fix","Keyboard Shortcuts","Minty Spire (QoL Compilation)","Permanent Neow","Quick Restart","Random Character Button","StSLib","SuperFastMode","The Poker Player","everything is the same but u backflip on backflip"],"gold_per_floor":[119,119,129,11,30,30,60,60,60,95,20,71,83,123,135,224,236,266,203,215,227,52,52,77,77,77,94,9,25,25,59,59,138,138,158,158,6,6,18,18,28,39,63,63,83,83,99,125,125,125,125],"floor_reached":52,"playtime":2322,"items_purged":["Strike_G"],"score":1893,"play_id":"9fe77e14-81cf-473e-a1cd-f63a64f24aed","local_time":"20201224234755","is_ascension_mode":true,"campfire_choices":[{"data":"Dagger Spray","floor":6.0,"key":"SMITH"},{"data":"A Thousand Cuts","floor":8.0,"key":"SMITH"},{"floor":13.0,"key":"REST"},{"data":"Well Laid Plans","floor":15.0,"key":"SMITH"},{"data":"Apotheosis","floor":23.0,"key":"SMITH"},{"data":"Blade Dance","floor":25.0,"key":"SMITH"},{"floor":32.0,"key":"REST"},{"floor":40.0,"key":"REST"},{"data":"Night Terror","floor":44.0,"key":"SMITH"},{"floor":46.0,"key":"REST"},{"data":"Calculated Gamble","floor":49,"key":"SMITH"}],"circlet_count":0,"master_deck":["AscendersBane","Defend_G","Defend_G","Defend_G","Defend_G","Survivor","Neutralize","Bouncing Flask","Poisoned Stab","Footwork","Dagger Spray+1","A Thousand Cuts+1","Well Laid Plans+1","Blade Dance+1","Storm of Steel","Blur+1","Bite","Bite","Bite","Bite","Bite","A Thousand Cuts+1","Apotheosis+1","Calculated Gamble+1","Footwork+1","Ghostly","Ghostly","Ghostly","Backflip","Night Terror+1","Noxious Fumes+1","Flash of Steel","Accuracy+1","Footwork+1","Accuracy+1","Footwork+1","After Image+1","Prepared+1","Adrenaline"],"relics":["Ring of the Snake","Bird Faced Urn","Matryoshka","Bag of Marbles","Pear","Regal Pillow","MawBank","Mercury Hourglass","Sozu","The Courier","Pantograph","Frozen Egg 2","Sundial","Runic Pyramid","Oddly Smooth Stone","Question Card"],"acts_visited":["Exordium","TheCity","TheBeyond"],"potions_floor_usage":[],"damage_taken":[{"damage":0.0,"enemies":"2 Louse","floor":1.0,"turns":3.0},{"damage":0.0,"enemies":"Cultist","floor":3.0,"turns":3.0},{"damage":3.0,"enemies":"Small Slimes","floor":5.0,"turns":5.0},{"damage":8.0,"enemies":"Lagavulin","floor":7.0,"turns":6.0},{"damage":30.0,"enemies":"Gremlin Nob","floor":10.0,"turns":4.0},{"damage":16.0,"enemies":"3 Sentries","floor":14.0,"turns":6.0},{"damage":35.0,"enemies":"Hexaghost","floor":16.0,"turns":10.0},{"damage":0.0,"enemies":"Chosen","floor":18.0,"turns":3.0},{"damage":31.0,"enemies":"Gremlin Leader","floor":24.0,"turns":6.0},{"damage":10.0,"enemies":"3 Byrds","floor":27.0,"turns":4.0},{"damage":2.0,"enemies":"Cultist and Chosen","floor":29.0,"turns":4.0},{"damage":24.0,"enemies":"Book of Stabbing","floor":31.0,"turns":6.0},{"damage":29.0,"enemies":"Collector","floor":33.0,"turns":10.0},{"damage":21.0,"enemies":"Orb Walker","floor":35.0,"turns":5.0},{"damage":19.0,"enemies":"3 Darklings","floor":39.0,"turns":4.0},{"damage":34.0,"enemies":"Spire Growth","floor":41.0,"turns":7.0},{"damage":16.0,"enemies":"Sphere and 2 Shapes","floor":42.0,"turns":4.0},{"damage":35.0,"enemies":"4 Shapes","floor":45.0,"turns":6.0},{"damage":5.0,"enemies":"Spire Growth","floor":47.0,"turns":6.0},{"damage":17,"enemies":"Nemesis","floor":48,"turns":9},{"damage":35,"enemies":"Donu and Deca","floor":50,"turns":9},{"damage":36,"enemies":"Time Eater","floor":51,"turns":12}],"seed_played":"7109063058860749627","potions_obtained":[{"floor":3.0,"key":"SteroidPotion"},{"floor":10.0,"key":"AttackPotion"},{"floor":16.0,"key":"Explosive Potion"}],"is_trial":false,"path_per_floor":["M","?","M","$","M","R","E","R","T","E","$","T","R","E","R","B",null,"M","?","?","?","$","R","E","R","T","M","?","M","?","E","R","B",null,"M","?","$","?","M","R","M","M","T","R","M","R","M","E","R","B","B",null],"character_chosen":"THE_SILENT","items_purchased":["Footwork","Well Laid Plans","Apotheosis","Accuracy+1","Footwork+1","Accuracy+1"],"campfire_rested":4,"item_purchase_floors":[4,11,22,37,37,37],"current_hp_per_floor":[44,44,44,44,43,43,37,37,37,19,19,19,56,48,48,21,62,68,68,68,68,68,68,53,53,53,57,57,69,38,20,38,29,36,27,27,27,27,20,38,25,27,27,27,17,38,38,37,37,27,16],"gold":125,"neow_bonus":"ONE_RARE_RELIC","is_daily":false,"chose_seed":false,"campfire_upgraded":7,"win_rate":0.0,"timestamp":1608821275,"path_taken":["M","?","?","$","M","R","E","R","T","E","$","?","R","E","R","BOSS","M","?","?","?","$","R","E","R","T","?","?","M","?","E","R","BOSS","M","?","$","?","M","R","M","M","T","R","?","R","M","E","R","BOSS","BOSS"],"items_purchased_type":["Card","Card","Card","Card","Card","Card"],"build_version":"2020-12-22","purchased_purges":1,"victory":true,"max_hp_per_floor":[66,66,66,66,66,66,66,66,66,76,76,76,76,76,76,76,76,76,76,76,76,76,76,76,76,76,76,76,76,38,38,38,38,38,38,38,38,38,38,38,38,38,38,38,38,38,38,38,38,38,38],"card_choices":[{"not_picked":["Underhanded Strike","Leg Sweep"],"picked":"Bouncing Flask","floor":1.0},{"not_picked":["Flying Knee","Underhanded Strike"],"picked":"Poisoned Stab","floor":3.0},{"not_picked":["Outmaneuver","Infinite Blades"],"picked":"Dagger Spray","floor":5.0},{"not_picked":["Blade Dance","Dash"],"picked":"A Thousand Cuts","floor":7.0},{"not_picked":["Riddle With Holes","Quick Slash","Skewer"],"picked":"SKIP","floor":10.0},{"not_picked":["Tools of the Trade","Cloak And Dagger"],"picked":"Blade Dance","floor":14.0},{"not_picked":["Malaise","Venomology"],"picked":"Storm of Steel","floor":16.0},{"not_picked":["PiercingWail+1","Outmaneuver"],"picked":"Blur+1","floor":18.0},{"not_picked":["Backstab","Outmaneuver","Poisoned Stab"],"picked":"SKIP","floor":24.0},{"not_picked":["Escape Plan","Outmaneuver"],"picked":"Calculated Gamble","floor":27.0},{"not_picked":["Heel Hook","Infinite Blades+1"],"picked":"Footwork+1","floor":29.0},{"not_picked":["Prepared","Infinite Blades+1"],"picked":"Backflip","floor":31.0},{"not_picked":["Venomology","Phantasmal Killer"],"picked":"Night Terror","floor":33.0},{"not_picked":["Dagger Spray","Heel Hook"],"picked":"Noxious Fumes+1","floor":35.0},{"not_picked":["Blind","Sadistic Nature+1"],"picked":"Flash of Steel","floor":36.0},{"not_picked":["Slice","Flying Knee","Dagger Throw"],"picked":"SKIP","floor":39.0},{"not_picked":["Backflip","Caltrops+1"],"picked":"After Image+1","floor":41.0},{"not_picked":["Dagger Spray","Flying Knee"],"picked":"Prepared+1","floor":42.0},{"not_picked":["Outmaneuver","Prepared","Poisoned Stab"],"picked":"SKIP","floor":45.0},{"not_picked":["Flying Knee","Storm of Steel","Acrobatics"],"picked":"SKIP","floor":47.0},{"not_picked":["Backflip+1","Blade Dance+1"],"picked":"Adrenaline","floor":48}],"player_experience":46698,"relics_obtained":[{"floor":7.0,"key":"Matryoshka"},{"floor":9.0,"key":"Blood Vial"},{"floor":9.0,"key":"Bag of Marbles"},{"floor":10.0,"key":"Pear"},{"floor":12.0,"key":"Regal Pillow"},{"floor":12.0,"key":"MawBank"},{"floor":14.0,"key":"Mercury Hourglass"},{"floor":24.0,"key":"The Courier"},{"floor":26.0,"key":"Pantograph"},{"floor":31.0,"key":"Sundial"},{"floor":43.0,"key":"Oddly Smooth Stone"},{"floor":48,"key":"Question Card"}],"event_choices":[{"cards_removed":["Strike_G"],"damage_healed":0.0,"max_hp_gain":0.0,"max_hp_loss":0.0,"gold_gain":0.0,"event_name":"Purifier","player_choice":"Purged","floor":2.0,"gold_loss":0.0,"damage_taken":0.0},{"cards_removed":["Defend_G"],"damage_healed":0.0,"max_hp_gain":0.0,"max_hp_loss":0.0,"gold_gain":0.0,"event_name":"Beggar","player_choice":"Gave Gold","floor":19.0,"gold_loss":75.0,"damage_taken":0.0},{"damage_healed":0.0,"max_hp_gain":0.0,"max_hp_loss":0.0,"gold_gain":0.0,"event_name":"Vampires","player_choice":"Became a vampire (Vial)","floor":20.0,"relics_lost":["Blood Vial"],"gold_loss":0.0,"damage_taken":0.0,"cards_obtained":["Bite","Bite","Bite","Bite","Bite"]},{"damage_healed":0.0,"max_hp_gain":0.0,"max_hp_loss":0.0,"gold_gain":0.0,"event_name":"Duplicator","player_choice":"Copied","floor":21.0,"gold_loss":0.0,"damage_taken":0.0,"cards_obtained":["A Thousand Cuts"]},{"damage_healed":0.0,"max_hp_gain":0.0,"max_hp_loss":0.0,"gold_gain":0.0,"event_name":"Addict","player_choice":"Obtained Relic","floor":28.0,"gold_loss":85.0,"damage_taken":0.0,"relics_obtained":["Frozen Egg 2"]},{"damage_healed":0.0,"max_hp_gain":0.0,"max_hp_loss":38.0,"gold_gain":0.0,"event_name":"Ghosts","player_choice":"Became a Ghost","floor":30.0,"gold_loss":0.0,"damage_taken":0.0,"cards_obtained":["Ghostly","Ghostly","Ghostly"]},{"damage_healed":0.0,"max_hp_gain":0.0,"max_hp_loss":0.0,"gold_gain":0.0,"event_name":"SensoryStone","player_choice":"Memory 1","floor":36.0,"gold_loss":0.0,"damage_taken":0.0},{"damage_healed":0.0,"max_hp_gain":0.0,"max_hp_loss":0.0,"gold_gain":0.0,"event_name":"Match and Keep!","player_choice":"1 cards matched","floor":38.0,"gold_loss":0.0,"damage_taken":0.0,"cards_obtained":["Footwork"]}],"is_beta":false,"boss_relics":[{"not_picked":["Black Star","SacredBark"],"picked":"Sozu"},{"not_picked":["Ring of the Serpent","Fusion Hammer"],"picked":"Runic Pyramid"}],"items_purged_floors":[4],"is_endless":false,"potions_floor_spawned":[3,10,16,27,31,33,35,39,41],"ascension_level":20}}