{"host":"pg2biz4zy3df4ctj","time":1608790871,"event":{"mods":["BaseMod","Minty Spire (QoL Compilation)","Quick Restart","Random Character Button"],"gold_per_floor":[109,109,119,134,134,134,170,170,170,199,227,256,256,57,57,190,190,234,262,262,307,319,384,384,423,423,423,423,509,549,569,569,679,679,704,29,40,69,69,69],"floor_reached":39,"playtime":2085,"items_purged":["Strike_G"],"score":765,"play_id":"f818d5c4-a224-422f-8c25-9367e1fafbfe","local_time":"20201223222111","is_ascension_mode":true,"campfire_choices":[{"data":"Blade Dance","floor":6.0,"key":"SMITH"},{"floor":8.0,"key":"REST"},{"floor":13,"key":"REST"},{"data":"HandOfGreed","floor":15,"key":"SMITH"},{"floor":24,"key":"REST"},{"data":"Cloak And Dagger","floor":28,"key":"SMITH"},{"floor":32,"key":"REST"}],"circlet_count":0,"master_deck":["AscendersBane","Strike_G","Strike_G","Strike_G","Defend_G","Defend_G","Defend_G","Defend_G","Defend_G","Survivor","Neutralize+1","Flying Knee","Blade Dance+1","Footwork","Cloak And Dagger","Concentrate","HandOfGreed+1","PiercingWail","Storm of Steel","Cloak And Dagger+1","Dodge and Roll","Backstab","Backflip","Infinite Blades","Storm of Steel","Storm of Steel","Finisher","Accuracy","Dark Shackles","Blade Dance"],"relics":["Ring of the Snake","NeowsBlessing","Paper Crane","CeramicFish","Bottled Lightning","Dead Branch","SlaversCollar","Du-Vu Doll","Bottled Tornado","Nloth\u0027s Gift","Mummified Hand","HoveringKite","Omamori","Unceasing Top"],"acts_visited":["Exordium","TheCity","TheBeyond"],"potions_floor_usage":[10,21,23,29,33,38],"damage_taken":[{"damage":0.0,"enemies":"Jaw Worm","floor":1.0,"turns":1.0},{"damage":0.0,"enemies":"Cultist","floor":3.0,"turns":1.0},{"damage":0.0,"enemies":"2 Louse","floor":4.0,"turns":1.0},{"damage":35.0,"enemies":"Gremlin Nob","floor":7.0,"turns":5.0},{"damage":26,"enemies":"3 Sentries","floor":10,"turns":10},{"damage":0,"enemies":"Gremlin Gang","floor":11,"turns":2},{"damage":0,"enemies":"Red Slaver","floor":12,"turns":3},{"damage":1,"enemies":"Hexaghost","floor":16,"turns":11},{"damage":11,"enemies":"2 Thieves","floor":18,"turns":5},{"damage":6,"enemies":"Shell Parasite","floor":19,"turns":5},{"damage":5,"enemies":"Sentry and Sphere","floor":21,"turns":6},{"damage":0,"enemies":"Snecko","floor":22,"turns":1},{"damage":11,"enemies":"Slavers","floor":23,"turns":4},{"damage":26,"enemies":"Book of Stabbing","floor":25,"turns":5},{"damage":3,"enemies":"Slavers","floor":29,"turns":3},{"damage":5,"enemies":"3 Cultists","floor":30,"turns":4},{"damage":0,"enemies":"Centurion and Healer","floor":31,"turns":2},{"damage":6,"enemies":"Collector","floor":33,"turns":8},{"damage":6,"enemies":"3 Darklings","floor":35,"turns":7},{"damage":0,"enemies":"Orb Walker","floor":37,"turns":1},{"damage":36,"enemies":"Writhing Mass","floor":38,"turns":4},{"damage":29,"enemies":"Maw","floor":39,"turns":4}],"seed_played":"924369417180085028","potions_obtained":[{"floor":1.0,"key":"Dexterity Potion"},{"floor":4.0,"key":"LiquidBronze"},{"floor":11,"key":"SkillPotion"},{"floor":12,"key":"Explosive Potion"},{"floor":21,"key":"Weak Potion"},{"floor":22,"key":"LiquidMemories"},{"floor":29,"key":"Swift Potion"},{"floor":31,"key":"SpeedPotion"}],"is_trial":false,"path_per_floor":["M","?","M","M","?","R","E","R","T","E","M","M","R","$","R","B",null,"M","M","?","M","M","E","R","E","T","?","R","E","M","M","R","B",null,"M","$","M","M","M"],"character_chosen":"THE_SILENT","items_purchased":["HandOfGreed","PiercingWail","Accuracy","Dark Shackles","Omamori","Unceasing Top","Swift Potion"],"campfire_rested":4,"item_purchase_floors":[14,14,36,36,36,36,36],"current_hp_per_floor":[63,63,63,63,51,51,16,37,37,11,11,11,32,32,32,31,60,49,43,43,38,38,27,48,22,22,22,22,19,14,14,35,29,60,54,54,54,18,0,0],"gold":69,"neow_bonus":"THREE_ENEMY_KILL","is_daily":false,"chose_seed":false,"campfire_upgraded":3,"win_rate":0.0,"timestamp":1608790871,"path_taken":["M","?","?","M","?","R","E","R","T","E","M","M","R","$","R","BOSS","M","M","?","M","M","E","R","E","T","?","R","E","M","M","R","BOSS","M","$","M","?","M"],"items_purchased_type":["Card","Card","Card","Card","Relic","Relic","Potion"],"build_version":"2020-12-22","purchased_purges":1,"victory":false,"max_hp_per_floor":[70,70,70,70,70,70,70,70,70,70,70,70,70,70,70,70,70,70,70,70,70,70,70,70,70,70,70,70,70,70,70,70,70,70,70,70,70,70,70,70],"card_choices":[{"not_picked":["Skewer","Deadly Poison"],"picked":"Flying Knee","floor":1.0},{"not_picked":["Slice","Poisoned Stab"],"picked":"Blade Dance","floor":3.0},{"not_picked":["Eviscerate","Blade Dance","Slice"],"picked":"SKIP","floor":4.0},{"not_picked":["Escape Plan","Glass Knife"],"picked":"Footwork","floor":7.0},{"not_picked":["Slice","Deadly Poison","Deflect"],"picked":"SKIP","floor":10},{"not_picked":["Leg Sweep","Calculated Gamble"],"picked":"Cloak And Dagger","floor":11},{"not_picked":["PiercingWail","Deadly Poison"],"picked":"Concentrate","floor":12},{"not_picked":["Unload","Malaise"],"picked":"Storm of Steel","floor":16},{"not_picked":["Catalyst","Slice"],"picked":"Cloak And Dagger","floor":18},{"not_picked":["Bane","Flechettes"],"picked":"Dodge and Roll","floor":19},{"not_picked":["Concentrate","Heel Hook"],"picked":"Backstab","floor":21},{"not_picked":["All Out Attack","Outmaneuver+1","Reflex"],"picked":"SKIP","floor":22},{"not_picked":["Outmaneuver","Underhanded Strike"],"picked":"Backflip","floor":23},{"not_picked":["Underhanded Strike","Bane"],"picked":"Infinite Blades","floor":25},{"not_picked":["After Image","Choke"],"picked":"Storm of Steel","floor":29},{"not_picked":["Dagger Spray","Reflex","Deflect"],"picked":"SKIP","floor":30},{"not_picked":["Glass Knife","Prepared","Slice"],"picked":"SKIP","floor":31},{"not_picked":["Unload","Grand Finale"],"picked":"Storm of Steel","floor":33},{"not_picked":["Slice","Acrobatics","Finisher"],"picked":"SKIP","floor":35},{"not_picked":["Slice","Acrobatics"],"picked":"Finisher","floor":35},{"not_picked":["Well Laid Plans","Glass Knife","Outmaneuver+1"],"picked":"SKIP","floor":37},{"not_picked":["Backflip","Prepared"],"picked":"Blade Dance","floor":38}],"player_experience":558397,"relics_obtained":[{"floor":7.0,"key":"CeramicFish"},{"floor":9.0,"key":"Bottled Lightning"},{"floor":10,"key":"Dead Branch"},{"floor":23,"key":"Bottled Flame"},{"floor":25,"key":"Du-Vu Doll"},{"floor":26,"key":"Bottled Tornado"},{"floor":29,"key":"Mummified Hand"}],"event_choices":[{"damage_healed":0.0,"max_hp_gain":0.0,"max_hp_loss":0.0,"gold_gain":0.0,"event_name":"Accursed Blacksmith","player_choice":"Forge","floor":2.0,"gold_loss":0.0,"damage_taken":0.0,"cards_upgraded":["Neutralize"]},{"damage_healed":0.0,"max_hp_gain":0.0,"max_hp_loss":0.0,"gold_gain":0.0,"event_name":"Scrap Ooze","player_choice":"Success","floor":5.0,"gold_loss":0.0,"damage_taken":12.0,"relics_obtained":["Paper Crane"]},{"cards_removed":["Strike_G"],"damage_healed":0,"gold_gain":0,"player_choice":"Elegance","damage_taken":0,"max_hp_gain":0,"max_hp_loss":0,"event_name":"Back to Basics","floor":20,"gold_loss":0},{"damage_healed":0,"gold_gain":0,"player_choice":"Traded Relic","damage_taken":0,"relics_obtained":["Nloth\u0027s Gift"],"max_hp_gain":0,"max_hp_loss":0,"event_name":"N\u0027loth","floor":27,"relics_lost":["Bottled Flame"],"gold_loss":0}],"is_beta":false,"boss_relics":[{"not_picked":["Pandora\u0027s Box","Fusion Hammer"],"picked":"SlaversCollar"},{"not_picked":["Velvet Choker","Ring of the Serpent"],"picked":"HoveringKite"}],"items_purged_floors":[36],"is_endless":false,"potions_floor_spawned":[1,4,11,12,21,22,29,31],"killed_by":"Maw","ascension_level":12}}