{"host":"jpyc2kczef5p02oc","time":1608806562,"event":{"mods":["ATMod(阿瑾Mod)","BaseMod","Friendly Minions","Hubris","Marisa（F雨　魔理沙）","Minty Spire (QoL Compilation)","StSLib","Td1madao Mod","The Servant 0.9.4","【功能Mod】聪明的最终Boss"],"gold_per_floor":[109,109,184,184,208,208,248,264,264,264,300,142,142,160,160,253,253,266,266,4,18,18,59,59,82,161,194,194,194],"floor_reached":28,"playtime":995,"items_purged":[],"score":692,"play_id":"a1f02158-217a-4832-84d7-2ce85dc1ff41","local_time":"20201224184242","is_ascension_mode":true,"campfire_choices":[{"data":"AT_PowerWithin","floor":6.0,"key":"SMITH"},{"data":"Blood for Blood","floor":10.0,"key":"SMITH"},{"data":"Bash","floor":15.0,"key":"SMITH"},{"floor":24,"key":"RECALL"}],"circlet_count":0,"master_deck":["AscendersBane","Strike_R","Strike_R","Strike_R","Strike_R","Defend_R","Defend_R","Defend_R","Defend_R","Bash+1","AT_PowerWithin+1","Power Through","Cleave","Hemokinesis","Blood for Blood+1","Immolate+1","Double Tap+1","Second Wind"],"relics":["Burning Blood","AT_ATBox","NeowsBlessing","Golden Idol","InkBottle","MealTicket","Akabeko","AT_BellDemon","Red Skull","Runic Pyramid","Orichalcum","HornCleat","AT_RabadonDeathcap","Mummified Hand","Pear","AT_RedTearstoneRing"],"acts_visited":["Exordium","TheCity"],"potions_floor_usage":[18,25],"damage_taken":[{"damage":0.0,"enemies":"Small Slimes","floor":1.0,"turns":1.0},{"damage":0.0,"enemies":"2 Louse","floor":5.0,"turns":1.0},{"damage":0.0,"enemies":"3 Sentries","floor":7.0,"turns":1.0},{"damage":12.0,"enemies":"Jaw Worm","floor":8.0,"turns":2.0},{"damage":13.0,"enemies":"Lagavulin","floor":11.0,"turns":3.0},{"damage":11.0,"enemies":"Red Slaver","floor":14.0,"turns":2.0},{"damage":5,"enemies":"Slime Boss","floor":16,"turns":3},{"damage":8,"enemies":"3 Byrds","floor":18,"turns":3},{"damage":0,"enemies":"2 Thieves","floor":21,"turns":1},{"damage":1,"enemies":"Slavers","floor":23,"turns":2},{"damage":44,"enemies":"Shelled Parasite and Fungi","floor":25,"turns":2},{"damage":8,"enemies":"Gremlin Leader","floor":27,"turns":2},{"damage":45,"enemies":"Centurion and Healer","floor":28,"turns":1}],"seed_played":"-3881970953794537451","potions_obtained":[{"floor":5.0,"key":"DistilledChaos"},{"floor":7.0,"key":"ColorlessPotion"},{"floor":21,"key":"LiquidMemories"},{"floor":25,"key":"ElixirPotion"}],"is_trial":false,"path_per_floor":["M","?","?","?","M","R","E","M","T","R","E","$","?","M","R","B",null,"M","?","$","M","?","E","R","M","T","E","M"],"character_chosen":"IRONCLAD","items_purchased":["AT_BellDemon","HornCleat"],"campfire_rested":0,"item_purchase_floors":[12,20],"current_hp_per_floor":[74,67,56,30,36,36,42,36,36,36,29,44,44,39,39,40,66,64,64,75,75,75,75,75,47,47,45,0,0],"gold":194,"neow_bonus":"THREE_ENEMY_KILL","is_daily":false,"chose_seed":false,"campfire_upgraded":3,"win_rate":0.0,"timestamp":1608806562,"path_taken":["M","?","?","?","M","R","E","M","T","R","E","?","?","M","R","BOSS","M","?","$","M","?","E","R","M","T","E","M"],"items_purchased_type":["Relic","Relic"],"build_version":"2020-12-22","purchased_purges":0,"victory":false,"max_hp_per_floor":[75,75,75,75,75,75,75,75,75,75,75,75,75,75,75,75,75,75,75,75,75,75,75,75,85,85,85,85,85],"card_choices":[{"not_picked":["Twin Strike","True Grit"],"picked":"Power Through","floor":1.0},{"not_picked":["Heavy Blade","Iron Wave"],"picked":"Cleave","floor":5.0},{"not_picked":["Sever Soul","Blood for Blood"],"picked":"Hemokinesis","floor":7.0},{"not_picked":["Thunderclap","AT_CaressingTears"],"picked":"Blood for Blood","floor":8.0},{"not_picked":["Shrug It Off","Dropkick"],"picked":"Immolate","floor":11.0},{"not_picked":["Clash","Sword Boomerang","Infernal Blade"],"picked":"SKIP","floor":14.0},{"not_picked":["AT_Dispersion","Reaper"],"picked":"Double Tap","floor":16},{"not_picked":["Wild Strike","Thunderclap","Dual Wield"],"picked":"SKIP","floor":18},{"not_picked":["AT_BodySlamDance","Cleave"],"picked":"Second Wind","floor":21},{"not_picked":["Intimidate","Second Wind","Thunderclap"],"picked":"SKIP","floor":23},{"not_picked":["Cleave","Power Through","Twin Strike"],"picked":"SKIP","floor":25},{"not_picked":["Sword Boomerang","Clash","Anger"],"picked":"SKIP","floor":27}],"player_experience":272621,"relics_obtained":[{"floor":7.0,"key":"InkBottle"},{"floor":9.0,"key":"MealTicket"},{"floor":11.0,"key":"Akabeko"},{"floor":14.0,"key":"Red Skull"},{"floor":18,"key":"Orichalcum"},{"floor":21,"key":"AT_RabadonDeathcap"},{"floor":23,"key":"Mummified Hand"},{"floor":25,"key":"Pear"},{"floor":27,"key":"AT_RedTearstoneRing"}],"event_choices":[{"cards_removed":["Strike_R"],"damage_healed":0.0,"max_hp_gain":0.0,"max_hp_loss":0.0,"gold_gain":0.0,"event_name":"Golden Wing","player_choice":"Card Removal","floor":2.0,"gold_loss":0.0,"damage_taken":7.0},{"damage_healed":0.0,"max_hp_gain":0.0,"max_hp_loss":0.0,"gold_gain":75.0,"event_name":"World of Goop","player_choice":"Gather Gold","floor":3.0,"gold_loss":0.0,"damage_taken":11.0},{"damage_healed":0.0,"max_hp_gain":0.0,"max_hp_loss":0.0,"gold_gain":0.0,"event_name":"Golden Idol","player_choice":"Take Damage","floor":4.0,"gold_loss":0.0,"damage_taken":26.0,"relics_obtained":["Golden Idol"]},{"damage_healed":0.0,"max_hp_gain":0.0,"max_hp_loss":0.0,"gold_gain":0.0,"event_name":"Living Wall","player_choice":"Grow","floor":13.0,"gold_loss":0.0,"damage_taken":0.0,"cards_upgraded":["Immolate"]},{"damage_healed":0,"gold_gain":0,"player_choice":"Ignored","damage_taken":0,"max_hp_gain":0,"max_hp_loss":0,"event_name":"Ghosts","floor":19,"gold_loss":0}],"is_beta":false,"boss_relics":[{"not_picked":["hubris:RunicObelisk","hubris:BlackHole"],"picked":"Runic Pyramid"}],"items_purged_floors":[],"is_endless":false,"potions_floor_spawned":[5,7,16,21,25],"killed_by":"Centurion and Healer","ascension_level":18}}