{"host":"881jm980fq3ycrwg","time":1608809196,"event":{"mods":["AchievementEnabler","BaseMod","Colored Map","DeckTracker","Keyboard Shortcuts","Minty Spire (QoL Compilation)","Permanent Neow","Quick Restart","StSLib","SuperFastMode"],"gold_per_floor":[111,36,46,46,64,64,95,95,147,162,174,194,194,94,94,191,191,202,221,237,29,29,29],"floor_reached":22,"playtime":971,"items_purged":["Strike_B","Strike_B","Chill"],"score":188,"play_id":"54e35ba5-1c22-4820-9e31-ddbdd0ea15ab","local_time":"20201224202636","is_ascension_mode":false,"campfire_choices":[{"data":"Thunder Strike","floor":6.0,"key":"SMITH"},{"data":"Sunder","floor":13.0,"key":"SMITH"},{"data":"Conserve Battery","floor":15.0,"key":"SMITH"}],"circlet_count":0,"master_deck":["Defend_B","Defend_B","Defend_B","Zap","Dualcast+1","Thunder Strike+1","Conserve Battery+1","Barrage","Streamline","Sunder+1","Amplify","Lockon"],"relics":["Cracked Core","Boot","Empty Cage","Membership Card"],"acts_visited":["Exordium","TheCity"],"potions_floor_usage":[19],"damage_taken":[{"damage":0.0,"enemies":"2 Louse","floor":1.0,"turns":2.0},{"damage":2.0,"enemies":"Small Slimes","floor":3.0,"turns":3.0},{"damage":4.0,"enemies":"Jaw Worm","floor":5.0,"turns":4.0},{"damage":31.0,"enemies":"Lagavulin","floor":7.0,"turns":7.0},{"damage":0.0,"enemies":"Red Slaver","floor":10.0,"turns":4.0},{"damage":0.0,"enemies":"Lots of Slimes","floor":11.0,"turns":6.0},{"damage":0.0,"enemies":"2 Fungi Beasts","floor":12.0,"turns":2.0},{"damage":41.0,"enemies":"The Guardian","floor":16.0,"turns":11.0},{"damage":10.0,"enemies":"Spheric Guardian","floor":18.0,"turns":3.0},{"damage":16,"enemies":"2 Thieves","floor":19,"turns":4},{"damage":53,"enemies":"3 Cultists","floor":20,"turns":7},{"damage":5,"enemies":"Sentry and Sphere","floor":22,"turns":2}],"seed_played":"-263303047353780353","potions_obtained":[{"floor":5.0,"key":"SpeedPotion"},{"floor":7.0,"key":"SkillPotion"},{"floor":12.0,"key":"PowerPotion"},{"floor":18.0,"key":"Strength Potion"},{"floor":19,"key":"Energy Potion"}],"is_trial":false,"path_per_floor":["M","$","M","?","M","R","E","?","T","M","M","M","R","$","R","B",null,"M","M","M","$","M"],"character_chosen":"DEFECT","items_purchased":["Membership Card"],"campfire_rested":0,"item_purchase_floors":[21],"current_hp_per_floor":[75,75,73,78,74,74,43,43,43,43,43,43,43,43,43,2,80,70,54,1,1,0,0],"gold":29,"neow_bonus":"UPGRADE_CARD","is_daily":false,"chose_seed":false,"campfire_upgraded":3,"win_rate":0.0,"timestamp":1608809196,"path_taken":["M","$","M","?","M","R","E","?","T","M","?","M","R","?","R","BOSS","M","M","M","$","?"],"items_purchased_type":["Relic"],"build_version":"2020-12-22","purchased_purges":3,"victory":false,"max_hp_per_floor":[75,75,75,80,80,80,80,80,80,80,80,80,80,80,80,80,80,80,80,80,80,80,80],"card_choices":[{"not_picked":["Coolheaded","Turbo","Sweeping Beam"],"picked":"SKIP","floor":1.0},{"not_picked":["Redo","Steam Power"],"picked":"Chill","floor":3.0},{"not_picked":["Steam","Beam Cell"],"picked":"Thunder Strike","floor":5.0},{"not_picked":["Leap","Hello World"],"picked":"Conserve Battery","floor":7.0},{"not_picked":["Reinforced Body","Redo"],"picked":"Barrage","floor":10.0},{"not_picked":["Cold Snap","Conserve Battery"],"picked":"Streamline","floor":11.0},{"not_picked":["Leap","Hologram"],"picked":"Sunder","floor":12.0},{"not_picked":["Meteor Strike","All For One"],"picked":"Amplify","floor":16.0},{"not_picked":["BootSequence+1","Gash","Stack+1"],"picked":"SKIP","floor":18.0},{"not_picked":["Steam","Go for the Eyes+1","Redo+1"],"picked":"SKIP","floor":19},{"not_picked":["Compile Driver","Skim"],"picked":"Lockon","floor":20}],"player_experience":184359,"relics_obtained":[{"floor":7.0,"key":"Boot"}],"event_choices":[{"damage_healed":0.0,"max_hp_gain":5.0,"max_hp_loss":0.0,"gold_gain":0.0,"event_name":"Big Fish","player_choice":"Donut","floor":4.0,"gold_loss":0.0,"damage_taken":0.0},{"cards_removed":["Strike_B"],"damage_healed":0.0,"max_hp_gain":0.0,"max_hp_loss":0.0,"gold_gain":0.0,"event_name":"Living Wall","player_choice":"Forget","floor":8.0,"gold_loss":0.0,"damage_taken":0.0}],"is_beta":false,"boss_relics":[{"not_picked":["FrozenCore","SacredBark"],"picked":"Empty Cage"}],"items_purged_floors":[2,14,21],"is_endless":false,"potions_floor_spawned":[5,7,12,18,19],"killed_by":"Sentry and Sphere","ascension_level":0}}