{"host":"sav7uxregyirlf69","time":1608801390,"event":{"mods":["AchievementEnabler","BaseMod","Colored Map","DeckTracker","Keyboard Shortcuts","Minty Spire (QoL Compilation)","READ ME - Guardian Mod","StSLib","SuperFastMode"],"gold_per_floor":[109,121,121,121,145,186,186,186,186],"floor_reached":8,"playtime":113,"items_purged":[],"score":59,"play_id":"f097537f-9a9f-4e60-90d9-2a7302e376e7","local_time":"20201224181630","daily_mods":["Heirloom"],"is_ascension_mode":true,"campfire_choices":[{"floor":7,"key":"REST"}],"circlet_count":0,"master_deck":["Strike_B","Strike_B","Strike_B","Strike_B","Defend_B","Defend_B","Defend_B","Defend_B","Zap","Dualcast","Redo","Chaos","Hologram","Turbo"],"relics":["Cracked Core","FossilizedHelix","Golden Idol","InkBottle"],"acts_visited":["Exordium"],"potions_floor_usage":[8],"damage_taken":[{"damage":0,"enemies":"Jaw Worm","floor":1,"turns":2},{"damage":14,"enemies":"Small Slimes","floor":2,"turns":3},{"damage":0,"enemies":"Cultist","floor":5,"turns":3},{"damage":41,"enemies":"Gremlin Nob","floor":6,"turns":5},{"damage":15,"enemies":"3 Sentries","floor":8,"turns":4}],"seed_played":"-2214539900243803474","potions_obtained":[{"floor":1,"key":"FairyPotion"},{"floor":2,"key":"PowerPotion"}],"is_trial":true,"path_per_floor":["M","M","?","?","M","E","R","E"],"character_chosen":"DEFECT","items_purchased":[],"campfire_rested":1,"item_purchase_floors":[],"current_hp_per_floor":[75,61,43,43,43,2,24,9,9],"gold":186,"neow_bonus":"","is_daily":false,"chose_seed":false,"campfire_upgraded":0,"win_rate":0.0,"timestamp":1608801390,"path_taken":["M","M","?","?","M","E","R","E"],"items_purchased_type":[],"build_version":"2020-12-22","purchased_purges":0,"victory":false,"max_hp_per_floor":[75,75,75,75,75,75,75,75,75],"card_choices":[{"not_picked":["Blizzard","Streamline"],"picked":"Redo","floor":1},{"not_picked":["Streamline","Conserve Battery"],"picked":"Chaos","floor":2},{"not_picked":["Coolheaded","Sweeping Beam"],"picked":"Hologram","floor":5},{"not_picked":["Chill","Steam"],"picked":"Turbo","floor":6}],"player_experience":1003077,"relics_obtained":[{"floor":6,"key":"InkBottle"}],"event_choices":[{"damage_healed":0,"gold_gain":0,"player_choice":"Take Damage","damage_taken":18,"relics_obtained":["Golden Idol"],"max_hp_gain":0,"max_hp_loss":0,"event_name":"Golden Idol","floor":3,"gold_loss":0},{"damage_healed":0,"gold_gain":0,"player_choice":"Ignored","damage_taken":0,"max_hp_gain":0,"max_hp_loss":0,"event_name":"Liars Game","floor":4,"gold_loss":0}],"is_beta":false,"boss_relics":[],"items_purged_floors":[],"is_endless":false,"potions_floor_spawned":[1,2],"killed_by":"3 Sentries","ascension_level":1}}