{"host":"od099uxc49ip1k8b","time":1608848886,"event":{"mods":["Act Like it!","BaseMod","Downfall","Gensokyo","Hermit","Marisa????????","Minty Spire (QoL Compilation)","Remilia??????","StSLib","The Animator","The Cursed","The Servant 0.9.4"],"gold_per_floor":[109,126,139,158,170,170,182,182,234,234,244,344,371,148,148,250,250,266,266,266,434,445,445,405,425,425,425,436,436,454,482,482,581,581,593,607,620,500,500,531,531,531,555,67,15,15,29,45,45,45],"floor_reached":51,"playtime":6958,"items_purged":[],"score":701,"play_id":"14f32dd8-fdc1-4d21-9d85-394d92435734","local_time":"20201224172806","is_ascension_mode":false,"campfire_choices":[{"data":"RedMoon","floor":6,"key":"SMITH"},{"data":"ScarletShoot","floor":8,"key":"SMITH"},{"data":"StarOfDavid","floor":10,"key":"SMITH"},{"data":"ScarletDevilSign","floor":15,"key":"SMITH"},{"floor":23,"key":"REST"},{"floor":27,"key":"REST"},{"data":"EndlessAdversity","floor":29,"key":"SMITH"},{"floor":32,"key":"REST"},{"floor":41,"key":"REST"},{"data":"Ultimatum","floor":49,"key":"SMITH"}],"circlet_count":0,"master_deck":["Strike_RM","Strike_RM","Strike_RM","Strike_RM","Defend_RM","Defend_RM","Defend_RM","Defend_RM","RedMoon+1","ScarletShoot+1","BloodyHallows","StarOfDavid+1","EndlessAdversity+1","ScarletDevilSign+1","ScarletDevil","ReincarnationDial","ScarletSymphony","ScarletImprint","HeartBreak+1","BatForm+1","Stigmanizer+1","HunterOfTheNight","MiserableFate","ScarletImprint","StarOfDavid","UnstableMagic+1","ForecastOfChange","UnstableMagic+1","GlobalNightmare+1","Stigmanizer+1","Gensokyo:CustomPotion","NightDance","Ultimatum+1","UnstableMagic+1","UnstableMagic+1","DevilSight+1","UnstableMagic+1","ChaoticDestiny+1"],"relics":["ScarletHat","Toy Ornithopter","Nunchaku","TheAbacus","Juzu Bracelet","Toxic Egg 2","Frozen Egg 2","APieceOfRedMist","Centennial Puzzle","Boot","Blood Vial","Lee\u0027s Waffle","Vajra"],"acts_visited":["Gensokyo:Gensokyo","Gensokyo:Gensokyoer","Gensokyo:Gensokyoest"],"potions_floor_usage":[3,31,33,33,40,40],"damage_taken":[{"damage":0,"enemies":"Gensokyo:3_Fairies","floor":1,"turns":4},{"damage":13,"enemies":"Gensokyo:Gryphon","floor":2,"turns":4},{"damage":1,"enemies":"Gensokyo:2_Kodama","floor":3,"turns":4},{"damage":0,"enemies":"Gensokyo:2_Rabbits","floor":4,"turns":3},{"damage":8,"enemies":"Gensokyo:Python_and_Kodama","floor":5,"turns":5},{"damage":0,"enemies":"Gensokyo:3_Kodama","floor":7,"turns":3},{"damage":0,"enemies":"Gensokyo:VengefulSpirit","floor":11,"turns":2},{"damage":13,"enemies":"Gensokyo:Mamizou","floor":13,"turns":8},{"damage":30,"enemies":"Gensokyo:Yukari","floor":16,"turns":12},{"damage":0,"enemies":"Gensokyo:AngelMirror","floor":18,"turns":6},{"damage":0,"enemies":"Gensokyo:2_Gloops","floor":21,"turns":4},{"damage":42,"enemies":"Gensokyo:Swordslinger","floor":22,"turns":8},{"damage":27,"enemies":"Gensokyo:Slime_Group","floor":25,"turns":5},{"damage":12,"enemies":"Gensokyo:Monolith_and_Dog","floor":28,"turns":5},{"damage":10,"enemies":"Gensokyo:Chomper_and_Gloop","floor":30,"turns":4},{"damage":42,"enemies":"Gensokyo:Koishi","floor":31,"turns":7},{"damage":52,"enemies":"Gensokyo:Eiki","floor":33,"turns":17},{"damage":0,"enemies":"Gensokyo:3_Bats","floor":35,"turns":3},{"damage":22,"enemies":"Gensokyo:3_Boulders","floor":36,"turns":8},{"damage":0,"enemies":"Gensokyo:Dusk_and_Dawn","floor":37,"turns":4},{"damage":56,"enemies":"Gensokyo:Kasen","floor":40,"turns":13},{"damage":9,"enemies":"Gensokyo:Sharpion","floor":47,"turns":5},{"damage":0,"enemies":"Gensokyo:AtlasGolem","floor":48,"turns":5},{"damage":49,"enemies":"Gensokyo:Shinki","floor":50,"turns":8}],"seed_played":"5067148649261136619","potions_obtained":[{"floor":3,"key":"Fruit Juice"},{"floor":4,"key":"EssenceOfSteel"},{"floor":11,"key":"BlessingOfTheForge"},{"floor":21,"key":"LiquidBronze"},{"floor":28,"key":"Regen Potion"},{"floor":33,"key":"Ancient Potion"},{"floor":35,"key":"Dexterity Potion"},{"floor":47,"key":"Guardian:BlockOnCardUsePotion"},{"floor":48,"key":"Energy Potion"}],"is_trial":false,"path_per_floor":["M","M","M","M","M","R","M","R","T","R","M","?","E","COS","R","B",null,"M","?","T","M","M","R","?","M","T","R","M","R","M","E","R","B",null,"M","M","M","?","?","E","R","?","T","$","$","?","M","M","R","B",null],"character_chosen":"REMILIA","items_purchased":["Blood Vial","Ultimatum","UnstableMagic+1","Lee\u0027s Waffle","Block Potion","UnstableMagic+1"],"campfire_rested":4,"item_purchase_floors":[44,44,44,44,44,45],"current_hp_per_floor":[75,63,68,71,67,67,67,67,67,67,70,70,64,64,64,40,80,80,80,80,80,46,70,70,50,50,74,64,64,56,43,67,44,80,80,62,67,67,67,41,65,65,65,87,87,87,78,87,87,55],"gold":45,"neow_bonus":"ONE_RANDOM_RARE_CARD","is_daily":false,"chose_seed":false,"campfire_upgraded":6,"win_rate":0.0,"timestamp":1608848886,"path_taken":["M","M","M","M","M","R","M","R","T","R","M","?","E","COS","R","BOSS","M","?","?","M","M","R","?","M","T","R","M","R","M","E","R","BOSS","M","M","M","?","?","E","R","?","T","?","$","?","M","M","R","BOSS"],"items_purchased_type":["Relic","Card","Card","Relic","Potion","Card"],"build_version":"2020-12-22","purchased_purges":0,"victory":true,"max_hp_per_floor":[75,75,80,80,80,80,80,80,80,80,80,80,80,80,80,80,80,80,80,80,80,80,80,80,80,80,80,80,80,80,80,80,80,80,80,80,80,80,80,80,80,80,80,87,87,87,87,87,87,87],"card_choices":[{"not_picked":["FavorOfDestiny","VampireFantasy"],"picked":"StarOfDavid","floor":1},{"not_picked":["StarOfDavid","MastersStateliness"],"picked":"EndlessAdversity","floor":2},{"not_picked":["ScarletDevil","UnstableMagic"],"picked":"ScarletDevilSign","floor":3},{"not_picked":["ScarletDream","EndlessAdversity"],"picked":"ScarletDevil","floor":4},{"not_picked":["VampireFantasy","VampireKiss"],"picked":"ReincarnationDial","floor":5},{"not_picked":["ScarletNetherworld","FavorOfDestiny"],"picked":"ScarletSymphony","floor":7},{"not_picked":["HunterOfTheNight","FavorOfDestiny"],"picked":"ScarletImprint","floor":11},{"not_picked":["BloodyHallows","MastersStateliness"],"picked":"HeartBreak","floor":13},{"not_picked":["BloodyHallows+1","HeartBreak+1"],"picked":"BatForm+1","floor":16},{"not_picked":["BlasphemousPunishment","NightDance"],"picked":"Stigmanizer+1","floor":18},{"not_picked":["DevilSight","NightDance"],"picked":"HunterOfTheNight","floor":21},{"not_picked":["ScarletGensokyo+1","CharismaGuard+1"],"picked":"MiserableFate","floor":22},{"not_picked":["SuperhumanBloodyKnife","VampireFantasy","EndlessAdversity"],"picked":"SKIP","floor":25},{"not_picked":["EndlessAdversity","BlasphemousPunishment+1"],"picked":"ScarletImprint","floor":28},{"not_picked":["RedRainbow","FavorOfDestiny+1"],"picked":"StarOfDavid","floor":30},{"not_picked":["VampireFantasy+1","BloodRain+1"],"picked":"UnstableMagic+1","floor":31},{"not_picked":["BloodySeventeenLaser","KillingBlow"],"picked":"ForecastOfChange","floor":33},{"not_picked":["EndlessAdversity+1","ScarletDevil"],"picked":"UnstableMagic+1","floor":35},{"not_picked":["DiffusionOfMisfortune","BloodHunter+1"],"picked":"GlobalNightmare+1","floor":36},{"not_picked":["ScarletImprint+1","BloodySeventeenLaser"],"picked":"Stigmanizer+1","floor":37},{"not_picked":["EmergencyRegeneration+1","KillingBlow"],"picked":"NightDance","floor":40},{"not_picked":["FavorOfDestiny+1","NightDance+1"],"picked":"DevilSight+1","floor":47},{"not_picked":["RedRainbow+1","BlasphemousPunishment+1","MillenniumVampire+1"],"picked":"SKIP","floor":47},{"not_picked":["UnderTheZenith+1","CharismaGuard+1"],"picked":"UnstableMagic+1","floor":48},{"not_picked":["BlasphemousPunishment+1","ScarletNetherworld+1"],"picked":"ChaoticDestiny+1","floor":48}],"player_experience":46300,"relics_obtained":[{"floor":9,"key":"Toy Ornithopter"},{"floor":13,"key":"Nunchaku"},{"floor":20,"key":"Juzu Bracelet"},{"floor":26,"key":"Toxic Egg 2"},{"floor":31,"key":"Frozen Egg 2"},{"floor":40,"key":"Centennial Puzzle"},{"floor":43,"key":"Boot"}],"event_choices":[],"is_beta":false,"boss_relics":[{"not_picked":["Busted Crown","Runic Pyramid","Fusion Hammer"]},{"not_picked":["Snecko Eye","Runic Dome"],"picked":"APieceOfRedMist"}],"items_purged_floors":[],"is_endless":false,"potions_floor_spawned":[3,4,11,21,28,30,33,35,47,48],"ascension_level":0}}