{"host":"CarrotHands","time":1608789326,"event":{"mods":["BaseMod","Minty Spire (QoL Compilation)","Relic Stats","StSLib"],"gold_per_floor":[114,0,0,15,15,15,15,15],"floor_reached":7,"playtime":228,"items_purged":["Normality"],"score":78,"play_id":"91629d67-62bc-4dde-bcc8-b9509c7b9e4a","local_time":"20201223215526","is_ascension_mode":true,"campfire_choices":[{"floor":6,"key":"REST"}],"circlet_count":0,"master_deck":["AscendersBane","Strike_B","Strike_B","Strike_B","Strike_B","Defend_B","Defend_B","Defend_B","Defend_B","Zap","Dualcast","Hyperbeam","Conserve Battery","BootSequence","Ball Lightning"],"relics":["Cracked Core","Ice Cream","Golden Idol"],"acts_visited":["Exordium"],"potions_floor_usage":[],"damage_taken":[{"damage":7,"enemies":"Jaw Worm","floor":1,"turns":3},{"damage":0,"enemies":"2 Louse","floor":4,"turns":2},{"damage":59,"enemies":"Gremlin Nob","floor":7,"turns":4}],"seed_played":"8287154039723704477","potions_obtained":[{"floor":1,"key":"EssenceOfSteel"}],"is_trial":false,"path_per_floor":["M","$","?","M","?","R","E"],"character_chosen":"DEFECT","items_purchased":["BootSequence"],"campfire_rested":1,"item_purchase_floors":[2],"current_hp_per_floor":[57,57,22,22,22,41,0,0],"gold":15,"neow_bonus":"THREE_RARE_CARDS","is_daily":false,"chose_seed":false,"campfire_upgraded":0,"win_rate":0.0,"timestamp":1608789326,"path_taken":["M","$","?","M","?","R","E"],"items_purchased_type":["Card"],"build_version":"2020-12-18","purchased_purges":1,"victory":false,"max_hp_per_floor":[71,71,71,71,64,64,64,64],"relic_stats":{"counters":[3,9],"Golden Idol":0,"obtain_stats":[{"Ice Cream":3,"Golden Idol":5,"Cracked Core":0},{"Ice Cream":1,"Golden Idol":2,"Cracked Core":0},{"Ice Cream":3,"Golden Idol":5,"Cracked Core":0}]},"card_choices":[{"not_picked":["Fission","Creative AI"],"picked":"Hyperbeam","floor":0},{"not_picked":["Force Field","Stack"],"picked":"Conserve Battery","floor":1},{"not_picked":["Beam Cell","Conserve Battery"],"picked":"Ball Lightning","floor":4}],"player_experience":3011941,"relics_obtained":[],"event_choices":[{"damage_healed":0,"gold_gain":0,"player_choice":"Success","damage_taken":35,"relics_obtained":["Ice Cream"],"max_hp_gain":0,"max_hp_loss":0,"event_name":"Scrap Ooze","floor":3,"gold_loss":0},{"damage_healed":0,"gold_gain":0,"player_choice":"Lose Max HP","damage_taken":0,"relics_obtained":["Golden Idol"],"max_hp_gain":0,"max_hp_loss":7,"event_name":"Golden Idol","floor":5,"gold_loss":0}],"is_beta":true,"boss_relics":[],"items_purged_floors":[2],"is_endless":false,"potions_floor_spawned":[1],"killed_by":"Gremlin Nob","ascension_level":20}}