{"host":"x565ttcahk6mfbvs","time":1608821170,"event":{"mods":["AchievementEnabler","BaseMod","BetterRewards","Downfall","Minty Spire (QoL Compilation)","Permanent Neow","Remove Card Discount Mod","StSLib"],"gold_per_floor":[20112,20126,19411,19421,18481,18508,18508,18518,18518,18529,18563,18577,18577,18611,18623,18713,18725,18757,18769,18794,18600,18610,18610,18645,18661,18661,18692,17901,17916,17942,17961,17961,18039,18039,18051,18103,18103,17637,17649,17649,17661,17661,17684,17718,17229,17247,17247,17266,17266,17266,17266,17266,17266,16820,16852,16852],"floor_reached":57,"playtime":2392,"items_purged":["Whirlwind","Whirlwind","Warcry+1","Bloodletting+1"],"score":3203,"play_id":"87581d15-3ba3-4d9a-b2d3-77b80a1766dc","local_time":"20201224084610","is_ascension_mode":true,"campfire_choices":[{"data":"Clash","floor":7,"key":"SMITH"},{"data":"Barricade","floor":13,"key":"SMITH"},{"data":"Bloodletting","floor":15,"key":"SMITH"},{"data":"Dropkick","floor":23,"key":"SMITH"},{"data":"Mayhem","floor":32,"key":"SMITH"},{"floor":40,"key":"REST"},{"floor":47,"key":"RECALL"},{"data":"Demon Form","floor":49,"key":"SMITH"},{"data":"expansioncontent:DashGenerateEvil","floor":53,"key":"SMITH"}],"circlet_count":0,"master_deck":["AscendersBane","Bash","Clash","Thunderclap","Infernal Blade+1","Uppercut","Disarm+1","Clash+1","Clothesline","Barricade+1","Armaments+1","Double Tap+1","Reckless Charge","Immolate+1","Carnage","Dropkick+1","Power Through+1","Exhume+1","Searing Blow","Flex+1","Flame Barrier+1","Uppercut","Mayhem+1","Rampage","Bandage Up+1","Limit Break+1","Flex+1","Clash+1","Sever Soul+1","Inflame","Demon Form+1","Clash","Master of Strategy+1","Entrench+1","Flame Barrier+1","Dark Embrace","Pommel Strike+1","expansioncontent:DashGenerateEvil+1","Disarm+1","Clash","Inflame","expansioncontent:ChargeUp+1","Sword Boomerang+1"],"relics":["Burning Blood","Lantern","Ancient Tea Set","Toolbox","Mercury Hourglass","Blue Candle","Charon\u0027s Ashes","Vajra","Toxic Egg 2","MawBank","Pandora\u0027s Box","Darkstone Periapt","Blood Vial","War Paint","Bottled Tornado","Tiny Chest","PreservedInsect","Membership Card","Pen Nib","Letter Opener","Black Star","CaptainsWheel","Strange Spoon","Red Skull","Ornamental Fan","Centennial Puzzle","Bag of Marbles","Anchor","Bronze Scales","HornCleat","Calipers","ClockworkSouvenir","Whetstone","Eternal Feather","Lee\u0027s Waffle","Nunchaku","Art of War"],"acts_visited":["TheCity","TheBeyond","TheEnding"],"potions_floor_usage":[2,6,11,11,18,24,27,30,31,33,33,44,44],"damage_taken":[{"damage":0,"enemies":"Cultist","floor":1,"turns":2},{"damage":9,"enemies":"2 Louse","floor":2,"turns":3},{"damage":2,"enemies":"Jaw Worm","floor":4,"turns":2},{"damage":12,"enemies":"Gremlin Nob","floor":6,"turns":3},{"damage":0,"enemies":"Blue Slaver","floor":8,"turns":2},{"damage":0,"enemies":"Exordium Thugs","floor":10,"turns":2},{"damage":16,"enemies":"Lagavulin","floor":11,"turns":4},{"damage":0,"enemies":"Looter","floor":12,"turns":2},{"damage":10,"enemies":"3 Sentries","floor":14,"turns":3},{"damage":25,"enemies":"The Guardian","floor":16,"turns":6},{"damage":1,"enemies":"Spheric Guardian","floor":18,"turns":4},{"damage":0,"enemies":"3 Byrds","floor":20,"turns":3},{"damage":13,"enemies":"Centurion and Healer","floor":22,"turns":3},{"damage":1,"enemies":"Gremlin Leader","floor":24,"turns":3},{"damage":0,"enemies":"Shelled Parasite and Fungi","floor":25,"turns":1},{"damage":32,"enemies":"Slavers","floor":27,"turns":3},{"damage":3,"enemies":"3 Cultists","floor":29,"turns":3},{"damage":18,"enemies":"Book of Stabbing","floor":30,"turns":3},{"damage":6,"enemies":"Snecko","floor":31,"turns":3},{"damage":62,"enemies":"Automaton","floor":33,"turns":7},{"damage":11,"enemies":"Orb Walker","floor":35,"turns":2},{"damage":0,"enemies":"2 Orb Walkers","floor":36,"turns":1},{"damage":36,"enemies":"3 Shapes","floor":39,"turns":2},{"damage":3,"enemies":"Jaw Worm Horde","floor":41,"turns":3},{"damage":4,"enemies":"Nemesis","floor":44,"turns":3},{"damage":1,"enemies":"Transient","floor":46,"turns":5},{"damage":0,"enemies":"Maw","floor":48,"turns":3},{"damage":0,"enemies":"Awakened One","floor":50,"turns":7},{"damage":1,"enemies":"Donu and Deca","floor":51,"turns":4},{"damage":1,"enemies":"Shield and Spear","floor":55,"turns":2},{"damage":26,"enemies":"The Heart","floor":56,"turns":8}],"seed_played":"-698300758331103736","potions_obtained":[{"floor":1,"key":"Regen Potion"},{"floor":2,"key":"EssenceOfSteel"},{"floor":4,"key":"BloodPotion"},{"floor":10,"key":"EssenceOfSteel"},{"floor":16,"key":"Weak Potion"},{"floor":20,"key":"Dexterity Potion"},{"floor":22,"key":"Swift Potion"},{"floor":25,"key":"AttackPotion"},{"floor":30,"key":"LiquidBronze"},{"floor":31,"key":"LiquidBronze"},{"floor":35,"key":"Regen Potion"},{"floor":55,"key":"Block Potion"}],"is_trial":false,"path_per_floor":["M","M","$","M","$","E","R","M","T","M","E","M","R","E","R","B",null,"M","?","M","$","M","R","E","M","T","E","$","M","E","M","R","B",null,"M","?","?","$","M","R","M","T","T","E","$","M","R","M","R","B","B",null,"R","$","E","B",null],"character_chosen":"IRONCLAD","items_purchased":["Infernal Blade","Ancient Tea Set","Toolbox","Mercury Hourglass","Uppercut","Disarm","Blue Candle","Charon\u0027s Ashes","Swift Potion","Transmutation","Flame Barrier+1","Blood Vial","Mayhem","PreservedInsect","Membership Card","Pen Nib","Energy Potion","Rampage","Bandage Up+1","Limit Break+1","Flex+1","Strange Spoon","Red Skull","Ornamental Fan","AttackPotion","Master of Strategy+1","Entrench+1","HornCleat","Calipers","expansioncontent:DashGenerateEvil","ClockworkSouvenir","Whetstone","Inflame","Eternal Feather","Lee\u0027s Waffle","expansioncontent:ChargeUp+1","FairyPotion"],"campfire_rested":1,"item_purchase_floors":[3,3,3,3,3,5,5,5,5,5,21,21,28,28,28,28,28,28,28,28,28,38,38,38,38,38,38,45,45,45,45,54,54,54,54,54,54],"current_hp_per_floor":[74,75,75,75,75,69,69,75,75,75,65,71,71,67,67,48,68,73,73,75,75,68,68,75,75,75,49,49,60,56,58,58,10,59,56,64,64,64,42,64,69,69,69,75,75,75,75,75,75,75,75,75,75,82,82,68],"gold":16852,"neow_bonus":"RANDOM_COMMON_RELIC","is_daily":false,"chose_seed":false,"campfire_upgraded":7,"win_rate":0.0,"timestamp":1608821170,"path_taken":["M","M","$","M","$","E","R","M","T","M","E","?","R","E","R","BOSS","M","?","M","$","M","R","E","M","T","E","$","?","E","M","R","BOSS","M","?","?","$","M","R","M","?","T","E","$","M","R","?","R","BOSS","BOSS","R","$","E","BOSS"],"items_purchased_type":["Card","Relic","Relic","Relic","Card","Card","Relic","Relic","Potion","Card","Card","Relic","Card","Relic","Relic","Relic","Potion","Card","Card","Card","Card","Relic","Relic","Relic","Potion","Card","Card","Relic","Relic","Card","Relic","Relic","Card","Relic","Relic","Card","Potion"],"build_version":"2020-12-22","purchased_purges":4,"victory":true,"max_hp_per_floor":[75,75,75,75,75,75,75,75,75,75,75,75,75,75,75,75,75,75,75,75,75,75,75,75,75,75,75,75,75,75,75,75,75,75,75,75,75,75,75,75,75,75,75,75,75,75,75,75,75,75,75,75,75,82,82,82],"card_choices":[{"not_picked":["Fire Breathing","Reckless Charge"],"picked":"Clash","floor":1},{"not_picked":["Whirlwind","Rage"],"picked":"Thunderclap","floor":2},{"not_picked":["Metallicize","Uppercut"],"picked":"Bloodletting","floor":4},{"not_picked":["Pommel Strike","Ghostly Armor"],"picked":"Clash","floor":6},{"not_picked":["Reckless Charge","Body Slam","Shockwave"],"picked":"SKIP","floor":8},{"not_picked":["Armaments","Body Slam","Whirlwind"],"picked":"SKIP","floor":10},{"not_picked":["Iron Wave","Warcry+1"],"picked":"Clothesline","floor":11},{"not_picked":["Rage+1","Armaments+1"],"picked":"Barricade","floor":12},{"not_picked":["Fire Breathing","Dark Embrace"],"picked":"Armaments+1","floor":14},{"not_picked":["Juggernaut","Fiend Fire"],"picked":"Double Tap+1","floor":16},{"not_picked":["Anger","Shockwave+1","Twin Strike"],"picked":"SKIP","floor":18},{"not_picked":["Searing Blow","Havoc+1"],"picked":"Flex+1","floor":20},{"not_picked":["Disarm+1","Twin Strike"],"picked":"Metallicize+1","floor":22},{"not_picked":["Anger","Shockwave+1"],"picked":"Warcry+1","floor":24},{"not_picked":["Twin Strike+1","Dropkick+1","Headbutt"],"picked":"SKIP","floor":25},{"not_picked":["Perfected Strike","Sword Boomerang"],"picked":"Uppercut","floor":27},{"not_picked":["Seeing Red+1","Dual Wield+1"],"picked":"Clash+1","floor":29},{"not_picked":["Reckless Charge","Sentinel+1"],"picked":"Sever Soul","floor":30},{"not_picked":["Flex+1","Seeing Red+1"],"picked":"Inflame","floor":31},{"not_picked":["Juggernaut","Berserk"],"picked":"Demon Form","floor":33},{"not_picked":["Infernal Blade+1","Thunderclap"],"picked":"Clash","floor":35},{"not_picked":["Second Wind+1","Havoc+1"],"picked":"Flame Barrier+1","floor":39},{"not_picked":["Perfected Strike","Rage+1"],"picked":"Dark Embrace","floor":41},{"not_picked":["Double Tap+1","Wild Strike+1"],"picked":"Pommel Strike+1","floor":44},{"not_picked":["Whirlwind","Pommel Strike"],"picked":"Disarm+1","floor":46},{"not_picked":["Clothesline+1","Armaments+1"],"picked":"Clash","floor":48},{"not_picked":["Thunderclap","Anger+1"],"picked":"Sword Boomerang+1","floor":55}],"player_experience":281326,"relics_obtained":[{"floor":6,"key":"Vajra"},{"floor":11,"key":"Toxic Egg 2"},{"floor":14,"key":"MawBank"},{"floor":24,"key":"War Paint"},{"floor":26,"key":"Bottled Tornado"},{"floor":27,"key":"Tiny Chest"},{"floor":30,"key":"Letter Opener"},{"floor":36,"key":"CaptainsWheel"},{"floor":42,"key":"Centennial Puzzle"},{"floor":43,"key":"Bag of Marbles"},{"floor":44,"key":"Anchor"},{"floor":44,"key":"Bronze Scales"},{"floor":55,"key":"Nunchaku"},{"floor":55,"key":"Art of War"}],"event_choices":[{"cards_removed":["Transmutation"],"damage_healed":0,"gold_gain":0,"player_choice":"Gave Card","damage_taken":0,"relics_obtained":["Darkstone Periapt"],"max_hp_gain":0,"max_hp_loss":0,"event_name":"WeMeetAgain","floor":19,"gold_loss":0},{"damage_healed":0,"gold_gain":0,"player_choice":"Fight","damage_taken":0,"max_hp_gain":0,"max_hp_loss":0,"event_name":"Mysterious Sphere","floor":36,"gold_loss":0},{"cards_removed":["Metallicize"],"damage_healed":0,"gold_gain":0,"player_choice":"Removed Power","damage_taken":0,"max_hp_gain":0,"max_hp_loss":0,"event_name":"Falling","floor":37,"gold_loss":0}],"is_beta":false,"boss_relics":[{"not_picked":["Philosopher\u0027s Stone","Runic Pyramid"],"picked":"Pandora\u0027s Box"},{"not_picked":["Mark of Pain","Runic Cube"],"picked":"Black Star"}],"items_purged_floors":[21,21,28,38],"is_endless":false,"potions_floor_spawned":[1,2,4,10,16,20,22,25,30,31,35,39,46,55],"ascension_level":20}}