{"host":"lhth1efayex2023z","time":1608849307,"event":{"mods":["BaseMod","Colored Map","Googly Eyes","Minty Spire (QoL Compilation)","StSLib"],"gold_per_floor":[113,188,188,201,13,13,38,48,101,101,23,53,66,366,366,463,463,477,576,576,576,596,596,596],"floor_reached":23,"playtime":738,"items_purged":["Regret"],"score":355,"play_id":"64e956c9-6dfd-49e7-a26b-6a4e7547e5cc","local_time":"20201224153507","is_ascension_mode":true,"campfire_choices":[{"data":"Zap","floor":6,"key":"SMITH"},{"data":"Loop","floor":10,"key":"SMITH"},{"floor":15,"key":"REST"}],"circlet_count":0,"master_deck":["AscendersBane","Strike_B","Strike_B","Strike_B","Strike_B","Defend_B","Defend_B","Defend_B","Defend_B","Zap+1","Dualcast","Conserve Battery","Coolheaded","Loop+1","Chaos","Coolheaded","Force Field","Defragment","Buffer","Electrodynamics","Zap","Thunder Strike","Glacier"],"relics":["Cracked Core","NeowsBlessing","Blood Vial","Juzu Bracelet","Ancient Tea Set","Old Coin","Philosopher\u0027s Stone","Nloth\u0027s Gift"],"acts_visited":["Exordium","TheCity"],"potions_floor_usage":[16,16],"damage_taken":[{"damage":0,"enemies":"2 Louse","floor":1,"turns":1},{"damage":0,"enemies":"Jaw Worm","floor":4,"turns":1},{"damage":0,"enemies":"Lagavulin","floor":7,"turns":3},{"damage":0,"enemies":"Small Slimes","floor":8,"turns":3},{"damage":20,"enemies":"3 Sentries","floor":12,"turns":8},{"damage":4,"enemies":"Looter","floor":13,"turns":4},{"damage":6,"enemies":"The Guardian","floor":16,"turns":14},{"damage":27,"enemies":"Chosen","floor":18,"turns":5},{"damage":15,"enemies":"Spheric Guardian","floor":22,"turns":5},{"damage":33,"enemies":"Slavers","floor":23,"turns":2}],"seed_played":"6672908298440661805","potions_obtained":[{"floor":8,"key":"DistilledChaos"},{"floor":13,"key":"PotionOfCapacity"}],"is_trial":false,"path_per_floor":["M","?","?","M","$","R","E","M","T","R","$","E","M","?","R","B",null,"M","?","?","?","M","E"],"character_chosen":"DEFECT","items_purchased":["Loop","Chaos","Defragment"],"campfire_rested":1,"item_purchase_floors":[5,5,11],"current_hp_per_floor":[68,57,57,59,59,59,61,63,63,63,63,45,43,25,47,43,67,42,42,42,42,29,0,0],"gold":596,"neow_bonus":"THREE_ENEMY_KILL","is_daily":false,"chose_seed":false,"campfire_upgraded":2,"win_rate":0.0,"timestamp":1608849307,"path_taken":["M","?","?","M","?","R","E","M","T","R","?","E","M","?","R","BOSS","M","?","?","?","M","E"],"items_purchased_type":["Card","Card","Card"],"build_version":"2020-12-22","purchased_purges":1,"victory":false,"max_hp_per_floor":[75,75,75,75,75,75,75,75,75,75,75,75,75,75,75,75,75,75,75,75,75,75,75,75],"card_choices":[{"not_picked":["Aggregate","Streamline"],"picked":"Conserve Battery","floor":1},{"not_picked":["Sunder","Cold Snap"],"picked":"Coolheaded","floor":4},{"not_picked":["Cold Snap","Sweeping Beam"],"picked":"Coolheaded","floor":7},{"not_picked":["Cold Snap","Lockon"],"picked":"Force Field","floor":8},{"not_picked":["Recycle","Rip and Tear","Steam"],"picked":"SKIP","floor":12},{"not_picked":["Turbo","Go for the Eyes"],"picked":"Buffer","floor":13},{"not_picked":["Echo Form","Fission"],"picked":"Electrodynamics","floor":16},{"not_picked":["Gash","Leap","Barrage"],"picked":"SKIP","floor":18},{"not_picked":["Hologram","FTL"],"picked":"Glacier","floor":22}],"player_experience":389170,"relics_obtained":[{"floor":7,"key":"Juzu Bracelet"},{"floor":9,"key":"Ancient Tea Set"},{"floor":12,"key":"Pen Nib"}],"event_choices":[{"damage_healed":0,"gold_gain":75,"player_choice":"Gather Gold","damage_taken":11,"max_hp_gain":0,"max_hp_loss":0,"event_name":"World of Goop","floor":2,"gold_loss":0},{"damage_healed":0,"gold_gain":0,"player_choice":"Box","damage_taken":0,"relics_obtained":["Blood Vial"],"max_hp_gain":0,"max_hp_loss":0,"event_name":"Big Fish","floor":3,"gold_loss":0,"cards_obtained":["Regret"]},{"damage_healed":0,"gold_gain":0,"player_choice":"Success","damage_taken":18,"relics_obtained":["Old Coin"],"max_hp_gain":0,"max_hp_loss":0,"event_name":"Scrap Ooze","floor":14,"gold_loss":0},{"damage_healed":0,"gold_gain":99,"player_choice":"Stole From Cult","damage_taken":0,"max_hp_gain":0,"max_hp_loss":0,"event_name":"Nest","floor":19,"gold_loss":0},{"damage_healed":0,"gold_gain":0,"player_choice":"2 cards matched","damage_taken":0,"max_hp_gain":0,"max_hp_loss":0,"event_name":"Match and Keep!","floor":20,"gold_loss":0,"cards_obtained":["Zap","Thunder Strike"]},{"damage_healed":0,"gold_gain":0,"player_choice":"Traded Relic","damage_taken":0,"relics_obtained":["Nloth\u0027s Gift"],"max_hp_gain":0,"max_hp_loss":0,"event_name":"N\u0027loth","floor":21,"relics_lost":["Pen Nib"],"gold_loss":0}],"is_beta":false,"boss_relics":[{"not_picked":["SacredBark","Pandora\u0027s Box"],"picked":"Philosopher\u0027s Stone"}],"items_purged_floors":[5],"is_endless":false,"potions_floor_spawned":[8,13],"killed_by":"Slavers","ascension_level":12}}