{"host":"2461dio7vetlq1z3","time":1608771098,"event":{"mods":["2.2 Compatiblity","AchievementEnabler","Aspiration","BaseMod","Better Third Choice","Hermit","Marisa????????","Minty Spire (QoL Compilation)","Relic Stats","Spicy Shops","StSLib","The Runesmith","Waifu the Spire"],"gold_per_floor":[110,3,3,18,33,33,64,79,79,79,104,16,43,57,57,57,57],"floor_reached":16,"playtime":534,"items_purged":[],"score":228,"play_id":"a0634318-e490-4048-8738-8e731e08bc56","local_time":"20201224015138","is_ascension_mode":true,"campfire_choices":[{"data":"Sweeping Beam","floor":6,"key":"SMITH"},{"data":"Lockon","floor":10,"key":"SMITH"},{"floor":15,"key":"REST"}],"circlet_count":0,"master_deck":["AscendersBane","Strike_B","Strike_B","Strike_B","Strike_B","Defend_B","Defend_B","Defend_B","Defend_B","Zap","Dualcast","Reinforced Body","Sweeping Beam+1","Streamline","Ball Lightning","Doom and Gloom","Lockon+1","Capacitor","Capacitor","Defragment","Steam"],"relics":["Cracked Core","Akabeko","White Beast Statue","Unceasing Top"],"acts_visited":["Exordium"],"potions_floor_usage":[7,11,16,16],"damage_taken":[{"damage":4,"enemies":"Small Slimes","floor":1,"turns":3},{"damage":1,"enemies":"Cultist","floor":4,"turns":3},{"damage":8,"enemies":"2 Louse","floor":5,"turns":2},{"damage":15,"enemies":"Lagavulin","floor":7,"turns":5},{"damage":1,"enemies":"2 Fungi Beasts","floor":8,"turns":3},{"damage":8,"enemies":"Gremlin Nob","floor":11,"turns":3},{"damage":23,"enemies":"3 Sentries","floor":13,"turns":5},{"damage":11,"enemies":"Blue Slaver","floor":14,"turns":3},{"damage":39,"enemies":"Slime Boss","floor":16,"turns":5}],"seed_played":"-3888944265911751089","potions_obtained":[{"floor":5,"key":"AttackPotion"},{"floor":7,"key":"BlessingOfTheForge"},{"floor":8,"key":"Swift Potion"},{"floor":13,"key":"Dexterity Potion"},{"floor":14,"key":"Weak Potion"}],"is_trial":false,"path_per_floor":["M","$","?","M","M","R","E","M","T","R","E","$","E","M","R","B"],"character_chosen":"DEFECT","items_purchased":["Sweeping Beam","SteroidPotion","Capacitor"],"campfire_rested":1,"item_purchase_floors":[2,2,12],"current_hp_per_floor":[67,67,78,77,69,69,54,53,53,53,45,45,22,11,34,0,0],"gold":57,"neow_bonus":"TEN_PERCENT_HP_BONUS","is_daily":false,"chose_seed":false,"campfire_upgraded":2,"win_rate":0.0,"timestamp":1608771098,"path_taken":["M","$","?","M","?","R","E","M","T","R","E","?","E","?","R","BOSS"],"items_purchased_type":["Card","Potion","Card"],"build_version":"2020-12-22","purchased_purges":0,"victory":false,"max_hp_per_floor":[78,78,78,78,78,78,78,78,78,78,78,78,78,78,78,78,78],"relic_stats":{"counters":[9,32],"obtain_stats":[{"Cracked Core":0,"Akabeko":7,"White Beast Statue":11,"Unceasing Top":13},{"Cracked Core":0,"Akabeko":4,"White Beast Statue":6,"Unceasing Top":7},{"Cracked Core":0,"Akabeko":13,"White Beast Statue":19,"Unceasing Top":24}],"Unceasing Top":[0]},"card_choices":[{"not_picked":["Compile Driver","Scrape"],"picked":"Reinforced Body","floor":1},{"not_picked":["Reinforced Body","Rebound"],"picked":"Streamline","floor":4},{"not_picked":["Cold Snap","Turbo"],"picked":"Ball Lightning","floor":5},{"not_picked":["Skim","Chill"],"picked":"Doom and Gloom","floor":7},{"not_picked":["Tempest","Ball Lightning"],"picked":"Lockon","floor":8},{"not_picked":["Leap","Core Surge"],"picked":"Capacitor","floor":11},{"not_picked":["FTL","Aggregate"],"picked":"Defragment","floor":13},{"not_picked":["Redo","Ball Lightning"],"picked":"Steam","floor":14}],"player_experience":979255,"relics_obtained":[{"floor":7,"key":"Akabeko"},{"floor":11,"key":"White Beast Statue"},{"floor":13,"key":"Unceasing Top"}],"event_choices":[{"damage_healed":11,"gold_gain":0,"player_choice":"Full Heal","damage_taken":0,"max_hp_gain":0,"max_hp_loss":0,"event_name":"Wheel of Change","floor":3,"gold_loss":0}],"is_beta":false,"boss_relics":[],"items_purged_floors":[],"is_endless":false,"potions_floor_spawned":[5,7,8,13,14],"killed_by":"Slime Boss","ascension_level":18}}