{"host":"vyt5ne9ydo1z9gg1","time":1608809933,"event":{"mods":["BaseMod","Curses Come First","GifTheSpireLib","Minty Spire (QoL Compilation)","StSLib"],"gold_per_floor":[112,37,47,47,66,66,77,88,138,148,98,109,137,155,155,258,258,270,288,307,406,406,406,406,406],"floor_reached":24,"playtime":1024,"items_purged":["Strike_R"],"score":263,"play_id":"71a65515-8390-49cd-8a97-318384517b4f","local_time":"20201224223853","is_ascension_mode":true,"campfire_choices":[{"data":"Bash","floor":6,"key":"SMITH"},{"floor":15,"key":"REST"},{"floor":23,"key":"REST"}],"circlet_count":0,"master_deck":["Strike_R+1","Strike_R+1","Strike_R+1","Strike_R+1","Defend_R+1","Defend_R+1","Defend_R+1","Bash+1","Thunderclap","Iron Wave","True Grit","Twin Strike","Perfected Strike","Armaments","Twin Strike","True Grit","Juggernaut","Cleave","Shrug It Off"],"relics":["Burning Blood","Lantern","Pantograph","Runic Pyramid"],"acts_visited":["Exordium","TheCity"],"potions_floor_usage":[13,16],"damage_taken":[{"damage":8,"enemies":"Jaw Worm","floor":1,"turns":4},{"damage":1,"enemies":"Cultist","floor":3,"turns":3},{"damage":6,"enemies":"2 Louse","floor":5,"turns":4},{"damage":19,"enemies":"Blue Slaver","floor":7,"turns":5},{"damage":16,"enemies":"Exordium Thugs","floor":8,"turns":5},{"damage":2,"enemies":"3 Louse","floor":10,"turns":3},{"damage":17,"enemies":"Looter","floor":12,"turns":3},{"damage":44,"enemies":"Lagavulin","floor":13,"turns":6},{"damage":0,"enemies":"2 Fungi Beasts","floor":14,"turns":3},{"damage":36,"enemies":"Slime Boss","floor":16,"turns":11},{"damage":34,"enemies":"2 Thieves","floor":18,"turns":5},{"damage":1,"enemies":"Chosen","floor":19,"turns":6},{"damage":37,"enemies":"Centurion and Healer","floor":20,"turns":8},{"damage":80,"enemies":"Shelled Parasite and Fungi","floor":24,"turns":7}],"seed_played":"7845835886627177434","potions_obtained":[{"floor":4,"key":"HeartOfIron"},{"floor":4,"key":"FairyPotion"},{"floor":4,"key":"Swift Potion"},{"floor":5,"key":"PowerPotion"},{"floor":13,"key":"BlessingOfTheForge"},{"floor":19,"key":"Energy Potion"}],"is_trial":false,"path_per_floor":["M","$","M","?","M","R","M","M","T","M","?","M","E","M","R","B",null,"M","M","M","?","?","R","M"],"character_chosen":"IRONCLAD","items_purchased":[],"campfire_rested":2,"item_purchase_floors":[],"current_hp_per_floor":[78,78,83,83,83,83,70,60,60,64,64,53,15,21,47,42,77,49,54,23,23,23,49,0,0],"gold":406,"neow_bonus":"TEN_PERCENT_HP_BONUS","is_daily":false,"chose_seed":false,"campfire_upgraded":1,"win_rate":0.0,"timestamp":1608809933,"path_taken":["M","$","M","?","M","R","M","M","T","?","?","M","E","M","R","BOSS","M","M","M","?","?","R","M"],"items_purchased_type":[],"build_version":"2020-12-22","purchased_purges":1,"victory":false,"max_hp_per_floor":[88,88,88,88,88,88,88,88,88,88,88,88,88,88,88,88,88,88,88,88,88,88,88,88,88],"card_choices":[{"not_picked":["True Grit","Clothesline"],"picked":"Thunderclap","floor":1},{"not_picked":["Flex","Havoc","Warcry"],"picked":"SKIP","floor":3},{"not_picked":["Thunderclap","Anger"],"picked":"Iron Wave","floor":5},{"not_picked":["Barricade","Headbutt"],"picked":"True Grit","floor":7},{"not_picked":["Headbutt","Second Wind"],"picked":"Twin Strike","floor":8},{"not_picked":["Wild Strike","Uppercut"],"picked":"Perfected Strike","floor":10},{"not_picked":["Heavy Blade","Fire Breathing"],"picked":"Armaments","floor":12},{"not_picked":["Feel No Pain","Double Tap"],"picked":"Twin Strike","floor":13},{"not_picked":["Iron Wave","Clothesline"],"picked":"True Grit","floor":14},{"not_picked":["Demon Form","Fiend Fire"],"picked":"Juggernaut","floor":16},{"not_picked":["Headbutt","Heavy Blade","True Grit"],"picked":"SKIP","floor":18},{"not_picked":["Carnage+1","Clash"],"picked":"Cleave","floor":19},{"not_picked":["Reckless Charge+1","Clash+1"],"picked":"Shrug It Off","floor":20}],"player_experience":162551,"relics_obtained":[{"floor":9,"key":"Lantern"},{"floor":13,"key":"Pantograph"}],"event_choices":[{"damage_healed":0,"gold_gain":0,"player_choice":"Got Potions","damage_taken":0,"max_hp_gain":0,"max_hp_loss":0,"event_name":"Lab","floor":4,"gold_loss":0},{"cards_removed":["Defend_R"],"damage_healed":0,"gold_gain":0,"player_choice":"Card Removal","damage_taken":0,"max_hp_gain":0,"max_hp_loss":0,"event_name":"The Cleric","floor":11,"gold_loss":50},{"damage_healed":0,"gold_gain":99,"player_choice":"Stole From Cult","damage_taken":0,"max_hp_gain":0,"max_hp_loss":0,"event_name":"Nest","floor":21,"gold_loss":0},{"damage_healed":0,"gold_gain":0,"player_choice":"Simplicity","damage_taken":0,"max_hp_gain":0,"max_hp_loss":0,"event_name":"Back to Basics","floor":22,"gold_loss":0,"cards_upgraded":["Strike_R","Strike_R","Strike_R","Strike_R","Defend_R","Defend_R","Defend_R"]}],"is_beta":false,"boss_relics":[{"not_picked":["Tiny House","Calling Bell"],"picked":"Runic Pyramid"}],"items_purged_floors":[2],"is_endless":false,"potions_floor_spawned":[5,8,12,13,19,20],"killed_by":"Shelled Parasite and Fungi","ascension_level":6}}