{"host":"en2x92781756fov2","time":1608780642,"event":{"mods":["AchievementEnabler","Aspiration","BaseMod","Clockwork Mod","Colored Map","Conspire","Downfall","Energized Spire","Halation","Highlight Path","Mimic Mod","Minty Spire (QoL Compilation)","Quarter Circle Forward PUNCH!","Quick Restart","Remove Card Discount Mod","Replay The Spire","SIMod","StSLib","[IsaacMod]????","vexMod"],"gold_per_floor":[116,116,134,150,28,28,57,57,91,91,91,102,102,121,121,246,246,270,395,94,88,88,88,88,111,111,155,193,193,217,217,342,366,366,366,366],"floor_reached":35,"playtime":2175,"items_purged":[],"score":275,"play_id":"9aa081a3-9dfd-4ab2-9ce8-0e5c0d4fffca","local_time":"20201223223042","is_ascension_mode":false,"campfire_choices":[{"data":"Replay:SS_fish_3","floor":6.0,"key":"SMITH"},{"data":"ThunderCloud","floor":8.0,"key":"SMITH"},{"floor":15.0,"key":"REST"},{"floor":26,"key":"REST"},{"floor":29,"key":"REST"},{"data":"Static Discharge","floor":31,"key":"SMITH"},{"data":"Tornado","floor":34,"key":"SMITH"}],"circlet_count":0,"master_deck":["Strike_AJ","Strike_RD","Defend_TS","Defend_PP","ConcertedEfforts","HarmonyShield","DoctorFetus+1","Tornado+1","Generousity","Boundary","ThunderCloud+1","Replay:SS_fish_3+1","LoveMe","TasteRainbow","AlloutStrike","Laughter","Boundary","Static Discharge+1","Havoc","Louder","FlyingSleeves","Shockwave","Boundary+1","GemstoneDetection+1","Celebrities+1","SonicRainbow","Yay+1","AlloutStrike+1","Charge+1"],"relics":["The_element_of_harmony","HushsDoor","BelialBook","ReplayFunnel","Oddly Smooth Stone","Golden Idol","qcfpunch:Killian_Engine_Alpha","PunchingBag","Quantum Egg","Molten Egg 2"],"acts_visited":["Exordium","TheCity"],"potions_floor_usage":[27,33],"damage_taken":[{"damage":0.0,"enemies":"conspire:RoseBush","floor":1.0,"turns":3.0},{"damage":7.0,"enemies":"Small Slimes","floor":3.0,"turns":4.0},{"damage":4.0,"enemies":"Cultist","floor":4.0,"turns":4.0},{"damage":4.0,"enemies":"Replay:BlueRogue","floor":7.0,"turns":5.0},{"damage":7.0,"enemies":"Lots of Slimes","floor":9.0,"turns":6.0},{"damage":16.0,"enemies":"Lots of Slimes","floor":12.0,"turns":2.0},{"damage":22.0,"enemies":"Exordium Wildlife","floor":14.0,"turns":3.0},{"damage":29.0,"enemies":"Hexaghost","floor":16.0,"turns":7.0},{"damage":7,"enemies":"3 Byrds","floor":18,"turns":5},{"damage":28,"enemies":"2 Thieves","floor":21,"turns":4},{"damage":11,"enemies":"Snecko","floor":25,"turns":4},{"damage":9,"enemies":"conspire:SneckoGhost","floor":27,"turns":9},{"damage":16,"enemies":"conspire:HollyBat","floor":28,"turns":12},{"damage":8,"enemies":"conspire:HollyBat","floor":30,"turns":13},{"damage":13,"enemies":"Sentry and Sphere","floor":33,"turns":6},{"damage":36,"enemies":"conspire:MysteriousRune","floor":35,"turns":7}],"seed_played":"-4859595497433864051","potions_obtained":[{"floor":4.0,"key":"Swift Potion"},{"floor":14.0,"key":"Fire Potion"},{"floor":16.0,"key":"hexamod:EctoCoolerPotion"},{"floor":25,"key":"Slimebound:ThreeZeroPotion"},{"floor":27,"key":"AttackPotion"},{"floor":30,"key":"Ancient Potion"},{"floor":33,"key":"Guardian:BlockOnCardUsePotion"}],"is_trial":false,"path_per_floor":["M","?","M","M","$","R","E","R","MIM","?","?","M","?","M","R","B",null,"M","?","$","M","PTL","PTL","?","M","R","E","MIM","R","M","R","?","M","R","B"],"character_chosen":"TWI_CLASS","items_purchased":["ThunderCloud","Replay:SS_fish_3","PunchingBag"],"campfire_rested":3,"item_purchase_floors":[5,5,20],"current_hp_per_floor":[82,82,75,71,71,71,67,67,60,68,82,66,46,24,48,19,79,72,72,72,44,44,44,44,33,56,47,31,54,46,46,46,33,33,0,0],"gold":366,"neow_bonus":"UPGRADE_CARD","is_daily":false,"chose_seed":false,"campfire_upgraded":4,"win_rate":0.0,"timestamp":1608780642,"path_taken":["M","?","?","M","$","R","E","R","MIM","?","?","M","?","?","R","BOSS","M","?","$","M","PTL","PTL","?","M","R","E","MIM","R","M","R","?","M","R","BOSS"],"items_purchased_type":["Card","Card","Relic"],"build_version":"2020-12-22","purchased_purges":0,"victory":false,"max_hp_per_floor":[82,82,82,82,82,82,82,82,82,82,82,82,82,82,82,82,79,79,79,79,79,79,79,79,79,79,79,79,79,79,79,79,79,79,79,79],"card_choices":[{"not_picked":[],"picked":"DoctorFetus","floor":0.0},{"not_picked":["ThunderCloud"],"picked":"Tornado","floor":1.0},{"not_picked":["Winterwrapup","Smile"],"picked":"SKIP","floor":1.0},{"not_picked":["FarmExpert"],"picked":"Generousity","floor":3.0},{"not_picked":["TwentyPercentcooler","Magictrain"],"picked":"SKIP","floor":3.0},{"not_picked":["PartyTime"],"picked":"Boundary","floor":4.0},{"not_picked":["BatchProduction"],"picked":"Bomb","floor":4.0},{"not_picked":["Yay"],"picked":"Bomb","floor":7.0},{"not_picked":["BigDeal"],"picked":"LoveMe","floor":7.0},{"not_picked":["FriendOfNature"],"picked":"TasteRainbow","floor":9.0},{"not_picked":["RashStunts"],"picked":"AlloutStrike","floor":9.0},{"not_picked":["HideCarefully"],"picked":"Laughter","floor":12.0},{"not_picked":["LoveMe","ReinventMyself"],"picked":"SKIP","floor":12.0},{"not_picked":["Whining"],"picked":"Boundary","floor":14.0},{"not_picked":["AppleFever","Whining"],"picked":"SKIP","floor":14.0},{"not_picked":["Batlization"],"picked":"Boundary+1","floor":18},{"not_picked":["FollowTherRainbow","SwiftKick"],"picked":"SKIP","floor":18},{"not_picked":["BigDeal"],"picked":"GemstoneDetection+1","floor":19},{"not_picked":["Batlization+1","Boundary"],"picked":"SKIP","floor":21},{"not_picked":["Batlization","AllByMyself"],"picked":"SKIP","floor":21},{"not_picked":["Charge"],"picked":"Celebrities+1","floor":25},{"not_picked":["PinkiePromise","Louder"],"picked":"SKIP","floor":25},{"not_picked":["Magic"],"picked":"SonicRainbow","floor":27},{"not_picked":["Winterwrapup","SwiftKick"],"picked":"SKIP","floor":27},{"not_picked":["Smile"],"picked":"Yay+1","floor":28},{"not_picked":["Generousity","GemstoneDetection"],"picked":"SKIP","floor":30},{"not_picked":["CleanLibrary","GemstoneDetection"],"picked":"SKIP","floor":30},{"not_picked":["FarmExpert"],"picked":"AlloutStrike+1","floor":32},{"not_picked":["FarmExpert+1"],"picked":"Charge+1","floor":33},{"not_picked":["Flutterguy","FarmExpert"],"picked":"SKIP","floor":33}],"player_experience":2016117,"relics_obtained":[{"floor":7.0,"key":"ReplayFunnel"},{"floor":9.0,"key":"Oddly Smooth Stone"},{"floor":27,"key":"Quantum Egg"},{"floor":28,"key":"Molten Egg 2"}],"event_choices":[{"damage_healed":20.0,"max_hp_gain":0.0,"max_hp_loss":0.0,"gold_gain":0.0,"event_name":"Mushrooms","player_choice":"Healed and dodged fight","floor":11.0,"gold_loss":0.0,"damage_taken":0.0,"cards_obtained":["Parasite"]},{"damage_healed":0.0,"max_hp_gain":0.0,"max_hp_loss":0.0,"gold_gain":0.0,"event_name":"Golden Idol","player_choice":"Take Damage","floor":13.0,"gold_loss":0.0,"damage_taken":20.0,"relics_obtained":["Golden Idol"]},{"damage_healed":0,"gold_gain":0,"player_choice":"Ignored","damage_taken":0,"max_hp_gain":0,"max_hp_loss":0,"event_name":"Beggar","floor":24,"gold_loss":0}],"is_beta":false,"boss_relics":[{"not_picked":["Replay:Ancient Bell","Coffee Dripper"],"picked":"qcfpunch:Killian_Engine_Alpha"},{"not_picked":[]}],"items_purged_floors":[],"is_endless":false,"potions_floor_spawned":[4,14,16,25,27,30,33],"killed_by":"conspire:MysteriousRune","ascension_level":0}}