{"host":"p9t7qd83igtcp2bh","time":1608840122,"event":{"mods":["2.2 Compatiblity","AchievementEnabler","BaseMod","Colored Map","Colored Powertips","Custom Start","DeckTracker","Keyboard Shortcuts","Minty Spire (QoL Compilation)","Permanent Neow","StSLib","SuperFastMode","everything is the same but u backflip on backflip"],"gold_per_floor":[10,29,29,41,57,57,90,90,90,103,103,129,188,204,204,281,281,292,292,292,309,309,309,341,353,353,353,453,453,470,470,470,545,545,560,585,585,403,419,419,419,419,443,471,39,49,49,60,60,60,60,60,19,47,47],"floor_reached":56,"playtime":2268,"items_purged":["Bite+1","Bite+1"],"score":1793,"play_id":"bb520776-c77f-435b-bd72-64b2be7c72ef","local_time":"20201225050202","is_ascension_mode":true,"campfire_choices":[{"data":"Die Die Die","floor":6.0,"key":"SMITH"},{"data":"Footwork","floor":8.0,"key":"SMITH"},{"data":"Noxious Fumes","floor":11.0,"key":"SMITH"},{"floor":15.0,"key":"REST"},{"data":"Tactician","floor":23.0,"key":"SMITH"},{"data":"Prepared","floor":27.0,"key":"SMITH"},{"floor":29.0,"key":"REST"},{"data":"Deadly Poison","floor":32.0,"key":"SMITH"},{"data":"All Out Attack","floor":40.0,"key":"PURGE"},{"data":"Catalyst","floor":42.0,"key":"PURGE"},{"data":"Defend_G+1","floor":47,"key":"PURGE"},{"data":"Neutralize","floor":49,"key":"PURGE"},{"data":"Bite+1","floor":52,"key":"PURGE"}],"circlet_count":0,"master_deck":["AscendersBane","Defend_G+1","Defend_G+1","Defend_G+1","Survivor","Footwork+1","Die Die Die+1","PiercingWail+1","Noxious Fumes+1","Tactician+1","Deadly Poison+1","Grand Finale","Dagger Throw+1","Leg Sweep","Prepared+1","Escape Plan","Bite+1","Bite+1","Venomology+1","Footwork+1","Escape Plan+1","Acrobatics","Calculated Gamble"],"relics":["Ring of the Snake","Torii","Question Card","StrikeDummy","Gremlin Horn","The Courier","Runic Pyramid","TungstenRod","Molten Egg 2","Calipers","Sundial","Coffee Dripper","Peace Pipe","War Paint","Potion Belt","Lizard Tail","Medical Kit","Blood Vial"],"acts_visited":["Exordium","TheCity","TheBeyond","TheEnding"],"potions_floor_usage":[44,44,44,48,48,50,50,50,54,54,55,55],"damage_taken":[{"damage":2.0,"enemies":"Jaw Worm","floor":1.0,"turns":6.0},{"damage":1.0,"enemies":"Small Slimes","floor":2.0,"turns":4.0},{"damage":0.0,"enemies":"2 Louse","floor":4.0,"turns":1.0},{"damage":7.0,"enemies":"Blue Slaver","floor":5.0,"turns":6.0},{"damage":30.0,"enemies":"Gremlin Nob","floor":7.0,"turns":5.0},{"damage":0.0,"enemies":"3 Louse","floor":10.0,"turns":1.0},{"damage":8.0,"enemies":"3 Sentries","floor":12.0,"turns":6.0},{"damage":12.0,"enemies":"3 Sentries","floor":13.0,"turns":6.0},{"damage":1.0,"enemies":"Large Slime","floor":14.0,"turns":5.0},{"damage":9.0,"enemies":"Hexaghost","floor":16.0,"turns":9.0},{"damage":20.0,"enemies":"Shell Parasite","floor":18.0,"turns":4.0},{"damage":0.0,"enemies":"Chosen","floor":21.0,"turns":6.0},{"damage":21.0,"enemies":"Gremlin Leader","floor":24.0,"turns":8.0},{"damage":0.0,"enemies":"Snake Plant","floor":25.0,"turns":5.0},{"damage":22.0,"enemies":"Colosseum Slavers","floor":28.0,"turns":4.0},{"damage":8.0,"enemies":"Colosseum Nobs","floor":28.0,"turns":5.0},{"damage":16.0,"enemies":"Snecko","floor":30.0,"turns":7.0},{"damage":25.0,"enemies":"Automaton","floor":33.0,"turns":12.0},{"damage":0.0,"enemies":"Orb Walker","floor":35.0,"turns":5.0},{"damage":0.0,"enemies":"Mind Bloom Boss Battle","floor":36.0,"turns":9.0},{"damage":0.0,"enemies":"3 Shapes","floor":39.0,"turns":3.0},{"damage":15,"enemies":"Reptomancer","floor":44,"turns":8},{"damage":6,"enemies":"Jaw Worm Horde","floor":46,"turns":6},{"damage":33,"enemies":"Transient","floor":48,"turns":5},{"damage":13,"enemies":"Awakened One","floor":50,"turns":14},{"damage":9,"enemies":"Shield and Spear","floor":54,"turns":8},{"damage":82,"enemies":"The Heart","floor":55,"turns":13}],"seed_played":"295743034385791364","potions_obtained":[{"floor":1.0,"key":"SpeedPotion"},{"floor":7.0,"key":"Fruit Juice"},{"floor":10.0,"key":"Strength Potion"},{"floor":13.0,"key":"FairyPotion"},{"floor":21.0,"key":"Explosive Potion"},{"floor":24.0,"key":"Dexterity Potion"},{"floor":35.0,"key":"DuplicationPotion"},{"floor":48,"key":"EntropicBrew"}],"is_trial":false,"path_per_floor":["M","M","?","M","M","R","E","R","T","M","R","E","?","M","R","B",null,"M","?","?","M","?","R","E","M","T","R","?","R","M","?","R","B",null,"M","?","?","$","M","R","?","R","T","E","$","M","R","M","R","B",null,"R","$","E","B",null],"character_chosen":"THE_SILENT","items_purchased":["War Paint","Lizard Tail","Medical Kit","Acrobatics"],"campfire_rested":2,"item_purchase_floors":[38,45,45,53],"current_hp_per_floor":[57,56,56,56,49,49,19,19,19,24,24,16,4,3,24,15,57,37,37,37,37,37,37,16,16,16,16,13,34,18,18,18,32,45,48,49,47,47,47,47,47,47,47,47,47,47,47,23,23,47,47,47,47,47,26],"gold":47,"neow_bonus":"ONE_RARE_RELIC","is_daily":false,"chose_seed":false,"campfire_upgraded":6,"win_rate":0.0,"timestamp":1608840122,"path_taken":["M","M","?","M","M","R","E","R","T","M","R","E","?","M","R","BOSS","M","?","?","M","?","R","E","M","T","R","?","R","M","?","R","BOSS","M","?","?","?","M","R","?","R","T","E","$","M","R","M","R","BOSS","R","$","E","BOSS"],"items_purchased_type":["Relic","Relic","Relic","Card"],"build_version":"2020-12-22","purchased_purges":2,"victory":true,"max_hp_per_floor":[66,66,66,66,66,66,66,66,66,71,71,71,71,71,71,71,71,71,71,71,71,71,71,71,71,71,71,71,71,71,49,49,49,49,49,49,47,47,47,47,47,47,47,47,47,47,47,47,47,47,47,47,47,47,47],"card_choices":[{"not_picked":["Heel Hook","Prepared"],"picked":"All Out Attack","floor":1.0},{"not_picked":["Leg Sweep","Slice"],"picked":"Footwork","floor":2.0},{"not_picked":["Heel Hook","Endless Agony"],"picked":"PiercingWail","floor":4.0},{"not_picked":["Flying Knee","Blur","Prepared"],"picked":"SKIP","floor":5.0},{"not_picked":["All Out Attack","Deflect","Expertise"],"picked":"SKIP","floor":7.0},{"not_picked":["Quick Slash","Accuracy","Acrobatics"],"picked":"Noxious Fumes","floor":10.0},{"not_picked":["PiercingWail","Dagger Throw","Deadly Poison"],"picked":"Tactician","floor":12.0},{"not_picked":["Doppelganger","Caltrops","Deflect"],"picked":"Deadly Poison","floor":13.0},{"not_picked":["Slice","Blur","Footwork"],"picked":"Catalyst","floor":14.0},{"not_picked":["Tools of the Trade","Envenom","A Thousand Cuts"],"picked":"Grand Finale","floor":16.0},{"not_picked":["Deadly Poison","Dagger Spray+1","Expertise"],"picked":"Dagger Throw+1","floor":18.0},{"not_picked":["PiercingWail","Flying Knee","Underhanded Strike","Dagger Throw"],"picked":"SKIP","floor":21.0},{"not_picked":["Poisoned Stab","Choke","Deadly Poison"],"picked":"Leg Sweep","floor":24.0},{"not_picked":["Malaise","Backstab","Deadly Poison"],"picked":"Prepared","floor":25.0},{"not_picked":["Predator+1","Eviscerate+1","Dagger Throw+1"],"picked":"Escape Plan","floor":28.0},{"not_picked":["Blur+1","Poisoned Stab+1","Underhanded Strike+1","PiercingWail"],"picked":"SKIP","floor":30.0},{"not_picked":["Wraith Form v2","Burst","Glass Knife+1"],"picked":"Venomology","floor":33.0},{"not_picked":["Sucker Punch+1","Well Laid Plans","Bane+1","Skewer+1"],"picked":"SKIP","floor":35.0},{"not_picked":["Prepared+1","Dodge and Roll","Quick Slash+1"],"picked":"Footwork+1","floor":36.0},{"not_picked":["PiercingWail","Poisoned Stab+1","Prepared+1","Crippling Poison"],"picked":"SKIP","floor":39.0},{"not_picked":["Cloak And Dagger","Riddle With Holes+1","Leg Sweep"],"picked":"Escape Plan+1","floor":44},{"not_picked":["Dodge and Roll","PiercingWail","Poisoned Stab+1","Slice+1"],"picked":"SKIP","floor":46},{"not_picked":["Crippling Poison+1","Infinite Blades","Deadly Poison","Eviscerate+1"],"picked":"SKIP","floor":48},{"not_picked":["Quick Slash+1","Dodge and Roll","Choke+1"],"picked":"Calculated Gamble","floor":54}],"player_experience":566511,"relics_obtained":[{"floor":7.0,"key":"Question Card"},{"floor":9.0,"key":"StrikeDummy"},{"floor":12.0,"key":"Gremlin Horn"},{"floor":13.0,"key":"The Courier"},{"floor":24.0,"key":"TungstenRod"},{"floor":26.0,"key":"Molten Egg 2"},{"floor":28.0,"key":"Calipers"},{"floor":28.0,"key":"Sundial"},{"floor":36.0,"key":"Peace Pipe"},{"floor":44,"key":"Potion Belt"},{"floor":54,"key":"Blood Vial"}],"event_choices":[{"damage_healed":0.0,"max_hp_gain":0.0,"max_hp_loss":0.0,"gold_gain":0.0,"cards_transformed":["Strike_G"],"event_name":"Living Wall","player_choice":"Change","floor":3.0,"gold_loss":0.0,"damage_taken":0.0,"cards_obtained":["Die Die Die"]},{"damage_healed":0.0,"max_hp_gain":0.0,"max_hp_loss":0.0,"gold_gain":30.0,"event_name":"Dead Adventurer","player_choice":"Searched \u00272\u0027 times","floor":13.0,"gold_loss":0.0,"damage_taken":0.0},{"damage_healed":0.0,"max_hp_gain":0.0,"max_hp_loss":0.0,"gold_gain":0.0,"event_name":"Back to Basics","player_choice":"Simplicity","floor":19.0,"gold_loss":0.0,"damage_taken":0.0,"cards_upgraded":["Strike_G","Strike_G","Strike_G","Strike_G","Defend_G","Defend_G","Defend_G","Defend_G","Defend_G"]},{"damage_healed":0.0,"max_hp_gain":0.0,"max_hp_loss":0.0,"gold_gain":0.0,"event_name":"Cursed Tome","player_choice":"Ignored","floor":20.0,"gold_loss":0.0,"damage_taken":0.0},{"damage_healed":0.0,"max_hp_gain":0.0,"max_hp_loss":0.0,"gold_gain":0.0,"event_name":"Ghosts","player_choice":"Ignored","floor":22.0,"gold_loss":0.0,"damage_taken":0.0},{"damage_healed":0.0,"max_hp_gain":0.0,"max_hp_loss":0.0,"gold_gain":0.0,"event_name":"Colosseum","player_choice":"Fight","floor":28.0,"gold_loss":0.0,"damage_taken":0.0},{"damage_healed":0.0,"max_hp_gain":0.0,"max_hp_loss":0.0,"gold_gain":0.0,"event_name":"Colosseum","player_choice":"Fought Nobs","floor":28.0,"gold_loss":0.0,"damage_taken":0.0},{"damage_healed":0.0,"max_hp_gain":0.0,"max_hp_loss":22.0,"gold_gain":0.0,"event_name":"Vampires","player_choice":"Became a vampire","floor":31.0,"gold_loss":0.0,"damage_taken":0.0,"cards_obtained":["Bite","Bite","Bite","Bite","Bite"]},{"damage_healed":0.0,"max_hp_gain":0.0,"max_hp_loss":0.0,"gold_gain":0.0,"event_name":"MindBloom","player_choice":"Fight","floor":36.0,"gold_loss":0.0,"damage_taken":0.0},{"damage_healed":0.0,"max_hp_gain":0.0,"max_hp_loss":2.0,"gold_gain":0.0,"event_name":"Winding Halls","player_choice":"Max HP","floor":37.0,"gold_loss":0.0,"damage_taken":0.0},{"cards_removed":["Defend_G"],"damage_healed":0.0,"max_hp_gain":0.0,"max_hp_loss":0.0,"gold_gain":0.0,"event_name":"Falling","player_choice":"Removed Skill","floor":41.0,"gold_loss":0.0,"damage_taken":0.0}],"is_beta":false,"boss_relics":[{"not_picked":["WristBlade","Snecko Eye"],"picked":"Runic Pyramid"},{"not_picked":["Fusion Hammer","SlaversCollar"],"picked":"Coffee Dripper"}],"items_purged_floors":[38,45],"is_endless":false,"potions_floor_spawned":[1,7,10,13,14,21,24,25,28,35,48],"ascension_level":14}}