{"host":"873t0y8ybyo38pfq","time":1608841677,"event":{"mods":["BaseMod","Colored Map","Highlight Path","Minty Spire (QoL Compilation)","Rare Cards Sparkle","StSLib"],"gold_per_floor":[114,114,131,146,163,163,174,200,223,223,148,19,0,33,33,33,33],"floor_reached":16,"playtime":372,"items_purged":["Strike_G"],"score":220,"play_id":"246711de-fd43-4c24-bccc-b12ba15345fe","local_time":"20201224152757","is_ascension_mode":true,"campfire_choices":[{"data":"Crippling Poison","floor":6,"key":"SMITH"},{"data":"Dagger Spray","floor":10,"key":"SMITH"},{"floor":15,"key":"REST"}],"circlet_count":0,"master_deck":["AscendersBane","Strike_G","Strike_G","Defend_G","Defend_G+1","Defend_G+1","Defend_G","Defend_G","Survivor","Neutralize","Blur","Dagger Throw","Cloak And Dagger","Dagger Spray+1","Crippling Poison+1","Bullet Time","Bouncing Flask"],"relics":["Ring of the Snake","NeowsBlessing","War Paint","Smiling Mask","Juzu Bracelet"],"acts_visited":["Exordium"],"potions_floor_usage":[7,8,8],"damage_taken":[{"damage":0,"enemies":"Jaw Worm","floor":1,"turns":1},{"damage":0,"enemies":"Cultist","floor":3,"turns":1},{"damage":0,"enemies":"2 Louse","floor":4,"turns":1},{"damage":3,"enemies":"Blue Slaver","floor":5,"turns":6},{"damage":1,"enemies":"Gremlin Gang","floor":7,"turns":5},{"damage":12,"enemies":"Lagavulin","floor":8,"turns":5},{"damage":32,"enemies":"3 Sentries","floor":14,"turns":10},{"damage":32,"enemies":"Hexaghost","floor":16,"turns":9}],"seed_played":"312770408953416586","potions_obtained":[{"floor":1,"key":"Energy Potion"},{"floor":5,"key":"Strength Potion"},{"floor":7,"key":"BlessingOfTheForge"}],"is_trial":false,"path_per_floor":["M","?","M","M","M","R","M","E","T","R","?","$","?","E","R","B"],"character_chosen":"THE_SILENT","items_purchased":["Bouncing Flask"],"campfire_rested":1,"item_purchase_floors":[12],"current_hp_per_floor":[59,59,59,59,56,56,55,43,43,43,43,43,43,11,30,0,0],"gold":33,"neow_bonus":"THREE_ENEMY_KILL","is_daily":false,"chose_seed":false,"campfire_upgraded":2,"win_rate":0.0,"timestamp":1608841677,"path_taken":["M","?","M","M","M","R","?","E","T","R","?","$","?","E","R","BOSS"],"items_purchased_type":["Card"],"build_version":"2020-12-22","purchased_purges":1,"victory":false,"max_hp_per_floor":[66,66,66,66,66,66,66,66,66,66,66,66,66,66,66,66,66],"card_choices":[{"not_picked":["Bane","PiercingWail"],"picked":"Blur","floor":1},{"not_picked":["PiercingWail","Bane"],"picked":"Cloak And Dagger","floor":3},{"not_picked":["Acrobatics","Outmaneuver"],"picked":"Dagger Spray","floor":4},{"not_picked":["Burst","Reflex"],"picked":"Crippling Poison","floor":5},{"not_picked":["Finisher","Poisoned Stab","Flying Knee"],"picked":"SKIP","floor":7},{"not_picked":["Poisoned Stab","PiercingWail"],"picked":"Bullet Time","floor":8},{"not_picked":["Outmaneuver","Infinite Blades","Finisher"],"picked":"SKIP","floor":14}],"player_experience":1352778,"relics_obtained":[{"floor":8,"key":"War Paint"},{"floor":9,"key":"Smiling Mask"},{"floor":14,"key":"Juzu Bracelet"}],"event_choices":[{"damage_healed":0,"gold_gain":0,"cards_transformed":["Strike_G"],"player_choice":"Transformed","damage_taken":0,"max_hp_gain":0,"max_hp_loss":0,"event_name":"Transmorgrifier","floor":2,"gold_loss":0,"cards_obtained":["Dagger Throw"]},{"cards_removed":["Strike_G"],"damage_healed":0,"gold_gain":0,"player_choice":"Card Removal","damage_taken":0,"max_hp_gain":0,"max_hp_loss":0,"event_name":"The Cleric","floor":11,"gold_loss":75},{"damage_healed":0,"gold_gain":0,"player_choice":"Left Gold","damage_taken":0,"max_hp_gain":0,"max_hp_loss":0,"event_name":"World of Goop","floor":13,"gold_loss":19}],"is_beta":false,"boss_relics":[],"items_purged_floors":[12],"is_endless":false,"potions_floor_spawned":[1,5,7],"killed_by":"Hexaghost","ascension_level":20}}