{"host":"hm3ikmf8oxbtqms2","time":1608840625,"event":{"mods":["BaseMod","Best Route Mod","Bestiary","Better Vampires","Block Reminder","Colored Map","Colored Powertips","Curses Come First","DeckTracker","Displayed Cursed Tome","Highlight Path","Minty Spire (QoL Compilation)","Quick Restart","StSLib"],"gold_per_floor":[118,118,133,133,133,133,133,4,4,36,51,70,70,98,98,196,196,213,196,196,13,13,13,44,44,68,93,110,110,145,145,145,250,250,263,263,263,263,273,273,293,328,354,371,30,57,57,87,87,87],"floor_reached":51,"playtime":4301,"items_purged":["Strike_R+1"],"score":899,"play_id":"46050daf-d1b6-41fb-9987-04b3d906aa73","local_time":"20201224151025","is_ascension_mode":true,"campfire_choices":[{"data":"Whirlwind","floor":6.0,"key":"SMITH"},{"data":"Blind","floor":13.0,"key":"SMITH"},{"data":"Shockwave","floor":15.0,"key":"SMITH"},{"data":"Rage","floor":23.0,"key":"SMITH"},{"data":"Wild Strike","floor":25.0,"key":"SMITH"},{"floor":32.0,"key":"REST"},{"data":"Shrug It Off","floor":40.0,"key":"SMITH"},{"data":"Evolve","floor":49.0,"key":"SMITH"}],"circlet_count":0,"master_deck":["Strike_R+1","Strike_R+1","Strike_R+1","Defend_R+1","Defend_R+1","Defend_R+1","Defend_R+1","Shockwave+1","Shrug It Off+1","Whirlwind+1","Blind+1","Bloodletting","Thunderclap","Rage+1","Wild Strike+1","Juggernaut+1","Evolve+1","Inflame","Twin Strike","Pummel+1","Intimidate+1","True Grit+1","Reaper","CurseOfTheBell","Fire Breathing","Sadistic Nature","Burning Pact+1","Armaments","Reaper+1","Writhe"],"relics":["Burning Blood","Orichalcum","Singing Bowl","Letter Opener","Magic Flower","Red Skull","Mark of Pain","Gambling Chip","Boot","Bottled Tornado","Juzu Bracelet","Calling Bell","Smiling Mask","Molten Egg 2","Dead Branch","Anchor","Bag of Marbles","Shuriken","Strawberry","Nunchaku"],"acts_visited":["Exordium","TheCity","TheBeyond"],"potions_floor_usage":[],"damage_taken":[{"damage":7.0,"enemies":"Jaw Worm","floor":1.0,"turns":3.0},{"damage":0.0,"enemies":"Cultist","floor":3.0,"turns":3.0},{"damage":3.0,"enemies":"Gremlin Nob","floor":10.0,"turns":2.0},{"damage":0.0,"enemies":"2 Louse","floor":11.0,"turns":2.0},{"damage":3.0,"enemies":"Blue Slaver","floor":12.0,"turns":4.0},{"damage":6.0,"enemies":"3 Sentries","floor":14.0,"turns":4.0},{"damage":42.0,"enemies":"The Guardian","floor":16.0,"turns":11.0},{"damage":14.0,"enemies":"Shell Parasite","floor":18.0,"turns":6.0},{"damage":27.0,"enemies":"2 Thieves","floor":19.0,"turns":4.0},{"damage":18.0,"enemies":"Gremlin Leader","floor":24.0,"turns":6.0},{"damage":25.0,"enemies":"Book of Stabbing","floor":27.0,"turns":5.0},{"damage":24.0,"enemies":"Snake Plant","floor":28.0,"turns":4.0},{"damage":16.0,"enemies":"Gremlin Leader","floor":30.0,"turns":6.0},{"damage":2.0,"enemies":"Champ","floor":33.0,"turns":8.0},{"damage":14.0,"enemies":"Orb Walker","floor":35.0,"turns":4.0},{"damage":24.0,"enemies":"3 Shapes","floor":39.0,"turns":4.0},{"damage":29.0,"enemies":"Sphere and 2 Shapes","floor":41.0,"turns":4.0},{"damage":67.0,"enemies":"Giant Head","floor":42.0,"turns":8.0},{"damage":30.0,"enemies":"Writhing Mass","floor":44.0,"turns":5.0},{"damage":20.0,"enemies":"Reptomancer","floor":46.0,"turns":7.0},{"damage":39.0,"enemies":"Giant Head","floor":48.0,"turns":9.0},{"damage":73,"enemies":"Donu and Deca","floor":50,"turns":9}],"seed_played":"1844670614411518269","potions_obtained":[{"floor":1.0,"key":"DistilledChaos"},{"floor":2.0,"key":"Fire Potion"},{"floor":2.0,"key":"PowerPotion"},{"floor":10.0,"key":"Swift Potion"},{"floor":11.0,"key":"ElixirPotion"},{"floor":14.0,"key":"SteroidPotion"},{"floor":27.0,"key":"Swift Potion"},{"floor":28.0,"key":"PowerPotion"},{"floor":33.0,"key":"HeartOfIron"},{"floor":42.0,"key":"AttackPotion"},{"floor":44.0,"key":"Weak Potion"},{"floor":46.0,"key":"Ancient Potion"}],"is_trial":false,"path_per_floor":["M","?","M","?","?","R","T","$","T","E","M","M","R","E","R","B",null,"M","M","?","$","?","R","E","R","T","E","M","?","E","?","R","B",null,"M","?","?","?","M","R","M","E","T","M","$","E","?","E","R","B",null],"character_chosen":"IRONCLAD","items_purchased":["Blind","Bloodletting","Inflame","Twin Strike","Strength Potion","Shuriken","BloodPotion"],"campfire_rested":1,"item_purchase_floors":[8,8,21,21,21,45,45],"current_hp_per_floor":[79,79,80,80,80,80,80,80,80,80,80,82,82,82,82,49,82,77,61,61,61,61,61,52,52,52,38,23,23,16,16,41,48,86,81,81,81,81,86,86,68,33,33,29,29,70,94,72,72,23],"gold":87,"neow_bonus":"RANDOM_COMMON_RELIC","is_daily":false,"chose_seed":false,"campfire_upgraded":7,"win_rate":0.0,"timestamp":1608840625,"path_taken":["M","?","?","?","?","R","?","?","T","E","M","M","R","E","R","BOSS","M","M","?","$","?","R","E","R","T","E","?","?","E","?","R","BOSS","M","?","?","?","M","R","M","E","T","M","$","E","?","E","R","BOSS"],"items_purchased_type":["Card","Card","Card","Card","Potion","Relic","Potion"],"build_version":"2020-12-22","purchased_purges":1,"victory":true,"max_hp_per_floor":[80,80,80,80,80,80,80,80,80,80,80,82,82,82,82,82,82,82,84,84,84,84,84,84,84,84,86,86,86,86,86,86,86,86,86,86,86,86,86,86,88,90,90,90,90,97,97,99,99,99],"card_choices":[{"not_picked":["Combust","Evolve"],"picked":"Shockwave","floor":1.0},{"not_picked":["Seeing Red","Dark Embrace"],"picked":"Shrug It Off","floor":3.0},{"not_picked":["Clothesline","Seeing Red"],"picked":"Thunderclap","floor":10.0},{"not_picked":["Headbutt","Flex"],"picked":"Rage","floor":11.0},{"not_picked":["Heavy Blade","Thunderclap","Sentinel"],"picked":"Singing Bowl","floor":12.0},{"not_picked":["Havoc","Thunderclap"],"picked":"Wild Strike","floor":14.0},{"not_picked":["Corruption","Bludgeon"],"picked":"Juggernaut","floor":16.0},{"not_picked":["Iron Wave","Blood for Blood"],"picked":"Evolve","floor":18.0},{"not_picked":["Sword Boomerang","Shockwave","Clash"],"picked":"Singing Bowl","floor":19.0},{"not_picked":["Dropkick+1","Cleave"],"picked":"Pummel+1","floor":24.0},{"not_picked":["Cleave","Fiend Fire","Twin Strike+1"],"picked":"Singing Bowl","floor":27.0},{"not_picked":["Searing Blow","Cleave+1"],"picked":"Intimidate+1","floor":28.0},{"not_picked":["Body Slam","Wild Strike"],"picked":"True Grit+1","floor":30.0},{"not_picked":["Bludgeon","Berserk"],"picked":"Reaper","floor":33.0},{"not_picked":["Headbutt+1","Twin Strike+1"],"picked":"Fire Breathing","floor":35.0},{"not_picked":["Jack Of All Trades","Dark Shackles"],"picked":"Sadistic Nature","floor":37.0},{"not_picked":["Cleave+1","Twin Strike+1"],"picked":"Burning Pact+1","floor":39.0},{"not_picked":["Headbutt+1","Sword Boomerang+1","True Grit+1"],"picked":"Singing Bowl","floor":41.0},{"not_picked":["Corruption","Wild Strike+1","Hemokinesis+1"],"picked":"Singing Bowl","floor":42.0},{"not_picked":["Havoc+1","Wild Strike+1"],"picked":"Armaments","floor":44.0},{"not_picked":["Combust+1","Rupture"],"picked":"Reaper+1","floor":46.0},{"not_picked":["Inflame","Battle Trance","Shrug It Off"],"picked":"Singing Bowl","floor":48.0}],"player_experience":228414,"relics_obtained":[{"floor":7.0,"key":"Singing Bowl"},{"floor":9.0,"key":"Letter Opener"},{"floor":10.0,"key":"Magic Flower"},{"floor":14.0,"key":"Red Skull"},{"floor":24.0,"key":"Gambling Chip"},{"floor":26.0,"key":"Boot"},{"floor":27.0,"key":"Bottled Tornado"},{"floor":30.0,"key":"Juzu Bracelet"},{"floor":34.0,"key":"Smiling Mask"},{"floor":34.0,"key":"Molten Egg 2"},{"floor":34.0,"key":"Dead Branch"},{"floor":42.0,"key":"Anchor"},{"floor":43.0,"key":"Bag of Marbles"},{"floor":46.0,"key":"Strawberry"},{"floor":48.0,"key":"Nunchaku"}],"event_choices":[{"damage_healed":0.0,"max_hp_gain":0.0,"max_hp_loss":0.0,"gold_gain":0.0,"event_name":"Lab","player_choice":"Got Potions","floor":2.0,"gold_loss":0.0,"damage_taken":0.0},{"damage_healed":0.0,"max_hp_gain":0.0,"max_hp_loss":0.0,"gold_gain":0.0,"event_name":"Liars Game","player_choice":"Ignored","floor":4.0,"gold_loss":0.0,"damage_taken":0.0},{"damage_healed":0.0,"max_hp_gain":0.0,"max_hp_loss":0.0,"gold_gain":0.0,"cards_transformed":["Bash"],"event_name":"Living Wall","player_choice":"Change","floor":5.0,"gold_loss":0.0,"damage_taken":0.0,"cards_obtained":["Whirlwind"]},{"damage_healed":0.0,"max_hp_gain":0.0,"max_hp_loss":0.0,"gold_gain":0.0,"event_name":"Back to Basics","player_choice":"Simplicity","floor":20.0,"gold_loss":0.0,"damage_taken":0.0,"cards_upgraded":["Strike_R","Strike_R","Strike_R","Strike_R","Strike_R","Defend_R","Defend_R","Defend_R","Defend_R"]},{"damage_healed":0.0,"max_hp_gain":0.0,"max_hp_loss":0.0,"gold_gain":0.0,"event_name":"Accursed Blacksmith","player_choice":"Forge","floor":22.0,"gold_loss":0.0,"damage_taken":0.0,"cards_upgraded":["Juggernaut"]},{"damage_healed":0.0,"max_hp_gain":0.0,"max_hp_loss":0.0,"gold_gain":0.0,"event_name":"Vampires","player_choice":"Ignored","floor":29.0,"gold_loss":0.0,"damage_taken":0.0},{"damage_healed":0.0,"max_hp_gain":0.0,"max_hp_loss":0.0,"gold_gain":0.0,"event_name":"Ghosts","player_choice":"Ignored","floor":31.0,"gold_loss":0.0,"damage_taken":0.0},{"cards_removed":["Strike_R"],"damage_healed":0.0,"max_hp_gain":0.0,"max_hp_loss":0.0,"gold_gain":0.0,"event_name":"Falling","player_choice":"Removed Attack","floor":36.0,"gold_loss":0.0,"damage_taken":0.0},{"damage_healed":0.0,"max_hp_gain":0.0,"max_hp_loss":0.0,"gold_gain":0.0,"event_name":"SensoryStone","player_choice":"Memory 1","floor":37.0,"gold_loss":0.0,"damage_taken":0.0},{"damage_healed":0.0,"max_hp_gain":0.0,"max_hp_loss":0.0,"gold_gain":0.0,"event_name":"Tomb of Lord Red Mask","player_choice":"Ignored","floor":38.0,"gold_loss":0.0,"damage_taken":0.0},{"damage_healed":24.0,"max_hp_gain":0.0,"max_hp_loss":0.0,"gold_gain":0.0,"event_name":"Winding Halls","player_choice":"Writhe","floor":47.0,"gold_loss":0.0,"damage_taken":0.0,"cards_obtained":["Writhe"]}],"is_beta":false,"boss_relics":[{"not_picked":["Coffee Dripper","SlaversCollar"],"picked":"Mark of Pain"},{"not_picked":["Runic Pyramid","Runic Cube"],"picked":"Calling Bell"}],"items_purged_floors":[45],"is_endless":false,"potions_floor_spawned":[1,10,11,14,27,28,33,42,44,46],"ascension_level":2}}