{"host":"e4wnmsyty9uvvtwf","time":1608818358,"event":{"mods":["Aspiration","BaseMod","Colored Map","Colored Powertips","Marisa£®ÏF”Í°°ƒß¿Ì…≥£©","Minty Spire (QoL Compilation)","Rare Cards Sparkle","Replay The Spire","StSLib"],"gold_per_floor":[113,113,130,149,149,184,184,197,197,214,227,227,227,227,227,304,304,318,337,387,387,387],"floor_reached":21,"playtime":579,"items_purged":[],"score":462,"play_id":"0afa1e12-39bd-400e-b38f-2962190a67c1","local_time":"20201224215918","is_ascension_mode":true,"campfire_choices":[{"floor":7,"key":"REST"},{"floor":13,"key":"REST"},{"data":"MysteriousBeam","floor":15,"key":"SMITH"}],"circlet_count":0,"master_deck":["AscendersBane","Strike_MRS","Strike_MRS","Strike_MRS","Strike_MRS","Defend_MRS","Defend_MRS","Defend_MRS","Defend_MRS","MasterSpark","UpSweep","ShootingEcho","PowerUp","MysteriousBeam+1","Pain","AsteroidBelt","PropBag+1","ChargeUpSpray","EarthLightRay","FinalSpark","Singularity","DeepEcoloBomb"],"relics":["MiniHakkero","Incense Burner","WarpedTongs","Letter Opener","Art of War","Mercury Hourglass","RampagingMagicTools"],"acts_visited":["Exordium","TheCity"],"potions_floor_usage":[16,19],"damage_taken":[{"damage":0,"enemies":"Cultist","floor":1,"turns":4},{"damage":12,"enemies":"Jaw Worm","floor":3,"turns":3},{"damage":13,"enemies":"Small Slimes","floor":4,"turns":3},{"damage":28,"enemies":"3 Sentries","floor":6,"turns":7},{"damage":5,"enemies":"Exordium Thugs","floor":8,"turns":3},{"damage":18,"enemies":"Lots of Slimes","floor":10,"turns":5},{"damage":8,"enemies":"Red Slaver","floor":11,"turns":4},{"damage":3,"enemies":"Slime Boss","floor":16,"turns":6},{"damage":29,"enemies":"Shell Parasite","floor":18,"turns":5},{"damage":21,"enemies":"2 Thieves","floor":19,"turns":5},{"damage":0,"enemies":"Shelled Parasite and Fungi","floor":21,"turns":1}],"seed_played":"-6368834151199298754","potions_obtained":[{"floor":6,"key":"SkillPotion"},{"floor":8,"key":"GamblersBrew"},{"floor":10,"key":"ColorlessPotion"}],"is_trial":false,"path_per_floor":["M","T","M","M","?","E","R","M","T","M","M","?","R","?","R","B",null,"M","M","?","M"],"character_chosen":"MARISA","items_purchased":[],"campfire_rested":2,"item_purchase_floors":[],"current_hp_per_floor":[70,70,58,45,45,17,40,35,35,29,21,21,44,44,44,45,69,46,29,29,29,29],"gold":387,"neow_bonus":"TEN_PERCENT_HP_BONUS","is_daily":false,"chose_seed":false,"campfire_upgraded":1,"win_rate":0.0,"timestamp":1608818358,"path_taken":["M","?","?","M","?","E","R","M","T","M","?","?","R","?","R","BOSS","M","M","?","M"],"items_purchased_type":[],"build_version":"2020-12-22","purchased_purges":0,"victory":false,"max_hp_per_floor":[77,77,77,77,77,77,77,77,77,77,77,77,77,77,77,77,77,77,77,77,77,77],"card_choices":[{"not_picked":["GrandCross","GravityBeat"],"picked":"ShootingEcho","floor":1},{"not_picked":["GalacticHalo","EnergyRecoil"],"picked":"PowerUp","floor":3},{"not_picked":["DoubleSpark","AsteroidBelt"],"picked":"MysteriousBeam","floor":4},{"not_picked":["GravityBeat","OpenUniverse"],"picked":"AsteroidBelt","floor":6},{"not_picked":["PulseMagic","IllusionStar"],"picked":"PropBag","floor":8},{"not_picked":["UnstableBomb","NonDirectionalLaser"],"picked":"ChargeUpSpray","floor":10},{"not_picked":["ChargingUp","NonDirectionalLaser"],"picked":"EarthLightRay","floor":11},{"not_picked":["MaximisePower","SatelliteIllusion"],"picked":"FinalSpark","floor":16},{"not_picked":["EnergyFlow","SporeBomb"],"picked":"Singularity","floor":18},{"not_picked":["GalacticHalo","GravityBeat"],"picked":"DeepEcoloBomb","floor":19}],"player_experience":643590,"relics_obtained":[{"floor":2,"key":"Incense Burner"},{"floor":6,"key":"Letter Opener"},{"floor":9,"key":"Art of War"}],"event_choices":[{"damage_healed":0,"gold_gain":0,"player_choice":"Rummage","damage_taken":0,"relics_obtained":["WarpedTongs"],"max_hp_gain":0,"max_hp_loss":0,"event_name":"Accursed Blacksmith","floor":5,"gold_loss":0,"cards_obtained":["Pain"]},{"damage_healed":0,"gold_gain":0,"player_choice":"Searched \u00272\u0027 times","damage_taken":0,"relics_obtained":["Mercury Hourglass"],"max_hp_gain":0,"max_hp_loss":0,"event_name":"Dead Adventurer","floor":12,"gold_loss":0},{"damage_healed":0,"gold_gain":0,"player_choice":"Upgraded","damage_taken":0,"max_hp_gain":0,"max_hp_loss":0,"event_name":"Upgrade Shrine","floor":14,"gold_loss":0,"cards_upgraded":["PropBag"]},{"damage_healed":0,"gold_gain":50,"player_choice":"Pray","damage_taken":0,"max_hp_gain":0,"max_hp_loss":0,"event_name":"Golden Shrine","floor":20,"gold_loss":0}],"is_beta":false,"boss_relics":[{"not_picked":["Philosopher\u0027s Stone","Kintsugi"],"picked":"RampagingMagicTools"}],"items_purged_floors":[],"is_endless":false,"potions_floor_spawned":[6,8,10],"killed_by":"Shelled Parasite and Fungi","ascension_level":20}}