{"host":"anox4050deqdcqoh","time":1608834254,"event":{"mods":["BaseMod","Colored Map","Minty Spire (QoL Compilation)","Quick Restart"],"gold_per_floor":[363,377,394,411,209,209,242,242,242,254,272,272,284,91,91,191,191,202,202,220,239,338,338,371,371,371],"floor_reached":25,"playtime":1683,"items_purged":[],"score":275,"play_id":"11eb3a69-9b54-44bb-b034-bae375a733a4","local_time":"20201224132414","is_ascension_mode":false,"campfire_choices":[{"floor":6,"key":"REST"},{"floor":8,"key":"REST"},{"floor":12,"key":"REST"},{"floor":15,"key":"REST"},{"floor":23,"key":"REST"}],"circlet_count":0,"master_deck":["Strike_P","Strike_P","Strike_P","Strike_P","Defend_P","Defend_P","Defend_P","Defend_P","Eruption","Vigilance","ReachHeaven","EmptyBody","FollowUp","Adaptation","Protect","CrushJoints","DevaForm","CutThroughFate","WaveOfTheHand","SignatureMove","Establishment","BowlingBash","Necronomicurse","Swivel","WindmillStrike+1","DeceiveReality"],"relics":["PureWater","Strange Spoon","Incense Burner","Membership Card","Philosopher\u0027s Stone","Necronomicon","Eternal Feather"],"acts_visited":["Exordium","TheCity"],"potions_floor_usage":[24,24,25],"damage_taken":[{"damage":0,"enemies":"Small Slimes","floor":1,"turns":2},{"damage":1,"enemies":"Jaw Worm","floor":2,"turns":2},{"damage":2,"enemies":"2 Louse","floor":3,"turns":2},{"damage":7,"enemies":"Blue Slaver","floor":4,"turns":2},{"damage":36,"enemies":"3 Sentries","floor":7,"turns":9},{"damage":9,"enemies":"2 Fungi Beasts","floor":10,"turns":4},{"damage":11,"enemies":"3 Louse","floor":11,"turns":4},{"damage":7,"enemies":"Looter","floor":13,"turns":3},{"damage":0,"enemies":"Slime Boss","floor":16,"turns":3},{"damage":2,"enemies":"Chosen","floor":18,"turns":7},{"damage":20,"enemies":"2 Thieves","floor":20,"turns":4},{"damage":17,"enemies":"Snecko","floor":21,"turns":6},{"damage":35,"enemies":"Slavers","floor":24,"turns":7},{"damage":10,"enemies":"Sentry and Sphere","floor":25,"turns":3}],"seed_played":"-2121504511140688210","potions_obtained":[{"floor":2,"key":"BlessingOfTheForge"},{"floor":3,"key":"Ancient Potion"},{"floor":7,"key":"Block Potion"},{"floor":10,"key":"SkillPotion"},{"floor":11,"key":"Strength Potion"}],"is_trial":false,"path_per_floor":["M","M","M","M","$","R","E","R","T","M","M","R","M","$","R","B",null,"M","?","M","M","?","R","E","M"],"character_chosen":"WATCHER","items_purchased":["Protect","Strange Spoon","Membership Card","SignatureMove"],"campfire_rested":5,"item_purchase_floors":[5,5,14,14],"current_hp_per_floor":[51,50,48,41,41,62,26,47,47,38,27,48,41,41,62,62,72,70,54,34,17,17,38,3,0,0],"gold":371,"neow_bonus":"TWO_FIFTY_GOLD","is_daily":false,"chose_seed":false,"campfire_upgraded":0,"win_rate":0.0,"timestamp":1608834254,"path_taken":["M","M","M","M","$","R","E","R","T","M","M","R","M","$","R","BOSS","M","?","M","M","?","R","E","M"],"items_purchased_type":["Card","Relic","Relic","Card"],"build_version":"2020-12-22","purchased_purges":0,"victory":false,"max_hp_per_floor":[72,72,72,72,72,72,72,72,72,72,72,72,72,72,72,72,72,72,72,72,72,72,72,72,72,72],"card_choices":[{"not_picked":["EmptyBody","CrushJoints"],"picked":"ReachHeaven","floor":1},{"not_picked":["LikeWater","FlyingSleeves"],"picked":"EmptyBody","floor":2},{"not_picked":["ThirdEye","Study"],"picked":"FollowUp","floor":3},{"not_picked":["BattleHymn","Evaluate"],"picked":"Adaptation","floor":4},{"not_picked":["EmptyMind","ClearTheMind"],"picked":"CrushJoints","floor":7},{"not_picked":["Crescendo","SashWhip"],"picked":"DevaForm","floor":10},{"not_picked":["Worship","EmptyBody"],"picked":"CutThroughFate","floor":11},{"not_picked":["FlyingSleeves","SashWhip"],"picked":"WaveOfTheHand","floor":13},{"not_picked":["LessonLearned","Ragnarok"],"picked":"Establishment","floor":16},{"not_picked":["EmptyMind","EmptyBody+1"],"picked":"BowlingBash","floor":18},{"not_picked":["Crescendo","FollowUp"],"picked":"Swivel","floor":20},{"not_picked":["ThirdEye","EmptyBody"],"picked":"WindmillStrike+1","floor":21},{"not_picked":["Tantrum","Halt"],"picked":"DeceiveReality","floor":24}],"player_experience":173838,"relics_obtained":[{"floor":7,"key":"Incense Burner"},{"floor":19,"key":"Necronomicon"},{"floor":24,"key":"Eternal Feather"}],"event_choices":[{"damage_healed":0,"gold_gain":0,"player_choice":"Obtained Book","damage_taken":16,"max_hp_gain":0,"max_hp_loss":0,"event_name":"Cursed Tome","floor":19,"gold_loss":0},{"damage_healed":0,"gold_gain":99,"player_choice":"Stole From Cult","damage_taken":0,"max_hp_gain":0,"max_hp_loss":0,"event_name":"Nest","floor":22,"gold_loss":0}],"is_beta":false,"boss_relics":[{"not_picked":["SacredBark","Tiny House"],"picked":"Philosopher\u0027s Stone"}],"items_purged_floors":[],"is_endless":false,"potions_floor_spawned":[2,3,7,10,11,16,21],"killed_by":"Sentry and Sphere","ascension_level":0}}