{"host":"2qv44oxt58ptq59r","time":1608840210,"event":{"mods":["AchievementEnabler","BaseMod","Colored Powertips","Highlight Path","Minty Spire (QoL Compilation)","Permanent Neow","StSLib"],"gold_per_floor":[113,188,188,31,51,86,86,86,137,148,0,19,86,86,86,191,191,201,217,217,217,234,234,234,265,288,306,322,14,27,27,27,122,122,139,159,381,400,450,450,95,127,127,127,161,176,176,195,195,195],"floor_reached":51,"playtime":17902,"items_purged":["Strike_R"],"score":780,"play_id":"114451ad-71b2-453b-8961-b4dab790179c","local_time":"20201224200330","is_ascension_mode":false,"campfire_choices":[{"floor":8.0,"key":"REST"},{"data":"Metallicize","floor":15.0,"key":"SMITH"},{"data":"Metallicize","floor":23.0,"key":"SMITH"},{"data":"Inflame","floor":32.0,"key":"SMITH"},{"data":"RitualDagger","floor":40,"key":"SMITH"},{"data":"Limit Break","floor":44,"key":"SMITH"},{"data":"Armaments","floor":47,"key":"SMITH"},{"data":"Searing Blow+1","floor":49,"key":"SMITH"}],"circlet_count":0,"master_deck":["Defend_R","Defend_R","Defend_R","Defend_R","Bash","Shockwave","Feed","Inflame+1","Sword Boomerang","Metallicize+1","Metallicize+1","Cleave","Limit Break+1","Shrug It Off","Heavy Blade","Intimidate","Feed","RitualDagger+1","Disarm","Rage+1","Armaments+1","Body Slam","Panacea","Impervious","Heavy Blade","Dual Wield+1","Shrug It Off+1","Flex+1","Sword Boomerang","Flex","Impervious","Clothesline+1","Disarm+1","Searing Blow+2"],"relics":["Burning Blood","Oddly Smooth Stone","Mummified Hand","DollysMirror","CultistMask","Empty Cage","Orichalcum","Red Mask","Pen Nib","Strange Spoon","Runic Pyramid","Mango","Membership Card","Akabeko","Ancient Tea Set","Blood Vial","StoneCalendar","Bird Faced Urn"],"acts_visited":["Exordium","TheCity","TheBeyond"],"potions_floor_usage":[38,42,42,42,48,50],"damage_taken":[{"damage":5.0,"enemies":"2 Louse","floor":1.0,"turns":3.0},{"damage":0.0,"enemies":"Small Slimes","floor":5.0,"turns":2.0},{"damage":49.0,"enemies":"Lagavulin","floor":6.0,"turns":9.0},{"damage":2.0,"enemies":"Jaw Worm","floor":10.0,"turns":4.0},{"damage":4.0,"enemies":"Looter","floor":12.0,"turns":2.0},{"damage":40.0,"enemies":"Slime Boss","floor":16.0,"turns":11.0},{"damage":1.0,"enemies":"Shell Parasite","floor":18.0,"turns":7.0},{"damage":6.0,"enemies":"Chosen","floor":19.0,"turns":7.0},{"damage":18.0,"enemies":"Snake Plant","floor":22.0,"turns":5.0},{"damage":0.0,"enemies":"Masked Bandits","floor":25.0,"turns":4.0},{"damage":20.0,"enemies":"Sentry and Sphere","floor":27.0,"turns":7.0},{"damage":7.0,"enemies":"Centurion and Healer","floor":28.0,"turns":7.0},{"damage":0.0,"enemies":"Snake Plant","floor":30.0,"turns":5.0},{"damage":49.0,"enemies":"Champ","floor":33.0,"turns":16.0},{"damage":14.0,"enemies":"3 Darklings","floor":35.0,"turns":8.0},{"damage":20,"enemies":"3 Shapes","floor":36,"turns":4},{"damage":15,"enemies":"Sphere and 2 Shapes","floor":38,"turns":6},{"damage":0,"enemies":"Mind Bloom Boss Battle","floor":39,"turns":9},{"damage":15,"enemies":"Giant Head","floor":42,"turns":10},{"damage":12,"enemies":"Reptomancer","floor":45,"turns":5},{"damage":4,"enemies":"3 Darklings","floor":46,"turns":7},{"damage":8,"enemies":"Writhing Mass","floor":48,"turns":5},{"damage":24,"enemies":"Awakened One","floor":50,"turns":16}],"seed_played":"-366459299336403016","potions_obtained":[{"floor":6.0,"key":"PowerPotion"},{"floor":10.0,"key":"DuplicationPotion"},{"floor":18.0,"key":"LiquidBronze"},{"floor":22.0,"key":"SpeedPotion"},{"floor":33.0,"key":"Ancient Potion"},{"floor":35.0,"key":"Weak Potion"},{"floor":38,"key":"Regen Potion"},{"floor":46,"key":"SkillPotion"},{"floor":48,"key":"Weak Potion"}],"is_trial":false,"path_per_floor":["M","?","?","$","M","E","?","R","T","M","$","M","?","?","R","B",null,"M","M","?","?","M","R","?","?","T","M","M","$","M","$","R","B",null,"M","M","?","M","?","R","$","E","T","R","E","M","R","M","R","B",null],"character_chosen":"IRONCLAD","items_purchased":["Feed","DollysMirror","Strange Spoon","Panacea","Membership Card","Akabeko","Ancient Tea Set","Energy Potion","Sword Boomerang","Flex"],"campfire_rested":1,"item_purchase_floors":[4,11,29,29,41,41,41,41,41,41],"current_hp_per_floor":[80,69,74,74,83,40,40,66,66,73,73,78,78,78,78,47,97,97,97,97,91,82,82,82,94,94,83,88,88,94,94,94,51,115,110,99,99,96,129,129,129,138,138,138,137,147,147,152,152,142],"gold":195,"neow_bonus":"RANDOM_COMMON_RELIC","is_daily":false,"chose_seed":false,"campfire_upgraded":7,"win_rate":0.0,"timestamp":1608840210,"path_taken":["M","?","?","$","M","E","?","R","T","?","$","M","?","?","R","BOSS","M","?","?","?","M","R","?","?","T","?","M","$","M","?","R","BOSS","M","M","?","M","?","R","$","E","T","R","E","?","R","M","R","BOSS"],"items_purchased_type":["Card","Relic","Relic","Card","Relic","Relic","Relic","Potion","Card","Card"],"build_version":"2020-12-22","purchased_purges":1,"victory":true,"max_hp_per_floor":[80,80,85,85,88,88,88,88,88,91,91,94,94,94,94,97,97,97,97,97,97,100,100,100,106,106,109,115,115,115,115,115,115,115,118,121,121,127,154,154,154,157,157,157,160,160,160,163,163,163],"card_choices":[{"not_picked":["Twin Strike","Wild Strike"],"picked":"Shockwave","floor":1.0},{"not_picked":["Havoc","Warcry"],"picked":"Inflame","floor":5.0},{"not_picked":["Pummel","Wild Strike"],"picked":"Sword Boomerang","floor":6.0},{"not_picked":["Shockwave","Pommel Strike"],"picked":"Metallicize","floor":10.0},{"not_picked":["Flex","Anger"],"picked":"Cleave","floor":12.0},{"not_picked":["Fiend Fire","Brutality"],"picked":"Limit Break","floor":16.0},{"not_picked":["Pommel Strike","Headbutt"],"picked":"Shrug It Off","floor":18.0},{"not_picked":["Havoc","Headbutt"],"picked":"Heavy Blade","floor":19.0},{"not_picked":["Clothesline","Sword Boomerang"],"picked":"Disarm","floor":22.0},{"not_picked":["Body Slam","Havoc"],"picked":"Rage+1","floor":25.0},{"not_picked":["Reckless Charge","Berserk"],"picked":"Armaments","floor":27.0},{"not_picked":["Wild Strike+1","Heavy Blade+1"],"picked":"Body Slam","floor":28.0},{"not_picked":["Iron Wave","Shrug It Off","Hemokinesis"],"picked":"SKIP","floor":30.0},{"not_picked":["Double Tap","Bludgeon"],"picked":"Impervious","floor":33.0},{"not_picked":["Anger","Warcry"],"picked":"Heavy Blade","floor":35.0},{"not_picked":["Clothesline+1","Power Through+1"],"picked":"Dual Wield+1","floor":36},{"not_picked":["Power Through+1","Iron Wave"],"picked":"Shrug It Off+1","floor":38},{"not_picked":["Iron Wave","Warcry+1"],"picked":"Flex+1","floor":39},{"not_picked":["Iron Wave","Pommel Strike+1"],"picked":"Impervious","floor":42},{"not_picked":["Combust+1","Armaments"],"picked":"Clothesline+1","floor":45},{"not_picked":["True Grit+1","Shockwave"],"picked":"Disarm+1","floor":46},{"not_picked":["Thunderclap","Shrug It Off+1"],"picked":"Searing Blow+1","floor":48}],"player_experience":5011070,"relics_obtained":[{"floor":6.0,"key":"Mummified Hand"},{"floor":25.0,"key":"Red Mask"},{"floor":26.0,"key":"Pen Nib"},{"floor":39,"key":"Mango"},{"floor":42,"key":"Blood Vial"},{"floor":43,"key":"StoneCalendar"},{"floor":45,"key":"Bird Faced Urn"}],"event_choices":[{"damage_healed":0.0,"max_hp_gain":0.0,"max_hp_loss":0.0,"gold_gain":75.0,"event_name":"World of Goop","player_choice":"Gather Gold","floor":2.0,"gold_loss":0.0,"damage_taken":11.0},{"damage_healed":0.0,"max_hp_gain":5.0,"max_hp_loss":0.0,"gold_gain":0.0,"event_name":"Big Fish","player_choice":"Donut","floor":3.0,"gold_loss":0.0,"damage_taken":0.0},{"damage_healed":0.0,"max_hp_gain":0.0,"max_hp_loss":0.0,"gold_gain":0.0,"event_name":"Liars Game","player_choice":"Ignored","floor":7.0,"gold_loss":0.0,"damage_taken":0.0},{"damage_healed":0.0,"max_hp_gain":0.0,"max_hp_loss":0.0,"gold_gain":67.0,"event_name":"Golden Wing","player_choice":"Gained Gold","floor":13.0,"gold_loss":0.0,"damage_taken":0.0},{"damage_healed":0.0,"max_hp_gain":0.0,"max_hp_loss":0.0,"gold_gain":0.0,"event_name":"FaceTrader","player_choice":"Trade","floor":14.0,"gold_loss":0.0,"damage_taken":0.0,"relics_obtained":["CultistMask"]},{"damage_healed":0.0,"max_hp_gain":0.0,"max_hp_loss":0.0,"gold_gain":0.0,"cards_transformed":["Strike_R","Strike_R"],"event_name":"Drug Dealer","player_choice":"Became Test Subject","floor":20.0,"gold_loss":0.0,"damage_taken":0.0,"cards_obtained":["Intimidate","Feed"]},{"damage_healed":0.0,"max_hp_gain":0.0,"max_hp_loss":0.0,"gold_gain":0.0,"event_name":"Nest","player_choice":"Joined the Cult","floor":21.0,"gold_loss":0.0,"damage_taken":6.0,"cards_obtained":["RitualDagger"]},{"damage_healed":0.0,"max_hp_gain":0.0,"max_hp_loss":0.0,"gold_gain":0.0,"event_name":"The Mausoleum","player_choice":"Opened","floor":24.0,"gold_loss":0.0,"damage_taken":0.0,"relics_obtained":["Orichalcum"]},{"damage_healed":0.0,"max_hp_gain":0.0,"max_hp_loss":0.0,"gold_gain":0.0,"event_name":"Masked Bandits","player_choice":"Fought Bandits","floor":25.0,"gold_loss":0.0,"damage_taken":0.0},{"damage_healed":0,"gold_gain":222,"player_choice":"Wore Mask","damage_taken":0,"max_hp_gain":0,"max_hp_loss":0,"event_name":"Tomb of Lord Red Mask","floor":37,"gold_loss":0},{"damage_healed":0,"gold_gain":0,"player_choice":"Fight","damage_taken":0,"max_hp_gain":0,"max_hp_loss":0,"event_name":"MindBloom","floor":39,"gold_loss":0}],"is_beta":false,"boss_relics":[{"not_picked":["Calling Bell","Pandora\u0027s Box"],"picked":"Empty Cage"},{"not_picked":["Coffee Dripper","Philosopher\u0027s Stone"],"picked":"Runic Pyramid"}],"items_purged_floors":[29],"is_endless":false,"potions_floor_spawned":[6,10,18,22,33,35,38,46,48],"ascension_level":0}}