{"host":"m42e09ut1tdo017h","time":1608770333,"event":{"mods":["AchievementEnabler","BaseMod","Block Reminder","Colored Powertips","Displayed Cursed Tome","Highlight Path","Minty Spire (QoL Compilation)","Relic Stats"],"gold_per_floor":[109,120,120,120,29,29,55,70,96,96,21,48,61,110,110,110,110],"floor_reached":16,"playtime":948,"items_purged":["Regret"],"score":124,"play_id":"00a24d2c-2a88-4fce-aab8-56bdf5ef206d","local_time":"20201223193853","is_ascension_mode":true,"campfire_choices":[{"data":"Dark Embrace","floor":6,"key":"SMITH"},{"floor":10,"key":"REST"},{"data":"Fiend Fire","floor":15,"key":"SMITH"}],"circlet_count":0,"master_deck":["Strike_R","Strike_R","Strike_R","Strike_R","Strike_R","Defend_R","Defend_R","Defend_R","Bash","Reaper","True Grit","Warcry","Dark Embrace+1","Fiend Fire+1","Iron Wave","Intimidate","Thunderclap"],"relics":["Burning Blood","Orichalcum","Bottled Flame","Vajra","Lantern","Omamori"],"acts_visited":["Exordium"],"potions_floor_usage":[8,16,16],"damage_taken":[{"damage":11,"enemies":"2 Louse","floor":1,"turns":4},{"damage":3,"enemies":"Jaw Worm","floor":2,"turns":6},{"damage":63,"enemies":"Lagavulin","floor":7,"turns":8},{"damage":11,"enemies":"Small Slimes","floor":8,"turns":3},{"damage":23,"enemies":"3 Sentries","floor":12,"turns":7},{"damage":16,"enemies":"Exordium Thugs","floor":13,"turns":5},{"damage":69,"enemies":"Slime Boss","floor":16,"turns":8}],"seed_played":"-1263454058158341125","potions_obtained":[{"floor":2,"key":"Block Potion"},{"floor":7,"key":"Energy Potion"}],"is_trial":false,"path_per_floor":["M","M","?","?","$","R","E","M","T","R","$","E","M","T","R","B"],"character_chosen":"IRONCLAD","items_purchased":["Dark Embrace","BloodPotion"],"campfire_rested":1,"item_purchase_floors":[5,5],"current_hp_per_floor":[78,80,80,73,73,73,20,35,35,59,59,57,52,52,52,0,0],"gold":110,"neow_bonus":"ONE_RANDOM_RARE_CARD","is_daily":false,"chose_seed":false,"campfire_upgraded":2,"win_rate":0.0,"timestamp":1608770333,"path_taken":["M","M","?","?","$","R","E","M","T","R","?","E","M","?","R","BOSS"],"items_purchased_type":["Card","Potion"],"build_version":"2020-12-22","purchased_purges":1,"victory":false,"max_hp_per_floor":[80,80,80,80,80,80,80,80,80,80,80,80,80,80,80,80,80],"relic_stats":{"counters":[7,41],"Orichalcum":[126],"obtain_stats":[{"Bottled Flame":7,"Lantern":12,"Vajra":9,"Omamori":14,"Orichalcum":3,"Burning Blood":0},{"Bottled Flame":3,"Lantern":5,"Vajra":4,"Omamori":6,"Orichalcum":2,"Burning Blood":0},{"Bottled Flame":18,"Lantern":28,"Vajra":21,"Omamori":33,"Orichalcum":10,"Burning Blood":0}],"Burning Blood":31},"card_choices":[{"not_picked":["Clothesline","Burning Pact"],"picked":"True Grit","floor":1},{"not_picked":["Thunderclap","Perfected Strike"],"picked":"Warcry","floor":2},{"not_picked":["Second Wind","Shrug It Off"],"picked":"Fiend Fire","floor":7},{"not_picked":["Sword Boomerang","Heavy Blade"],"picked":"Iron Wave","floor":8},{"not_picked":["Clothesline","Flex"],"picked":"Intimidate","floor":12},{"not_picked":["Evolve","Armaments"],"picked":"Thunderclap","floor":13}],"player_experience":125737,"relics_obtained":[{"floor":7,"key":"Bottled Flame"},{"floor":9,"key":"Vajra"},{"floor":12,"key":"Lantern"},{"floor":14,"key":"Omamori"}],"event_choices":[{"damage_healed":0,"gold_gain":0,"player_choice":"Box","damage_taken":0,"relics_obtained":["Orichalcum"],"max_hp_gain":0,"max_hp_loss":0,"event_name":"Big Fish","floor":3,"gold_loss":0,"cards_obtained":["Regret"]},{"cards_removed":["Defend_R"],"damage_healed":0,"gold_gain":0,"player_choice":"Card Removal","damage_taken":7,"max_hp_gain":0,"max_hp_loss":0,"event_name":"Golden Wing","floor":4,"gold_loss":0}],"is_beta":false,"boss_relics":[],"items_purged_floors":[11],"is_endless":false,"potions_floor_spawned":[2,7],"killed_by":"Slime Boss","ascension_level":3}}