{"host":"tf8owpcxhp2xn1j6","time":1608821218,"event":{"mods":["AchievementEnabler","BaseMod","Colored Map","Colored Powertips","Custom Start","DeckTracker","Minty Spire (QoL Compilation)","Permanent Neow","Quick Restart","StSLib","SuperFastMode"],"gold_per_floor":[116,135,152,170,170,170,201,201,280,297,297,313,313,40,40,140,140,156,190,145,145],"floor_reached":20,"playtime":907,"items_purged":["Defend_R"],"score":209,"play_id":"7ab62220-9463-42ac-88ba-6a1fbf6b32d1","local_time":"20201224234658","is_ascension_mode":true,"campfire_choices":[{"data":"Perfected Strike","floor":6.0,"key":"SMITH"},{"data":"Flex","floor":8.0,"key":"SMITH"},{"floor":11.0,"key":"REST"},{"data":"Limit Break","floor":15.0,"key":"SMITH"}],"circlet_count":0,"master_deck":["Strike_R","Strike_R","Strike_R","Strike_R","Strike_R","Defend_R","Defend_R","Bash+1","Perfected Strike+1","Flex+1","Limit Break+1","Anger","Offering","Limit Break","Wild Strike+1","Heavy Blade+1"],"relics":["Burning Blood","WingedGreaves","Tiny Chest","Membership Card","MealTicket","SlaversCollar","Red Mask"],"acts_visited":["Exordium","TheCity"],"potions_floor_usage":[],"damage_taken":[{"damage":6.0,"enemies":"2 Louse","floor":1.0,"turns":4.0},{"damage":14.0,"enemies":"Jaw Worm","floor":2.0,"turns":4.0},{"damage":7.0,"enemies":"Small Slimes","floor":3.0,"turns":3.0},{"damage":12.0,"enemies":"Looter","floor":4.0,"turns":3.0},{"damage":35.0,"enemies":"Lagavulin","floor":7.0,"turns":7.0},{"damage":20.0,"enemies":"3 Louse","floor":10.0,"turns":3.0},{"damage":13.0,"enemies":"Exordium Wildlife","floor":12.0,"turns":4.0},{"damage":26.0,"enemies":"Hexaghost","floor":16.0,"turns":4.0},{"damage":21,"enemies":"3 Byrds","floor":18,"turns":5},{"damage":50,"enemies":"Masked Bandits","floor":19,"turns":5},{"damage":28,"enemies":"2 Thieves","floor":20,"turns":2}],"seed_played":"332353801154023069","potions_obtained":[{"floor":4.0,"key":"EssenceOfSteel"},{"floor":12.0,"key":"FearPotion"},{"floor":16.0,"key":"SpeedPotion"},{"floor":18,"key":"Weak Potion"}],"is_trial":false,"path_per_floor":["M","M","M","M","?","R","E","R","T","M","R","M","?","$","R","B",null,"M","?","M"],"character_chosen":"IRONCLAD","items_purchased":["Membership Card","MealTicket"],"campfire_rested":1,"item_purchase_floors":[14,14],"current_hp_per_floor":[80,72,71,65,58,58,29,29,29,15,39,32,29,29,29,9,80,65,21,0,0],"gold":145,"neow_bonus":"UPGRADE_CARD","is_daily":false,"chose_seed":false,"campfire_upgraded":3,"win_rate":0.0,"timestamp":1608821218,"path_taken":["M","M","M","M","?","R","E","R","T","M","R","M","?","$","R","BOSS","M","?","M"],"items_purchased_type":["Relic","Relic"],"build_version":"2020-12-22","purchased_purges":1,"victory":false,"max_hp_per_floor":[80,80,80,80,80,80,80,80,80,80,80,80,80,80,80,80,80,80,80,80,80],"card_choices":[{"not_picked":["Havoc","Thunderclap"],"picked":"Perfected Strike","floor":1.0},{"not_picked":["Metallicize","Shockwave"],"picked":"Flex","floor":2.0},{"not_picked":["Headbutt","Shockwave","Flex"],"picked":"SKIP","floor":3.0},{"not_picked":["Pommel Strike","Sword Boomerang"],"picked":"Limit Break","floor":4.0},{"not_picked":["Armaments","Warcry","Pummel"],"picked":"SKIP","floor":7.0},{"not_picked":["Headbutt","Sever Soul"],"picked":"Anger","floor":10.0},{"not_picked":["Cleave","Dropkick"],"picked":"Offering","floor":12.0},{"not_picked":["Feed","Corruption"],"picked":"Limit Break","floor":16.0},{"not_picked":["Power Through+1","Twin Strike"],"picked":"Wild Strike+1","floor":18},{"not_picked":["Flex","Thunderclap"],"picked":"Heavy Blade+1","floor":19}],"player_experience":260454,"relics_obtained":[{"floor":7.0,"key":"WingedGreaves"},{"floor":19,"key":"Red Mask"}],"event_choices":[{"cards_removed":["Defend_R"],"damage_healed":0.0,"max_hp_gain":0.0,"max_hp_loss":0.0,"gold_gain":0.0,"event_name":"Golden Wing","player_choice":"Card Removal","floor":5.0,"gold_loss":0.0,"damage_taken":7.0},{"damage_healed":0.0,"max_hp_gain":0.0,"max_hp_loss":0.0,"gold_gain":0.0,"event_name":"Scrap Ooze","player_choice":"Success","floor":13.0,"gold_loss":0.0,"damage_taken":3.0,"relics_obtained":["Tiny Chest"]},{"damage_healed":0,"gold_gain":0,"player_choice":"Fought Bandits","damage_taken":0,"max_hp_gain":0,"max_hp_loss":0,"event_name":"Masked Bandits","floor":19,"gold_loss":0}],"is_beta":false,"boss_relics":[{"not_picked":["Snecko Eye","Mark of Pain"],"picked":"SlaversCollar"}],"items_purged_floors":[14],"is_endless":false,"potions_floor_spawned":[4,12,16,18],"killed_by":"2 Thieves","ascension_level":4}}