{"host":"Aysed","time":1608819592,"event":{"mods":["AchievementEnabler","BaseMod","Colored Powertips","Faster Ascension Climbing","Minty Spire (QoL Compilation)","Quick Restart","StSLib","SuperFastMode"],"gold_per_floor":[112,62,14,14,28,61,73,102,102,177,217,241,241,263,263,263,263],"floor_reached":16,"playtime":241,"items_purged":[],"score":152,"play_id":"5dc26eca-b262-49e1-95fe-e49a70d282cc","local_time":"20201224151952","is_ascension_mode":true,"campfire_choices":[{"data":"Double Tap","floor":13.0,"key":"SMITH"},{"data":"Inflame","floor":15.0,"key":"SMITH"}],"circlet_count":0,"master_deck":["Strike_R","Strike_R","Strike_R","Strike_R","Strike_R","Defend_R","Defend_R","Defend_R","Bash","Perfected Strike","Clash","Inflame+1","Whirlwind+1","Double Tap+1","Clash+1","Flex"],"relics":["Burning Blood","NeowsBlessing","Molten Egg 2","HornCleat","CeramicFish"],"acts_visited":["Exordium"],"potions_floor_usage":[],"damage_taken":[{"damage":0.0,"enemies":"Jaw Worm","floor":1.0,"turns":1.0},{"damage":0.0,"enemies":"2 Louse","floor":5.0,"turns":1.0},{"damage":0.0,"enemies":"3 Sentries","floor":6.0,"turns":1.0},{"damage":1.0,"enemies":"Cultist","floor":7.0,"turns":3.0},{"damage":49.0,"enemies":"Lagavulin","floor":8.0,"turns":6.0},{"damage":22.0,"enemies":"3 Sentries","floor":11.0,"turns":5.0},{"damage":11.0,"enemies":"Lots of Slimes","floor":12.0,"turns":3.0},{"damage":8.0,"enemies":"Red Slaver","floor":14.0,"turns":2.0},{"damage":0,"enemies":"The Guardian","floor":16,"turns":4}],"seed_played":"-1920727028482467939","potions_obtained":[{"floor":1.0,"key":"Swift Potion"},{"floor":6.0,"key":"ElixirPotion"},{"floor":11.0,"key":"Energy Potion"}],"is_trial":false,"path_per_floor":["M","?","$","?","M","E","M","E","T","?","E","M","R","M","R","B"],"character_chosen":"IRONCLAD","items_purchased":["Clash"],"campfire_rested":0,"item_purchase_floors":[3],"current_hp_per_floor":[80,80,80,85,85,85,85,42,42,34,18,13,13,11,11,11,11],"gold":263,"neow_bonus":"THREE_ENEMY_KILL","is_daily":false,"chose_seed":false,"campfire_upgraded":2,"win_rate":0.0,"timestamp":1608819592,"path_taken":["M","?","$","?","M","E","M","E","T","?","E","?","R","M","R","BOSS"],"items_purchased_type":["Card"],"build_version":"2020-12-18","purchased_purges":0,"victory":false,"max_hp_per_floor":[80,80,80,85,85,85,85,85,85,85,85,85,85,85,85,85,85],"card_choices":[{"not_picked":["Whirlwind","Anger"],"picked":"Perfected Strike","floor":1.0},{"not_picked":["Disarm","Warcry"],"picked":"Inflame","floor":5.0},{"not_picked":["Twin Strike+1","Clothesline+1"],"picked":"Whirlwind+1","floor":6.0},{"not_picked":["Headbutt+1","Thunderclap+1","Shrug It Off"],"picked":"SKIP","floor":7.0},{"not_picked":["Armaments","Blood for Blood+1","Fire Breathing"],"picked":"SKIP","floor":8.0},{"not_picked":["Pummel+1","Burning Pact"],"picked":"Double Tap","floor":11.0},{"not_picked":["Sever Soul+1","True Grit"],"picked":"Clash+1","floor":12.0},{"not_picked":["Burning Pact","Cleave+1"],"picked":"Flex","floor":14.0}],"player_experience":53431,"relics_obtained":[{"floor":6.0,"key":"Molten Egg 2"},{"floor":8.0,"key":"HornCleat"},{"floor":11.0,"key":"CeramicFish"}],"event_choices":[{"cards_removed":["Defend_R"],"damage_healed":0.0,"max_hp_gain":0.0,"max_hp_loss":0.0,"gold_gain":0.0,"event_name":"The Cleric","player_choice":"Card Removal","floor":2.0,"gold_loss":50.0,"damage_taken":0.0},{"damage_healed":0.0,"max_hp_gain":5.0,"max_hp_loss":0.0,"gold_gain":0.0,"event_name":"Big Fish","player_choice":"Donut","floor":4.0,"gold_loss":0.0,"damage_taken":0.0},{"damage_healed":0.0,"max_hp_gain":0.0,"max_hp_loss":0.0,"gold_gain":75.0,"event_name":"FaceTrader","player_choice":"Touch","floor":10.0,"gold_loss":0.0,"damage_taken":8.0}],"is_beta":true,"boss_relics":[],"items_purged_floors":[],"is_endless":false,"potions_floor_spawned":[1,6,11],"killed_by":"The Guardian","ascension_level":1}}