{"host":"9nt1zhl3k8mtcf72","time":1608796319,"event":{"mods":["Aspiration","BaseMod","BetterRewards","Conjunction","Conspire","Downfall","Energized Spire","Friendly Minions","GifTheSpireLib","Halation","Hubris","Infinite Spire","Jedi Mod","Mimic Mod","Minty Spire (QoL Compilation)","RatMod","Replay The Spire","Spikes Relics","StSLib","Stuff the Spire","Trackpad","Useless Jewels Mod","Wandering Minibosses","vexMod"],"gold_per_floor":[99,99,99,99,99,111,111,122,153,78,105,199,232,252,263,263,263,263],"floor_reached":16,"playtime":538,"items_purged":[],"score":118,"play_id":"838cdd8e-e80a-45d8-ba9d-f95535ec629c","local_time":"20201224025159","is_ascension_mode":false,"campfire_choices":[{"floor":1,"key":"RECALL"},{"floor":10,"key":"REST"}],"circlet_count":0,"master_deck":["hexamod:Strike","hexamod:Strike","hexamod:Strike","hexamod:Strike","hexamod:Defend","hexamod:Defend","hexamod:Defend","hexamod:Defend","hexamod:Sear","hexamod:Float","hexamod:Firestarter","hexamod:SuperheatedStrike","hexamod:SpectersWail","hexamod:Firestarter","hexamod:DynamicBlow","hexamod:FlamesFromBeyond","hexamod:FlamesFromBeyond","hexamod:RainOfEmbers","hexamod:Firestarter"],"relics":["hexamod:SpiritBrand","downfall:HeartsMalice","hubris:Towel","SpikesRelics:DaevaFist","hexamod:SoulConsumer","downfall:HeartBlessingRed","The Courier","Happy Flower","StuffTheSpire:EmeraldSignet"],"acts_visited":["Exordium"],"potions_floor_usage":[9,13,15,16],"damage_taken":[{"damage":0,"enemies":"Cultist","floor":2,"turns":1},{"damage":0,"enemies":"Jaw Worm","floor":3,"turns":1},{"damage":0,"enemies":"downfall:FleeingMerchant","floor":5,"turns":1},{"damage":0,"enemies":"2 Louse","floor":6,"turns":2},{"damage":12,"enemies":"Gremlin Gang","floor":8,"turns":6},{"damage":14,"enemies":"Gremlin Nob","floor":9,"turns":3},{"damage":19,"enemies":"Lagavulin","floor":11,"turns":5},{"damage":33,"enemies":"3 Sentries","floor":13,"turns":6},{"damage":7,"enemies":"Large Slime","floor":14,"turns":3},{"damage":5,"enemies":"3 Louse","floor":15,"turns":2},{"damage":6,"enemies":"downfall:Watcher","floor":16,"turns":2}],"seed_played":"-3451898875288788747","potions_obtained":[{"floor":8,"key":"Fire Potion"},{"floor":11,"key":"Adrenaline Potion"},{"floor":13,"key":"Explosive Potion"},{"floor":15,"key":"Milkshake"}],"is_trial":false,"path_per_floor":["R","M","M","?","$","M","T","M","E","R","E","?","E","M","M","B"],"character_chosen":"THE_SPIRIT","items_purchased":[],"campfire_rested":1,"item_purchase_floors":[],"current_hp_per_floor":[70,70,70,70,70,70,70,58,44,65,46,46,13,6,1,0,0,0],"gold":263,"neow_bonus":"THREE_ENEMY_KILL","is_daily":false,"chose_seed":false,"campfire_upgraded":0,"win_rate":0.0,"timestamp":1608796319,"path_taken":["R","M","M","?","?","?","T","M","E","R","E","?","E","M","M","BOSS"],"items_purchased_type":[],"build_version":"2020-12-22","purchased_purges":0,"victory":false,"max_hp_per_floor":[70,70,70,70,70,70,70,70,70,70,70,70,70,70,70,70,70,70],"card_choices":[{"not_picked":["hexamod:InspiringFlames","hexamod:ChargedBarrage"],"picked":"hexamod:Firestarter","floor":2},{"not_picked":["hexamod:NightmareStrike","hexamod:ShieldOfDarkness"],"picked":"hexamod:SuperheatedStrike","floor":3},{"not_picked":["hexamod:ShieldOfDarkness","hexamod:BacktrackSmack"],"picked":"hexamod:SpectersWail","floor":5},{"not_picked":["hexamod:ThirdSeal","hexamod:AdvancingGuard"],"picked":"hexamod:Firestarter","floor":6},{"not_picked":["hexamod:GhostflameInferno","hexamod:FastForward"],"picked":"hexamod:DynamicBlow","floor":8},{"not_picked":["hexamod:UnlimitedPower","hexamod:SwordOfDarkness","hexamod:SpectralAdrenaline"],"picked":"SKIP","floor":9},{"not_picked":["hexamod:FastForward","hexamod:Rewind","hexamod:ShieldOfDarkness"],"picked":"SKIP","floor":11},{"not_picked":["hexamod:GhostLash","hexamod:PhantomCloak"],"picked":"hexamod:FlamesFromBeyond","floor":12},{"not_picked":["hexamod:GhostShield","hexamod:FourthSeal"],"picked":"hexamod:FlamesFromBeyond","floor":13},{"not_picked":["hexamod:NecessarySacrifice","hexamod:NightmareStrike"],"picked":"hexamod:RainOfEmbers","floor":14},{"not_picked":["hexamod:EmpoweredFlame","hexamod:AdvancingGuard"],"picked":"hexamod:Firestarter","floor":15}],"player_experience":457095,"relics_obtained":[{"floor":7,"key":"SpikesRelics:DaevaFist"},{"floor":9,"key":"hexamod:SoulConsumer"},{"floor":11,"key":"The Courier"},{"floor":12,"key":"Happy Flower"},{"floor":13,"key":"StuffTheSpire:EmeraldSignet"}],"event_choices":[],"is_beta":false,"boss_relics":[],"items_purged_floors":[],"is_endless":false,"potions_floor_spawned":[8,11,13,15],"killed_by":"downfall:Watcher","ascension_level":0}}