{"host":"k5ezbu40hxyit46v","time":1608773852,"event":{"mods":["Act Like it!","Aspiration","Astrologer","BaseMod","BetterRewards","Conspire","DeckTracker","Energized Spire","Googly Eyes","Halation","HexUI Lib","Highlight Path","Hubris","Infinite Spire","Jedi Mod","Mad Scientist","Marisa????????","Minty Spire (QoL Compilation)","Quarter Circle Forward PUNCH!","Quick Restart","Replay The Spire","Reworked Bosses","Shop Mod","Spikes Relics","StSLib","The Administrix","The Awakened One except there are too many feathers","The Bladedancer","The Cursed","The IronCluck","The Servant 0.9.4","The Wild Card","everything is the same but u backflip on backflip","slay the spire mod where everything is the same but ironclad has a cowboy hat","vexMod"],"gold_per_floor":[117,117,133,308,308,308,339,339,339,367,379,391,424,443,443,548,548,563,743,743,743,743,743,743,743,743,743,743,743,743,743,743,743,743,743,743,422,422,422,422,422,422,472,531,580,652,685,747,747,747],"floor_reached":51,"playtime":2786,"items_purged":["Pain","Doubt","theWildCard:BasicStrike"],"score":1265,"play_id":"ead2979a-fc66-472f-8343-8121909781c5","local_time":"20201223203732","is_ascension_mode":true,"campfire_choices":[{"data":"theWildCard:Arsene","floor":6.0,"key":"SMITH"},{"data":"theWildCard:Alice","floor":8.0,"key":"SMITH"},{"floor":15.0,"key":"REST"},{"data":"theWildCard:TheArcanaUnleashed","floor":24.0,"key":"SMITH"},{"data":"theWildCard:BasicDefend","floor":30.0,"key":"SMITH"},{"data":"theWildCard:BasicDefend","floor":32.0,"key":"SMITH"},{"data":"theWildCard:Providence","floor":41.0,"key":"SMITH"},{"data":"theWildCard:MagicMettle","floor":49,"key":"SMITH"}],"circlet_count":0,"master_deck":["theWildCard:BasicStrike","theWildCard:BasicStrike","theWildCard:BasicStrike","theWildCard:BasicDefend+1","theWildCard:BasicDefend+1","theWildCard:BasicDefend+1","theWildCard:BasicDefend+1","theWildCard:CallToAdventure","theWildCard:Arsene+1","theWildCard:Alice+1","theWildCard:MagicMettle+1","theWildCard:EnergizedStroke","theWildCard:SeveringSlash","theWildCard:TheArcanaUnleashed+1","theWildCard:BladeOfGenerations","theWildCard:SeveringSlash","theWildCard:MaskChange","theWildCard:Providence+1","theWildCard:PowerOfTheArcana+1","theWildCard:PowerOfTheArcana+1","theWildCard:PowerOfTheArcana+1"],"relics":["theWildCard:VelvetContract","NeowsBlessing","WarpedTongs","conspire:DeflatedDodgeball","War Paint","jedi:crownofsimplicity","jedi:Pinwheel","theWildCard:Wildcard","jedi:ominousloannote","Strawberry","Replay:Ringing Soul","Red Mask","conspire:Boomerang","Orichalcum","Garlic","vexMod:RetaliationKit","infinitespire:EvilPickle","Coffee Dripper","halation:PapillonHeart","SnailShell","Anchor","hubris:SlimyHat","Letter Opener","halation:PromiseList","vexMod:MemoryStick"],"acts_visited":["Exordium","TheCity","TheBeyond"],"potions_floor_usage":[50,50,50],"damage_taken":[{"damage":0.0,"enemies":"Cultist","floor":1.0,"turns":1.0},{"damage":0.0,"enemies":"2 Louse","floor":3.0,"turns":1.0},{"damage":0.0,"enemies":"3 Sentries","floor":7.0,"turns":1.0},{"damage":20.0,"enemies":"Lagavulin","floor":10.0,"turns":6.0},{"damage":5.0,"enemies":"Small Slimes","floor":11.0,"turns":2.0},{"damage":5.0,"enemies":"Red Slaver","floor":12.0,"turns":2.0},{"damage":13.0,"enemies":"Gremlin Nob","floor":13.0,"turns":3.0},{"damage":6.0,"enemies":"Exordium Wildlife","floor":14.0,"turns":6.0},{"damage":20.0,"enemies":"Hexaghost","floor":16.0,"turns":11.0},{"damage":12.0,"enemies":"Shell Parasite","floor":18.0,"turns":6.0},{"damage":1.0,"enemies":"conspire:FuzzyDice","floor":20.0,"turns":8.0},{"damage":8.0,"enemies":"Masked Bandits","floor":22.0,"turns":5.0},{"damage":0.0,"enemies":"Replay:Snechameleon","floor":23.0,"turns":11.0},{"damage":0.0,"enemies":"Gremlin Leader","floor":25.0,"turns":5.0},{"damage":20.0,"enemies":"conspire:SneckoGhost","floor":27.0,"turns":6.0},{"damage":0.0,"enemies":"Shelled Parasite and Fungi","floor":31.0,"turns":5.0},{"damage":17.0,"enemies":"Pondfish","floor":33.0,"turns":8.0},{"damage":4.0,"enemies":"Orb Walker","floor":35.0,"turns":3.0},{"damage":0.0,"enemies":"3 Shapes","floor":39.0,"turns":5.0},{"damage":24.0,"enemies":"R_Hoarder","floor":40.0,"turns":7.0},{"damage":0.0,"enemies":"Transient","floor":42.0,"turns":5.0},{"damage":19.0,"enemies":"Nemesis","floor":44.0,"turns":7.0},{"damage":0.0,"enemies":"Sphere and 2 Shapes","floor":45.0,"turns":4.0},{"damage":0.0,"enemies":"Giant Head","floor":46.0,"turns":5.0},{"damage":0,"enemies":"conspire:MimicChest","floor":47,"turns":4},{"damage":0,"enemies":"3 Darklings","floor":48,"turns":5},{"damage":3,"enemies":"hubris:GrandSnecko","floor":50,"turns":7}],"seed_played":"171473060607233528","potions_obtained":[{"floor":1.0,"key":"EssenceOfSteel"},{"floor":3.0,"key":"Energy Potion"},{"floor":13.0,"key":"Regen Potion"},{"floor":14.0,"key":"Death Potion"},{"floor":16.0,"key":"jedi:tentaclejuice"},{"floor":20.0,"key":"SkillPotion"},{"floor":22.0,"key":"jedi:StrikingPotion"},{"floor":23.0,"key":"PowerPotion"},{"floor":25.0,"key":"Fruit Juice"},{"floor":31.0,"key":"Venom Potion"},{"floor":35.0,"key":"Weak Potion"},{"floor":42.0,"key":"jedi:holywater"},{"floor":44.0,"key":"ColorlessPotion"},{"floor":47,"key":"SteroidPotion"}],"is_trial":false,"path_per_floor":["M","?","M","?","?","R","E","R","T","E","M","M","E","M","R","B",null,"M","$","M","AVR","?","E","R","E","T","E","?","?","R","M","R","B",null,"M","?","$","?","M","E","R","M","T","E","M","E","?","M","R","B",null],"character_chosen":"THE_WILD_CARD","items_purchased":["jedi:ominousloannote","Strawberry","SnailShell","theWildCard:Providence"],"campfire_rested":1,"item_purchase_floors":[19,19,37,37],"current_hp_per_floor":[60,60,60,60,60,60,60,60,60,40,35,30,17,26,44,24,60,48,55,54,54,49,52,52,57,57,37,37,37,37,40,40,23,81,77,77,80,80,83,59,59,70,70,59,61,69,71,82,82,87],"gold":747,"neow_bonus":"THREE_ENEMY_KILL","is_daily":false,"chose_seed":false,"campfire_upgraded":7,"win_rate":0.0,"timestamp":1608773852,"path_taken":["M","?","M","?","?","R","E","R","T","E","?","M","E","M","R","BOSS","M","$","M","AVR","?","E","R","E","T","E","?","?","R","M","R","BOSS","M","?","$","?","M","E","R","M","T","E","?","E","?","M","R","BOSS"],"items_purchased_type":["Relic","Relic","Relic","Card"],"build_version":"2020-12-22","purchased_purges":3,"victory":true,"max_hp_per_floor":[60,60,60,60,60,60,60,60,60,60,60,60,60,60,60,60,60,60,67,67,67,70,73,73,78,78,78,78,78,78,81,81,81,81,81,77,80,80,83,83,83,86,86,86,86,86,86,89,89,89],"card_choices":[{"not_picked":["theWildCard:TheGreatSeal","theWildCard:Sakuya","theWildCard:BladeOfGenerations"],"picked":"SKIP","floor":1.0},{"not_picked":["theWildCard:MagicalMight","theWildCard:Unburden"],"picked":"theWildCard:Alice","floor":3.0},{"not_picked":["theWildCard:ArchaicAssault","theWildCard:Michael"],"picked":"theWildCard:MagicMettle","floor":7.0},{"not_picked":["theWildCard:Sakuya","theWildCard:Unburden","theWildCard:Polydeuces"],"picked":"SKIP","floor":10.0},{"not_picked":["theWildCard:Thanatos","theWildCard:ArcaneArts","theWildCard:MagicMettle"],"picked":"SKIP","floor":11.0},{"not_picked":["theWildCard:Safeguard","theWildCard:Salvation","theWildCard:ArcaneArts"],"picked":"SKIP","floor":12.0},{"not_picked":["theWildCard:StingingStrike","theWildCard:Michael"],"picked":"theWildCard:EnergizedStroke","floor":13.0},{"not_picked":["theWildCard:Polydeuces","theWildCard:StingingStrike"],"picked":"theWildCard:SeveringSlash","floor":14.0},{"not_picked":["theWildCard:Overwhelm","theWildCard:FinalHour"],"picked":"theWildCard:TheArcanaUnleashed","floor":16.0},{"not_picked":["theWildCard:UnendingRitual+1","theWildCard:ArcaneArts+1","theWildCard:EnergizedStroke"],"picked":"SKIP","floor":18.0},{"not_picked":["theWildCard:ManOfManyFaces","theWildCard:Sakuya","theWildCard:PaleRider"],"picked":"SKIP","floor":20.0},{"not_picked":["theWildCard:Loki","theWildCard:Polydeuces"],"picked":"theWildCard:BladeOfGenerations","floor":22.0},{"not_picked":["theWildCard:Polydeuces","theWildCard:StingingStrike"],"picked":"theWildCard:SeveringSlash","floor":23.0},{"not_picked":["theWildCard:StingingStrike+1","theWildCard:MagicMettle","theWildCard:BladeOfGenerations"],"picked":"SKIP","floor":25.0},{"not_picked":["theWildCard:Deicide","theWildCard:Proficiency","theWildCard:Polydeuces"],"picked":"SKIP","floor":27.0},{"not_picked":["theWildCard:MagicalMight","theWildCard:Patience"],"picked":"theWildCard:MaskChange","floor":31.0},{"not_picked":["theWildCard:MaskChange+1","theWildCard:BladeOfGenerations+1","theWildCard:StingingStrike"],"picked":"SKIP","floor":35.0},{"not_picked":["theWildCard:Patience","theWildCard:BladeOfGenerations+1"],"picked":"theWildCard:PowerOfTheArcana+1","floor":39.0},{"not_picked":["theWildCard:Patience","theWildCard:StingingStrike","theWildCard:ChangingDestiny"],"picked":"SKIP","floor":40.0},{"not_picked":["theWildCard:EnergizedStroke+1","theWildCard:ShieldOfMany"],"picked":"theWildCard:PowerOfTheArcana+1","floor":42.0},{"not_picked":["theWildCard:LadyLuck","theWildCard:Polydeuces+1","theWildCard:EnergizedStroke"],"picked":"SKIP","floor":44.0},{"not_picked":["theWildCard:StingingStrike","theWildCard:StalwartBlade","theWildCard:Salvation"],"picked":"SKIP","floor":45.0},{"not_picked":["theWildCard:Metatron+1","theWildCard:ArchaicAssault+1","theWildCard:MasterPlan+1"],"picked":"SKIP","floor":46.0},{"not_picked":["theWildCard:PaleRider","theWildCard:MaskChange"],"picked":"theWildCard:PowerOfTheArcana+1","floor":48}],"player_experience":1223089,"relics_obtained":[{"floor":7.0,"key":"conspire:DeflatedDodgeball"},{"floor":9.0,"key":"War Paint"},{"floor":10.0,"key":"jedi:crownofsimplicity"},{"floor":13.0,"key":"jedi:Pinwheel"},{"floor":22.0,"key":"Red Mask"},{"floor":23.0,"key":"conspire:Boomerang"},{"floor":25.0,"key":"Orichalcum"},{"floor":26.0,"key":"Garlic"},{"floor":27.0,"key":"vexMod:RetaliationKit"},{"floor":40.0,"key":"Anchor"},{"floor":43.0,"key":"hubris:SlimyHat"},{"floor":44.0,"key":"Letter Opener"},{"floor":46.0,"key":"halation:PromiseList"},{"floor":47,"key":"vexMod:MemoryStick"}],"event_choices":[{"damage_healed":0.0,"max_hp_gain":0.0,"max_hp_loss":0.0,"gold_gain":175.0,"event_name":"Liars Game","player_choice":"AGREE","floor":4.0,"gold_loss":0.0,"damage_taken":0.0,"cards_obtained":["Doubt"]},{"damage_healed":0.0,"max_hp_gain":0.0,"max_hp_loss":0.0,"gold_gain":0.0,"event_name":"Accursed Blacksmith","player_choice":"Rummage","floor":5.0,"gold_loss":0.0,"damage_taken":0.0,"relics_obtained":["WarpedTongs"],"cards_obtained":["Pain"]},{"damage_healed":0.0,"max_hp_gain":0.0,"max_hp_loss":0.0,"gold_gain":0.0,"event_name":"Masked Bandits","player_choice":"Fought Bandits","floor":22.0,"gold_loss":0.0,"damage_taken":0.0},{"damage_healed":0.0,"max_hp_gain":0.0,"max_hp_loss":0.0,"gold_gain":0.0,"event_name":"Ghosts","player_choice":"Ignored","floor":29.0,"gold_loss":0.0,"damage_taken":0.0},{"damage_healed":0.0,"max_hp_gain":0.0,"max_hp_loss":0.0,"gold_gain":0.0,"event_name":"Transmorgrifier","player_choice":"Ignored","floor":38.0,"gold_loss":0.0,"damage_taken":0.0}],"is_beta":false,"boss_relics":[{"not_picked":["hubris:BlackHole","halation:MonkeysPaw"],"picked":"theWildCard:Wildcard"},{"not_picked":["Velvet Choker","jedi:paperlyon"],"picked":"Coffee Dripper"}],"items_purged_floors":[19,21,37],"is_endless":false,"potions_floor_spawned":[1,3,13,14,16,20,22,23,25,31,35,42,44,47],"ascension_level":1}}