{"host":"7yxt37kap0q16lk4","time":1608840526,"event":{"mods":["2.2 Compatiblity","Act Like it!","BaseMod","Better Third Choice","Better-Laid Plans","Colored Map","Custom Start","Highlight Path","Keyboard Shortcuts","Minty Spire (QoL Compilation)","Quick Restart","Rare Cards Sparkle","Relic Stats","Shop Mod","Slay the Relics Exporter","StSLib","SuperFastMode"],"gold_per_floor":[110,129,129,129,147,147,211,211,235,279,279,298,321,360,360,456,456,475,100,123,143,143,184,184,220,272,272,315,335,77,92,92,182,182,203,32,53,96,96,139,164,164,216,249,199,263,263,263,263,263,263,263,263,32,63,63],"floor_reached":57,"playtime":2039,"items_purged":["Strike_P","Strike_P+1","Strike_P+1","Strike_P+1"],"score":3462,"play_id":"e10385d4-6b16-4ed4-acca-2f4ef9194fb3","local_time":"20201225050846","is_ascension_mode":true,"campfire_choices":[{"data":"Eruption","floor":6,"key":"SMITH"},{"data":"ForeignInfluence","floor":8,"key":"SMITH"},{"floor":11,"key":"REST"},{"data":"Omniscience","floor":15,"key":"SMITH"},{"floor":27,"key":"RECALL"},{"data":"MentalFortress","floor":32,"key":"SMITH"},{"data":"Panacea","floor":42,"key":"SMITH"},{"floor":47,"key":"REST"},{"floor":49,"key":"REST"},{"floor":53,"key":"REST"}],"circlet_count":0,"master_deck":["AscendersBane","Defend_P+1","Defend_P+1","Defend_P+1","Defend_P+1","Eruption+1","Vigilance+1","SandsOfTime+1","Wallop+1","CrushJoints+1","ForeignInfluence+1","FlurryOfBlows+1","Halt+1","Adaptation+1","Omniscience+1","DevaForm+1","EmptyFist+1","Vault+1","DevaForm+1","Tantrum+1","MentalFortress+1","Scrawl+1","SandsOfTime+1","WheelKick+1","Wish+1","DeusExMachina+1","Wallop+1","Finesse+1","Panacea+1","EmptyMind+1","Enlightenment"],"relics":["PureWater","Prayer Wheel","Golden Idol","Matryoshka","Smiling Mask","Potion Belt","Lantern","Vajra","Mercury Hourglass","Snecko Eye","Pen Nib","OrangePellets","War Paint","Art of War","Centennial Puzzle","White Beast Statue","Runic Pyramid","Orrery","HornCleat","Damaru","Strawberry","Akabeko","PreservedInsect","Mark of the Bloom","Pear"],"acts_visited":["Exordium","TheCity","TheBeyond","TheEnding"],"potions_floor_usage":[10,14,16,21,35,46,51,56,56,56],"damage_taken":[{"damage":0.0,"enemies":"2 Louse","floor":1.0,"turns":4.0},{"damage":2.0,"enemies":"Jaw Worm","floor":2.0,"turns":3.0},{"damage":12.0,"enemies":"Cultist","floor":5.0,"turns":3.0},{"damage":6,"enemies":"Gremlin Nob","floor":7,"turns":3},{"damage":0,"enemies":"Lagavulin","floor":10,"turns":3},{"damage":7,"enemies":"Exordium Wildlife","floor":12,"turns":2},{"damage":3,"enemies":"3 Louse","floor":13,"turns":2},{"damage":0,"enemies":"Gremlin Nob","floor":14,"turns":2},{"damage":26,"enemies":"Hexaghost","floor":16,"turns":7},{"damage":3,"enemies":"Shell Parasite","floor":18,"turns":2},{"damage":0,"enemies":"Chosen","floor":20,"turns":4},{"damage":0,"enemies":"Snake Plant","floor":21,"turns":2},{"damage":0,"enemies":"Gremlin Leader","floor":23,"turns":4},{"damage":0,"enemies":"Book of Stabbing","floor":25,"turns":4},{"damage":0,"enemies":"Gremlin Leader","floor":28,"turns":2},{"damage":0,"enemies":"Snecko","floor":29,"turns":2},{"damage":0,"enemies":"Chosen and Byrds","floor":31,"turns":3},{"damage":8,"enemies":"Champ","floor":33,"turns":7},{"damage":0,"enemies":"3 Shapes","floor":35,"turns":2},{"damage":0,"enemies":"3 Darklings","floor":37,"turns":2},{"damage":3,"enemies":"4 Shapes","floor":38,"turns":5},{"damage":0,"enemies":"Giant Head","floor":40,"turns":5},{"damage":0,"enemies":"Reptomancer","floor":44,"turns":4},{"damage":21,"enemies":"Nemesis","floor":46,"turns":5},{"damage":0,"enemies":"Donu and Deca","floor":50,"turns":5},{"damage":50,"enemies":"Awakened One","floor":51,"turns":6},{"damage":14,"enemies":"Shield and Spear","floor":55,"turns":5},{"damage":0,"enemies":"The Heart","floor":56,"turns":7}],"seed_played":"-9093668635779719057","potions_obtained":[{"floor":2.0,"key":"LiquidBronze"},{"floor":7,"key":"Strength Potion"},{"floor":13,"key":"Swift Potion"},{"floor":14,"key":"Fire Potion"},{"floor":20,"key":"ColorlessPotion"},{"floor":25,"key":"CultistPotion"},{"floor":29,"key":"BlessingOfTheForge"},{"floor":31,"key":"Block Potion"},{"floor":35,"key":"Ancient Potion"},{"floor":46,"key":"SpeedPotion"},{"floor":55,"key":"PowerPotion"}],"is_trial":false,"path_per_floor":["M","M","?","T","M","R","?","R","T","E","R","M","M","E","R","B",null,"M","$","M","M","?","E","?","E","T","R","E","M","$","M","R","B",null,"M","$","M","M","?","E","T","R","T","E","$","E","R","?","R","B","B",null,"R","$","E","B",null],"character_chosen":"WATCHER","items_purchased":["Pen Nib","OrangePellets","DevaForm","Tantrum","Orrery","Ancient Potion","Enlightenment"],"campfire_rested":4,"item_purchase_floors":[19,19,30,30,36,54,54],"current_hp_per_floor":[43,41,41,41,29,29,23,23,23,23,41,34,31,31,31,5,48,45,45,45,45,45,45,72,72,72,72,72,72,72,72,72,64,70,70,70,70,67,57,57,57,57,64,64,64,43,66,66,66,66,16,16,16,16,2,2],"gold":63,"neow_bonus":"ONE_RARE_RELIC","is_daily":false,"chose_seed":false,"campfire_upgraded":5,"win_rate":0.0,"timestamp":1608840526,"path_taken":["M","M","?","?","M","R","?","R","T","E","R","M","M","E","R","BOSS","M","$","M","M","?","E","?","E","T","R","E","M","$","M","R","BOSS","M","$","M","M","?","E","?","R","T","E","?","E","R","?","R","BOSS","BOSS","R","$","E","BOSS"],"items_purchased_type":["Relic","Relic","Card","Card","Relic","Potion","Card"],"build_version":"2020-12-22","purchased_purges":4,"victory":true,"max_hp_per_floor":[68,68,62,62,62,62,62,62,62,62,62,62,62,62,62,62,62,62,62,62,62,62,62,72,72,72,72,72,72,72,72,72,72,72,72,72,72,72,72,72,72,72,79,79,79,79,79,79,79,79,79,79,79,79,89,89],"relic_stats":{"Mark of the Bloom":103,"counters":[28,105],"Golden Idol":222,"Pen Nib":[21],"PreservedInsect":77,"War Paint":["Vault","Halt"],"Smiling Mask":250,"Mercury Hourglass":[303],"OrangePellets":[23],"Centennial Puzzle":[14],"Snecko Eye":[65,61,51,58],"Prayer Wheel":14,"Art of War":[7],"obtain_stats":[{"Lantern":9,"Mark of the Bloom":48,"Vajra":10,"Smiling Mask":7,"Centennial Puzzle":26,"Matryoshka":4,"HornCleat":40,"Strawberry":43,"Prayer Wheel":0,"Runic Pyramid":34,"Potion Belt":9,"Pear":55,"Golden Idol":3,"Damaru":41,"Pen Nib":19,"PreservedInsect":46,"War Paint":23,"White Beast Statue":28,"Akabeko":44,"Mercury Hourglass":14,"OrangePellets":19,"Snecko Eye":17,"Orrery":36,"Art of War":25,"PureWater":0},{"Lantern":4,"Mark of the Bloom":24,"Vajra":5,"Smiling Mask":4,"Centennial Puzzle":14,"Matryoshka":2,"HornCleat":22,"Strawberry":22,"Prayer Wheel":0,"Runic Pyramid":18,"Potion Belt":4,"Pear":27,"Golden Idol":2,"Damaru":22,"Pen Nib":10,"PreservedInsect":24,"War Paint":13,"White Beast Statue":15,"Akabeko":23,"Mercury Hourglass":8,"OrangePellets":10,"Snecko Eye":9,"Orrery":19,"Art of War":14,"PureWater":0},{"Lantern":13,"Mark of the Bloom":82,"Vajra":16,"Smiling Mask":13,"Centennial Puzzle":45,"Matryoshka":7,"HornCleat":73,"Strawberry":73,"Prayer Wheel":0,"Runic Pyramid":59,"Potion Belt":13,"Pear":98,"Golden Idol":7,"Damaru":73,"Pen Nib":31,"PreservedInsect":82,"War Paint":41,"White Beast Statue":47,"Akabeko":77,"Mercury Hourglass":22,"OrangePellets":31,"Snecko Eye":29,"Orrery":61,"Art of War":45,"PureWater":0}]},"card_choices":[{"not_picked":["Protect","FlyingSleeves"],"picked":"SandsOfTime","floor":1.0},{"not_picked":["EmptyBody","LikeWater","PathToVictory"],"picked":"SKIP","floor":1.0},{"not_picked":["Sanctity","PathToVictory"],"picked":"Wallop","floor":2.0},{"not_picked":["ConjureBlade","Wireheading"],"picked":"CrushJoints","floor":2.0},{"not_picked":["Crescendo","LikeWater"],"picked":"ForeignInfluence","floor":5},{"not_picked":["Protect","SashWhip"],"picked":"FlurryOfBlows","floor":5},{"not_picked":["FlyingSleeves","BattleHymn"],"picked":"Halt","floor":10},{"not_picked":["EmptyBody","SashWhip"],"picked":"Adaptation","floor":12},{"not_picked":["SashWhip","Evaluate"],"picked":"LessonLearned","floor":12},{"not_picked":["Conclude","CrushJoints","Crescendo"],"picked":"SKIP","floor":13},{"not_picked":["Consecrate","CutThroughFate","BowlingBash"],"picked":"SKIP","floor":13},{"not_picked":["SashWhip","Evaluate"],"picked":"Omniscience","floor":14},{"not_picked":["Scrawl","MasterReality"],"picked":"DevaForm","floor":16},{"not_picked":["CrushJoints","SandsOfTime"],"picked":"EmptyFist+1","floor":18},{"not_picked":["BowlingBash","EmptyBody","Indignation"],"picked":"SKIP","floor":18},{"not_picked":["LikeWater","ClearTheMind","ReachHeaven"],"picked":"SKIP","floor":20},{"not_picked":["FlurryOfBlows","TalkToTheHand","Evaluate"],"picked":"SKIP","floor":20},{"not_picked":["BowlingBash+1","CrushJoints"],"picked":"Vault","floor":21},{"not_picked":["Consecrate","Pray","BowlingBash"],"picked":"SKIP","floor":21},{"not_picked":["Evaluate+1","EmptyFist","Vengeance"],"picked":"SKIP","floor":23},{"not_picked":["Meditate","ConjureBlade","WindmillStrike"],"picked":"SKIP","floor":25},{"not_picked":["Indignation","SashWhip","Halt"],"picked":"SKIP","floor":28},{"not_picked":["JustLucky","FollowUp+1","CarveReality"],"picked":"SKIP","floor":29},{"not_picked":["WaveOfTheHand","Consecrate","ThirdEye"],"picked":"SKIP","floor":29},{"not_picked":["EmptyBody+1","Pray+1"],"picked":"MentalFortress","floor":31},{"not_picked":["Protect","SashWhip","ReachHeaven"],"picked":"SKIP","floor":31},{"not_picked":["Blasphemy","SpiritShield"],"picked":"Scrawl","floor":33},{"not_picked":["FlurryOfBlows","Protect"],"picked":"SandsOfTime","floor":35},{"not_picked":["Study","BowlingBash","CrushJoints"],"picked":"SKIP","floor":35},{"not_picked":["Vengeance","ThirdEye"],"picked":"WheelKick","floor":36},{"not_picked":["Evaluate","BowlingBash"],"picked":"Wish","floor":36},{"not_picked":["Evaluate","Protect+1"],"picked":"DeusExMachina","floor":37},{"not_picked":["Prostrate","CutThroughFate","Worship"],"picked":"SKIP","floor":37},{"not_picked":["FlyingSleeves+1","ThirdEye"],"picked":"Wallop","floor":38},{"not_picked":["JustLucky","Wallop","Sanctity"],"picked":"SKIP","floor":38},{"not_picked":["The Bomb","Madness"],"picked":"Finesse","floor":39},{"not_picked":["Flash of Steel","Blind"],"picked":"Panacea","floor":39},{"not_picked":["ReachHeaven","Prostrate+1"],"picked":"EmptyMind+1","floor":40},{"not_picked":["JustLucky","Weave","Consecrate"],"picked":"SKIP","floor":44},{"not_picked":["Prostrate","TalkToTheHand","Vengeance"],"picked":"SKIP","floor":46},{"not_picked":["EmptyFist","ClearTheMind","LessonLearned"],"picked":"SKIP","floor":55}],"player_experience":1012799,"relics_obtained":[{"floor":4.0,"key":"Matryoshka"},{"floor":7,"key":"Smiling Mask"},{"floor":9,"key":"Potion Belt"},{"floor":9,"key":"Lantern"},{"floor":10,"key":"Vajra"},{"floor":14,"key":"Mercury Hourglass"},{"floor":23,"key":"War Paint"},{"floor":25,"key":"Art of War"},{"floor":26,"key":"Centennial Puzzle"},{"floor":28,"key":"White Beast Statue"},{"floor":40,"key":"HornCleat"},{"floor":41,"key":"Damaru"},{"floor":43,"key":"Strawberry"},{"floor":44,"key":"Akabeko"},{"floor":46,"key":"PreservedInsect"},{"floor":55,"key":"Pear"}],"event_choices":[{"damage_healed":0.0,"max_hp_gain":0.0,"max_hp_loss":6.0,"gold_gain":0.0,"event_name":"Golden Idol","player_choice":"Lose Max HP","floor":3.0,"gold_loss":0.0,"damage_taken":0.0,"relics_obtained":["Golden Idol"]},{"damage_healed":0,"gold_gain":30,"player_choice":"Searched \u00272\u0027 times","damage_taken":0,"max_hp_gain":0,"max_hp_loss":0,"event_name":"Dead Adventurer","floor":7,"gold_loss":0},{"damage_healed":0,"gold_gain":0,"player_choice":"Simplicity","damage_taken":0,"max_hp_gain":0,"max_hp_loss":5,"event_name":"betterThird:BetterWriting","floor":22,"gold_loss":0},{"cards_removed":["LessonLearned"],"damage_healed":17,"gold_gain":0,"player_choice":"Offered Rare","damage_taken":0,"max_hp_gain":10,"max_hp_loss":0,"event_name":"Bonfire Elementals","floor":24,"gold_loss":0},{"damage_healed":0,"gold_gain":0,"player_choice":"Memory 3","damage_taken":10,"max_hp_gain":0,"max_hp_loss":0,"event_name":"SensoryStone","floor":39,"gold_loss":0},{"damage_healed":0,"gold_gain":0,"player_choice":"Upgrade","damage_taken":0,"relics_obtained":["Mark of the Bloom"],"max_hp_gain":0,"max_hp_loss":0,"event_name":"MindBloom","floor":48,"gold_loss":0,"cards_upgraded":["SandsOfTime","Wallop","CrushJoints","Adaptation","DevaForm","DevaForm","Tantrum","Scrawl","SandsOfTime","WheelKick","Wish","DeusExMachina","Wallop","Finesse"]}],"is_beta":false,"boss_relics":[{"not_picked":["Tiny House","Black Star"],"picked":"Snecko Eye"},{"not_picked":["Velvet Choker","Calling Bell"],"picked":"Runic Pyramid"}],"items_purged_floors":[19,30,45,54],"is_endless":false,"potions_floor_spawned":[2,7,13,14,20,25,29,31,33,35,37,38,40,44,46,55],"ascension_level":20}}