{"host":"1637j8siz7lzgd5k","time":1608804656,"event":{"mods":["BaseMod","Colored Map","Minty Spire (QoL Compilation)","StSLib","SuperFastMode"],"gold_per_floor":[219,219,234,234,117,117,17,29,29,29,29,56,56,56,56,128,128,140,140,159,159,159,159,190,190,190,210,228,241,40,60,60,138,138,157,47,67,67,79,79,79,109,155,205,230,230,61,61,61],"floor_reached":48,"playtime":980,"items_purged":["Strike_G","Strike_G","Strike_G+1"],"score":1033,"play_id":"5d4284ef-7d9f-4c5a-b516-64681534bc1d","local_time":"20201224191056","is_ascension_mode":true,"campfire_choices":[{"data":"Bouncing Flask","floor":6.0,"key":"SMITH"},{"data":"Neutralize","floor":11.0,"key":"SMITH"},{"data":"Dagger Spray","floor":13.0,"key":"SMITH"},{"floor":15.0,"key":"REST"},{"data":"PiercingWail","floor":23.0,"key":"SMITH"},{"data":"Terror","floor":25,"key":"SMITH"},{"floor":32,"key":"REST"},{"data":"Envenom","floor":40,"key":"SMITH"},{"floor":46,"key":"REST"}],"circlet_count":0,"master_deck":["AscendersBane","Defend_G+1","Defend_G+1","Defend_G+1","Defend_G+1","Survivor+1","Neutralize+1","Terror+1","Dagger Spray+1","After Image","Adrenaline+1","Blade Dance+1","Calculated Gamble+1","PiercingWail+1","Escape Plan","Envenom+1","Calculated Gamble","Footwork+1","Adrenaline","PiercingWail+1","Calculated Gamble+1","PiercingWail+1"],"relics":["Ring of the Snake","CaptainsWheel","Sundial","Centennial Puzzle","Astrolabe","MutagenicStrength","Akabeko","Calipers","SlaversCollar","Strawberry","Bag of Preparation","Prayer Wheel","Lee\u0027s Waffle"],"acts_visited":["Exordium","TheCity","TheBeyond"],"potions_floor_usage":[24,33,33],"damage_taken":[{"damage":2.0,"enemies":"2 Louse","floor":1.0,"turns":4.0},{"damage":0.0,"enemies":"Cultist","floor":3.0,"turns":3.0},{"damage":0.0,"enemies":"Jaw Worm","floor":8.0,"turns":4.0},{"damage":20.0,"enemies":"3 Sentries","floor":12.0,"turns":6.0},{"damage":24.0,"enemies":"The Guardian","floor":16.0,"turns":8.0},{"damage":4.0,"enemies":"Shell Parasite","floor":18.0,"turns":4.0},{"damage":0.0,"enemies":"Spheric Guardian","floor":20.0,"turns":3.0},{"damage":20,"enemies":"Gremlin Leader","floor":24,"turns":5},{"damage":0,"enemies":"3 Cultists","floor":27,"turns":3},{"damage":9,"enemies":"Shelled Parasite and Fungi","floor":28,"turns":4},{"damage":0,"enemies":"Cultist and Chosen","floor":29,"turns":5},{"damage":0,"enemies":"Snake Plant","floor":31,"turns":5},{"damage":41,"enemies":"Collector","floor":33,"turns":8},{"damage":13,"enemies":"Orb Walker","floor":35,"turns":2},{"damage":0,"enemies":"3 Darklings","floor":37,"turns":5},{"damage":0,"enemies":"Spire Growth","floor":39,"turns":7},{"damage":7,"enemies":"Nemesis","floor":42,"turns":9},{"damage":34,"enemies":"Giant Head","floor":45,"turns":9},{"damage":0,"enemies":"Nemesis","floor":48,"turns":4}],"seed_played":"6817550250451414146","potions_obtained":[{"floor":1.0,"key":"SkillPotion"},{"floor":12.0,"key":"DistilledChaos"},{"floor":18.0,"key":"Strength Potion"},{"floor":28,"key":"Weak Potion"},{"floor":31,"key":"Strength Potion"},{"floor":33,"key":"AttackPotion"},{"floor":35,"key":"Poison Potion"},{"floor":39,"key":"CunningPotion"},{"floor":42,"key":"Dexterity Potion"}],"is_trial":false,"path_per_floor":["M","?","M","?","$","R","$","M","T","?","R","E","R","?","R","B",null,"M","?","M","?","?","R","E","R","T","M","M","M","$","M","R","B",null,"M","?","M","$","M","R","$","E","T","?","E","R","$","E"],"character_chosen":"THE_SILENT","items_purchased":["Bouncing Flask","Footwork","Lee\u0027s Waffle"],"campfire_rested":3,"item_purchase_floors":[5,30,47],"current_hp_per_floor":[57,57,57,62,62,62,62,62,62,41,41,21,21,21,42,18,58,54,54,54,54,54,54,34,34,34,34,25,25,25,25,46,5,55,42,42,42,42,42,42,42,42,42,42,8,31,85,85,85],"gold":61,"neow_bonus":"HUNDRED_GOLD","is_daily":false,"chose_seed":false,"campfire_upgraded":6,"win_rate":0.0,"timestamp":1608804656,"path_taken":["M","?","?","?","?","R","$","?","T","?","R","E","R","?","R","BOSS","M","?","M","?","?","R","E","R","T","M","M","M","$","M","R","BOSS","M","?","?","$","?","R","$","E","T","?","E","R","$","E"],"items_purchased_type":["Card","Card","Relic"],"build_version":"2020-12-22","purchased_purges":3,"victory":false,"max_hp_per_floor":[66,66,66,71,71,71,71,71,71,71,71,71,71,71,71,71,71,71,71,71,71,71,71,71,71,71,71,71,71,71,71,71,71,71,71,71,71,71,71,71,71,78,78,78,78,78,85,85,85],"card_choices":[{"not_picked":["Quick Slash","Sucker Punch"],"picked":"Terror","floor":1.0},{"not_picked":["Cloak And Dagger","Prepared"],"picked":"Dagger Spray","floor":3.0},{"not_picked":["Deflect","Riddle With Holes","Dodge and Roll"],"picked":"SKIP","floor":8.0},{"not_picked":["Deflect","Prepared"],"picked":"After Image","floor":12.0},{"not_picked":["Deadly Poison+1","Masterful Stab","Infinite Blades"],"picked":"SKIP","floor":18.0},{"not_picked":["Distraction","Outmaneuver"],"picked":"PiercingWail","floor":20.0},{"not_picked":["Quick Slash","Dagger Throw"],"picked":"Escape Plan","floor":24},{"not_picked":["Deadly Poison","Bane"],"picked":"Envenom","floor":27},{"not_picked":["Dagger Throw","Flying Knee","Sucker Punch"],"picked":"SKIP","floor":28},{"not_picked":["Prepared+1","Slice"],"picked":"Calculated Gamble","floor":29},{"not_picked":["Poisoned Stab","Terror","Slice"],"picked":"SKIP","floor":31},{"not_picked":["Venomology","Tools of the Trade"],"picked":"Adrenaline","floor":33},{"not_picked":["Cloak And Dagger","Endless Agony"],"picked":"PiercingWail+1","floor":35},{"not_picked":["Concentrate","Outmaneuver","Leg Sweep+1"],"picked":"SKIP","floor":37},{"not_picked":["Deadly Poison","Escape Plan+1"],"picked":"Calculated Gamble+1","floor":39},{"not_picked":["Noxious Fumes","Blur"],"picked":"PiercingWail+1","floor":42},{"not_picked":["Poisoned Stab","Flying Knee+1","Outmaneuver"],"picked":"SKIP","floor":45}],"player_experience":813272,"relics_obtained":[{"floor":9.0,"key":"Sundial"},{"floor":12.0,"key":"Centennial Puzzle"},{"floor":24,"key":"Akabeko"},{"floor":26,"key":"Calipers"},{"floor":42,"key":"Strawberry"},{"floor":43,"key":"Bag of Preparation"},{"floor":45,"key":"Prayer Wheel"}],"event_choices":[{"damage_healed":0.0,"max_hp_gain":0.0,"max_hp_loss":0.0,"gold_gain":0.0,"event_name":"WeMeetAgain","player_choice":"Gave Potion","floor":2.0,"gold_loss":0.0,"damage_taken":0.0,"relics_obtained":["CaptainsWheel"]},{"damage_healed":0.0,"max_hp_gain":5.0,"max_hp_loss":0.0,"gold_gain":0.0,"event_name":"Big Fish","player_choice":"Donut","floor":4.0,"gold_loss":0.0,"damage_taken":0.0},{"damage_healed":0.0,"max_hp_gain":0.0,"max_hp_loss":0.0,"gold_gain":0.0,"event_name":"Shining Light","player_choice":"Entered Light","floor":10.0,"gold_loss":0.0,"damage_taken":21.0,"cards_upgraded":["Defend_G","Survivor"]},{"damage_healed":0.0,"max_hp_gain":0.0,"max_hp_loss":0.0,"gold_gain":0.0,"event_name":"Liars Game","player_choice":"Ignored","floor":14.0,"gold_loss":0.0,"damage_taken":0.0},{"damage_healed":0.0,"max_hp_gain":0.0,"max_hp_loss":0.0,"gold_gain":0.0,"event_name":"Drug Dealer","player_choice":"Inject Mutagens","floor":19.0,"gold_loss":0.0,"damage_taken":0.0,"relics_obtained":["MutagenicStrength"]},{"damage_healed":0.0,"max_hp_gain":0.0,"max_hp_loss":0.0,"gold_gain":0.0,"event_name":"Back to Basics","player_choice":"Simplicity","floor":21.0,"gold_loss":0.0,"damage_taken":0.0,"cards_upgraded":["Strike_G","Defend_G","Defend_G","Defend_G"]},{"damage_healed":0.0,"max_hp_gain":0.0,"max_hp_loss":0.0,"gold_gain":0.0,"event_name":"Vampires","player_choice":"Ignored","floor":22.0,"gold_loss":0.0,"damage_taken":0.0},{"cards_removed":["Bouncing Flask"],"damage_healed":0,"gold_gain":0,"player_choice":"Upgrade and Remove","damage_taken":0,"max_hp_gain":0,"max_hp_loss":0,"event_name":"Designer","floor":36,"gold_loss":110,"cards_upgraded":["Footwork"]},{"damage_healed":0,"gold_gain":50,"player_choice":"Pray","damage_taken":0,"max_hp_gain":0,"max_hp_loss":0,"event_name":"Golden Shrine","floor":44,"gold_loss":0}],"is_beta":false,"boss_relics":[{"not_picked":["Runic Pyramid","Tiny House"],"picked":"Astrolabe"},{"not_picked":["Empty Cage","HoveringKite"],"picked":"SlaversCollar"}],"items_purged_floors":[5,7,30],"is_endless":false,"potions_floor_spawned":[1,12,18,28,31,33,35,37,39,42],"killed_by":"Nemesis","ascension_level":20}}