{"host":"reretk0dz0kj8f1n","time":1608854036,"event":{"mods":["Arknights The Spire","BaseMod","Colored Map","Minty Spire (QoL Compilation)","StSLib"],"gold_per_floor":[112,112,4,23,36,63,63],"floor_reached":6,"playtime":187,"items_purged":["ats:Strike V"],"score":46,"play_id":"071baf58-a93f-4ac6-b7c7-52361ffa6c18","local_time":"20201225085356","is_ascension_mode":false,"campfire_choices":[],"circlet_count":0,"master_deck":["ats:Strike C","ats:Strike G","ats:Strike S","ats:Armor Crushing Shot","ats:Defend","ats:Defend","ats:Defend","ats:Defend","ats:Emotion Absorption","ats:Defend Order","ats:Revitalization","ats:Revitalization"],"relics":["ats:Sanity","NeowsBlessing","ats:Originium","Orichalcum"],"acts_visited":["Exordium"],"potions_floor_usage":[6],"damage_taken":[{"damage":0,"enemies":"Jaw Worm","floor":1,"turns":1},{"damage":0,"enemies":"Cultist","floor":4,"turns":1},{"damage":0,"enemies":"2 Louse","floor":5,"turns":1},{"damage":87,"enemies":"Gremlin Nob","floor":6,"turns":7}],"seed_played":"-1637427351099553925","potions_obtained":[{"floor":1,"key":"LiquidBronze"},{"floor":4,"key":"Explosive Potion"},{"floor":6,"key":"Strength Potion"}],"is_trial":false,"path_per_floor":["M","?","$","M","M","E"],"character_chosen":"DOCTOR_CLASS","items_purchased":["ats:Defend Order"],"campfire_rested":0,"item_purchase_floors":[3],"current_hp_per_floor":[72,72,72,72,72,1,1],"gold":63,"neow_bonus":"THREE_ENEMY_KILL","is_daily":false,"chose_seed":false,"campfire_upgraded":0,"win_rate":0.0,"timestamp":1608854036,"path_taken":["M","?","$","?","M","E"],"items_purchased_type":["Card"],"build_version":"2020-12-22","purchased_purges":1,"victory":false,"max_hp_per_floor":[72,72,72,72,72,72,72],"card_choices":[{"not_picked":["ats:Consecutive Shot Auto","ats:Hammer On"],"picked":"ats:Support Order","floor":1},{"not_picked":["ats:Rapid Magazine","ats:Ignite"],"picked":"ats:Revitalization","floor":4},{"not_picked":["ats:Curse Doll","ats:Automatic Cover"],"picked":"ats:Revitalization","floor":5}],"player_experience":237391,"relics_obtained":[{"floor":6,"key":"ats:Originium"},{"floor":6,"key":"Orichalcum"}],"event_choices":[{"cards_removed":["ats:Support Order"],"damage_healed":0,"gold_gain":0,"player_choice":"Offered Uncommon","damage_taken":0,"max_hp_gain":0,"max_hp_loss":0,"event_name":"Bonfire Elementals","floor":2,"gold_loss":0}],"is_beta":false,"boss_relics":[],"items_purged_floors":[3],"is_endless":false,"potions_floor_spawned":[1,4,6],"killed_by":"Gremlin Nob","ascension_level":0}}