{"host":"uv231blk40vjdojr","time":1608817123,"event":{"mods":["BaseMod","Minty Spire (QoL Compilation)","Relic Stats"],"gold_per_floor":[117,117,136,152,152,152,187,187,269,296,315,315,334,334,334,407,407,407,407,12,12,12,12,12,12,12,12,12,12,12,12,12,12,12,12,12,12,12,12,12,12,12,12],"floor_reached":42,"playtime":3621,"items_purged":["Strike_R"],"score":817,"play_id":"e15ef710-7fd2-4288-8ffa-e7dd97767130","local_time":"20201224143843","is_ascension_mode":true,"campfire_choices":[{"data":"Rampage","floor":6.0,"key":"SMITH"},{"data":"Bludgeon","floor":8,"key":"SMITH"},{"data":"Bash","floor":12,"key":"SMITH"},{"floor":15,"key":"REST"},{"floor":23,"key":"REST"},{"floor":27,"key":"REST"},{"floor":32,"key":"REST"},{"floor":41,"key":"REST"}],"circlet_count":0,"master_deck":["AscendersBane","Strike_R","Strike_R","Strike_R","Strike_R","Defend_R","Defend_R","Defend_R","Defend_R","Bash+1","CurseOfTheBell","Disarm","Bludgeon+1","Twin Strike","Rampage+1","Feed","True Grit+1","True Grit+1","Sentinel+1","Armaments+1","Pain","Reaper","Impervious+1"],"relics":["Calling Bell","Pen Nib","White Beast Statue","Magic Flower","Ancient Tea Set","InkBottle","Lizard Tail","Sundial","Ectoplasm","Toxic Egg 2","Nilry\u0027s Codex","Ornamental Fan","Potion Belt","WarpedTongs","Fusion Hammer","Dream Catcher"],"acts_visited":["Exordium","TheCity","TheBeyond"],"potions_floor_usage":[7,10,11,19,22,24,31,33,33,33,35,37,42],"damage_taken":[{"damage":2.0,"enemies":"Jaw Worm","floor":1.0,"turns":3.0},{"damage":1.0,"enemies":"Cultist","floor":3.0,"turns":3.0},{"damage":11.0,"enemies":"2 Louse","floor":4.0,"turns":3.0},{"damage":16,"enemies":"Gremlin Nob","floor":7,"turns":3},{"damage":5,"enemies":"3 Sentries","floor":10,"turns":4},{"damage":5,"enemies":"Gremlin Gang","floor":11,"turns":3},{"damage":11,"enemies":"Blue Slaver","floor":13,"turns":3},{"damage":37,"enemies":"The Guardian","floor":16,"turns":8},{"damage":12,"enemies":"Chosen","floor":18,"turns":2},{"damage":10,"enemies":"3 Byrds","floor":19,"turns":5},{"damage":5,"enemies":"Sentry and Sphere","floor":22,"turns":3},{"damage":30,"enemies":"Gremlin Leader","floor":24,"turns":7},{"damage":2,"enemies":"Snecko","floor":29,"turns":4},{"damage":32,"enemies":"Centurion and Healer","floor":31,"turns":5},{"damage":67,"enemies":"Automaton","floor":33,"turns":12},{"damage":10,"enemies":"Orb Walker","floor":35,"turns":4},{"damage":15,"enemies":"3 Darklings","floor":37,"turns":5},{"damage":43,"enemies":"Nemesis","floor":40,"turns":9},{"damage":73,"enemies":"Reptomancer","floor":42,"turns":5}],"seed_played":"-7943376581684470935","potions_obtained":[{"floor":1.0,"key":"Explosive Potion"},{"floor":3.0,"key":"SmokeBomb"},{"floor":4.0,"key":"Swift Potion"},{"floor":7,"key":"SneckoOil"},{"floor":10,"key":"SkillPotion"},{"floor":11,"key":"SkillPotion"},{"floor":13,"key":"SteroidPotion"},{"floor":16,"key":"Energy Potion"},{"floor":18,"key":"Strength Potion"},{"floor":19,"key":"SneckoOil"},{"floor":22,"key":"Strength Potion"},{"floor":24,"key":"ElixirPotion"},{"floor":29,"key":"Strength Potion"},{"floor":31,"key":"Fire Potion"},{"floor":33,"key":"GamblersBrew"},{"floor":35,"key":"Weak Potion"},{"floor":37,"key":"DistilledChaos"},{"floor":40,"key":"SpeedPotion"}],"is_trial":false,"path_per_floor":["M","?","M","M","?","R","E","R","T","E","M","R","M","?","R","B",null,"M","M","$","?","M","R","E","?","T","R","$","M","?","M","R","B",null,"M","$","M","$","?","E","R","E"],"character_chosen":"IRONCLAD","items_purchased":["Toxic Egg 2","True Grit+1"],"campfire_rested":5,"item_purchase_floors":[20,20],"current_hp_per_floor":[66,66,65,54,54,54,38,38,38,33,28,28,17,17,39,2,57,50,45,45,24,24,49,19,19,19,44,44,42,42,10,35,44,74,69,69,60,60,60,17,42,0,0],"gold":12,"neow_bonus":"BOSS_RELIC","is_daily":false,"chose_seed":false,"campfire_upgraded":3,"win_rate":0.0,"timestamp":1608817123,"path_taken":["M","?","?","M","?","R","E","R","T","E","M","R","M","?","R","BOSS","M","?","$","?","M","R","E","?","T","R","?","M","?","M","R","BOSS","M","?","M","?","?","E","R","E"],"items_purchased_type":["Relic","Card"],"build_version":"2020-12-22","purchased_purges":1,"victory":false,"max_hp_per_floor":[75,75,75,75,75,75,75,75,75,75,75,75,75,75,75,75,75,78,81,81,81,84,84,84,84,84,84,84,84,84,84,84,84,84,87,87,91,91,86,86,86,86,86],"relic_stats":{"Lizard Tail":63,"Dream Catcher":1,"counters":[19,91],"Sundial":[10],"Ornamental Fan":[44],"Magic Flower":[38],"Pen Nib":[17],"Ectoplasm":314,"obtain_stats":[{"Potion Belt":26,"Nilry\u0027s Codex":21,"Magic Flower":0,"Pen Nib":0,"Ancient Tea Set":7,"Burning Blood":0,"White Beast Statue":0,"WarpedTongs":30,"Calling Bell":0,"Lizard Tail":10,"Dream Catcher":40,"Sundial":14,"Ornamental Fan":24,"Ectoplasm":17,"Fusion Hammer":34,"Toxic Egg 2":20,"InkBottle":9},{"Potion Belt":12,"Nilry\u0027s Codex":10,"Magic Flower":0,"Pen Nib":0,"Ancient Tea Set":4,"Burning Blood":0,"White Beast Statue":0,"WarpedTongs":13,"Calling Bell":0,"Lizard Tail":5,"Dream Catcher":18,"Sundial":7,"Ornamental Fan":12,"Ectoplasm":8,"Fusion Hammer":15,"Toxic Egg 2":10,"InkBottle":4},{"Potion Belt":47,"Nilry\u0027s Codex":37,"Magic Flower":0,"Pen Nib":0,"Ancient Tea Set":12,"Burning Blood":0,"White Beast Statue":0,"WarpedTongs":51,"Calling Bell":0,"Lizard Tail":16,"Dream Catcher":86,"Sundial":22,"Ornamental Fan":47,"Ectoplasm":30,"Fusion Hammer":68,"Toxic Egg 2":37,"InkBottle":12}],"InkBottle":[24],"WarpedTongs":[36]},"card_choices":[{"not_picked":["Havoc","Iron Wave"],"picked":"Disarm","floor":1.0},{"not_picked":["Metallicize","Anger"],"picked":"Rampage","floor":3.0},{"not_picked":["Disarm","Sever Soul","Spot Weakness"],"picked":"SKIP","floor":4.0},{"not_picked":["True Grit","Limit Break","Entrench"],"picked":"SKIP","floor":7},{"not_picked":["Headbutt","Hemokinesis","Wild Strike"],"picked":"SKIP","floor":10},{"not_picked":["Reckless Charge","Hemokinesis","Anger"],"picked":"SKIP","floor":11},{"not_picked":["Anger","Dropkick","Intimidate"],"picked":"SKIP","floor":13},{"not_picked":["Fiend Fire","Exhume"],"picked":"Feed","floor":16},{"not_picked":["Metallicize","Heavy Blade","Second Wind"],"picked":"SKIP","floor":18},{"not_picked":["Dark Embrace","Wild Strike"],"picked":"True Grit+1","floor":19},{"not_picked":["Inflame","Heavy Blade+1"],"picked":"Sentinel+1","floor":22},{"not_picked":["Dropkick","Twin Strike"],"picked":"Armaments+1","floor":24},{"not_picked":["Headbutt","Clothesline","Heavy Blade"],"picked":"SKIP","floor":29},{"not_picked":["Immolate","Combust","Flex+1"],"picked":"SKIP","floor":31},{"not_picked":["Juggernaut","Immolate"],"picked":"Reaper","floor":33},{"not_picked":["Armaments+1","Headbutt","Entrench+1"],"picked":"SKIP","floor":35},{"not_picked":["Rampage","Sword Boomerang","Wild Strike+1"],"picked":"SKIP","floor":37},{"not_picked":["Dual Wield+1","Iron Wave"],"picked":"Impervious+1","floor":40}],"player_experience":526169,"relics_obtained":[{"floor":0.0,"key":"Pen Nib"},{"floor":0.0,"key":"White Beast Statue"},{"floor":0.0,"key":"Magic Flower"},{"floor":7,"key":"Ancient Tea Set"},{"floor":9,"key":"InkBottle"},{"floor":10,"key":"Lizard Tail"},{"floor":21,"key":"Nilry\u0027s Codex"},{"floor":24,"key":"Ornamental Fan"},{"floor":26,"key":"Potion Belt"},{"floor":40,"key":"Dream Catcher"}],"event_choices":[{"damage_healed":0.0,"max_hp_gain":0.0,"max_hp_loss":0.0,"gold_gain":0.0,"event_name":"Match and Keep!","player_choice":"2 cards matched","floor":2.0,"gold_loss":0.0,"damage_taken":0.0,"cards_obtained":["Bludgeon","Twin Strike"]},{"damage_healed":0.0,"max_hp_gain":0.0,"max_hp_loss":0.0,"gold_gain":0.0,"event_name":"Liars Game","player_choice":"Ignored","floor":5.0,"gold_loss":0.0,"damage_taken":0.0},{"damage_healed":0,"gold_gain":0,"player_choice":"Gave Potion","damage_taken":0,"relics_obtained":["Sundial"],"max_hp_gain":0,"max_hp_loss":0,"event_name":"WeMeetAgain","floor":14,"gold_loss":0},{"damage_healed":0,"gold_gain":0,"player_choice":"Obtained Book","damage_taken":21,"max_hp_gain":0,"max_hp_loss":0,"event_name":"Cursed Tome","floor":21,"gold_loss":0},{"damage_healed":0,"gold_gain":50,"player_choice":"Stole From Cult","damage_taken":0,"max_hp_gain":0,"max_hp_loss":0,"event_name":"Nest","floor":25,"gold_loss":0},{"damage_healed":0,"gold_gain":0,"player_choice":"Rummage","damage_taken":0,"relics_obtained":["WarpedTongs"],"max_hp_gain":0,"max_hp_loss":0,"event_name":"Accursed Blacksmith","floor":30,"gold_loss":0,"cards_obtained":["Pain"]},{"damage_healed":0,"gold_gain":0,"player_choice":"Max HP","damage_taken":0,"max_hp_gain":0,"max_hp_loss":5,"event_name":"Winding Halls","floor":39,"gold_loss":0}],"is_beta":false,"boss_relics":[{"not_picked":["Runic Cube","Pandora\u0027s Box"],"picked":"Ectoplasm"},{"not_picked":["Snecko Eye","Runic Dome"],"picked":"Fusion Hammer"}],"items_purged_floors":[20],"is_endless":false,"potions_floor_spawned":[1,3,4,7,10,11,13,16,18,19,22,24,29,31,33,35,37,40],"killed_by":"Reptomancer","ascension_level":16}}