{"host":"5dzuyvrjb30uqvwu","time":1608853524,"event":{"mods":["AchievementEnabler","BaseMod","Colored Powertips","Lobotomy","Minty Spire (QoL Compilation)","Quick Restart","slay the spire mod where everything is the same but ironclad has a cowboy hat"],"gold_per_floor":[116,129,129,60,76,108,136,311,311,311,336,336,336,353,353,452,452,468,485,485,500,181,215,228,261,341,366,53,53,53,72,72,173,173,184,534,291,311,35,35,52,52,52],"floor_reached":42,"playtime":2820,"items_purged":["Defend_R","SnowQueen","Defend_R"],"score":512,"play_id":"bfeff8a0-f7af-4f53-b0f0-a8cda418a39f","local_time":"20201224154524","is_ascension_mode":true,"campfire_choices":[{"data":"Rampage","floor":10.0,"key":"SMITH"},{"data":"Metallicize","floor":12.0,"key":"SMITH"},{"data":"Pommel Strike","floor":15.0,"key":"SMITH"},{"data":"Offering","floor":29.0,"key":"SMITH"},{"data":"Pommel Strike","floor":32.0,"key":"SMITH"},{"floor":40.0,"key":"RECALL"}],"circlet_count":0,"master_deck":["Strike_R","Strike_R","Defend_R","Defend_R","Bash","Scorched","Rampage+1","Mercenary","Metallicize+1","WallGazer","Pommel Strike+1","PunishingBird","Pommel Strike+1","CrumblingArmor","Offering+1","Whirlwind+1","Inflame+1","Woodsman","Pommel Strike+1","Dual Wield+1","Barricade","Heavy Blade+1","BodiesMountain","Rupture","BigBird"],"relics":["Burning Blood","CogitoBucket","RabbitCall","Magic Flower","Odd Mushroom","Torii","Bronze Scales","AspirationHeart","Empty Cage","MutagenicStrength","Bottled Lightning","PreservedInsect","ResearcherNote","Bag of Preparation","Self Forming Clay","TungstenRod","Runic Pyramid","HellTrain","AtMidnight","Old Coin","Strange Spoon","Pen Nib"],"acts_visited":["Exordium","TheCity","TheBeyond"],"potions_floor_usage":[42],"damage_taken":[{"damage":6.0,"enemies":"Cultist","floor":1.0,"turns":3.0},{"damage":11.0,"enemies":"Jaw Worm","floor":2.0,"turns":2.0},{"damage":5.0,"enemies":"Small Slimes","floor":5.0,"turns":3.0},{"damage":9.0,"enemies":"3 Sentries","floor":6.0,"turns":4.0},{"damage":21.0,"enemies":"The Mushroom Lair","floor":7.0,"turns":3.0},{"damage":38.0,"enemies":"Lagavulin","floor":11.0,"turns":7.0},{"damage":6.0,"enemies":"3 Louse","floor":14.0,"turns":3.0},{"damage":18.0,"enemies":"The Guardian","floor":16.0,"turns":6.0},{"damage":33.0,"enemies":"2 Thieves","floor":18.0,"turns":3.0},{"damage":11.0,"enemies":"Shell Parasite","floor":19.0,"turns":3.0},{"damage":49.0,"enemies":"Centurion and Healer","floor":21.0,"turns":3.0},{"damage":14.0,"enemies":"Gremlin Leader","floor":23.0,"turns":4.0},{"damage":0.0,"enemies":"Sentry and Sphere","floor":24.0,"turns":1.0},{"damage":33.0,"enemies":"Book of Stabbing","floor":25.0,"turns":4.0},{"damage":26.0,"enemies":"Gremlin Leader","floor":27.0,"turns":4.0},{"damage":21.0,"enemies":"Snake Plant","floor":31.0,"turns":3.0},{"damage":25.0,"enemies":"Collector","floor":33.0,"turns":8.0},{"damage":25.0,"enemies":"Orb Walker","floor":35.0,"turns":11.0},{"damage":17.0,"enemies":"Mind Bloom Boss Battle","floor":36.0,"turns":6.0},{"damage":6.0,"enemies":"3 Darklings","floor":38.0,"turns":2.0},{"damage":12.0,"enemies":"4 Shapes","floor":41.0,"turns":1.0},{"damage":44,"enemies":"Transient","floor":42,"turns":2}],"seed_played":"4360977590817723795","potions_obtained":[{"floor":7.0,"key":"Fire Potion"},{"floor":14.0,"key":"FairyPotion"},{"floor":16.0,"key":"BlessingOfTheForge"},{"floor":24.0,"key":"Ancient Potion"},{"floor":25.0,"key":"SpeedPotion"},{"floor":33.0,"key":"PowerPotion"}],"is_trial":false,"path_per_floor":["M","M","?","$","M","E","?","?","T","R","E","R","?","M","R","B",null,"M","M","?","M","$","E","M","E","T","E","$","R","?","M","R","B",null,"M","?","$","M","$","R","M","M"],"character_chosen":"IRONCLAD","items_purchased":["Metallicize","Bottled Lightning","TungstenRod","Strange Spoon","Pen Nib"],"campfire_rested":0,"item_purchase_floors":[4,22,28,37,39],"current_hp_per_floor":[80,75,75,75,76,73,61,61,61,61,41,41,41,54,54,45,90,69,67,67,33,33,79,29,59,59,90,90,90,90,90,90,90,90,90,90,90,90,90,90,90,62,62],"gold":52,"neow_bonus":"","is_daily":false,"chose_seed":false,"campfire_upgraded":5,"win_rate":0.0,"timestamp":1608853524,"path_taken":["M","M","?","$","M","E","?","?","T","R","E","R","?","M","R","BOSS","M","M","?","M","$","E","M","E","T","E","$","R","?","?","R","BOSS","M","?","$","M","$","R","M","M"],"items_purchased_type":["Card","Relic","Relic","Relic","Relic"],"build_version":"2020-12-22","purchased_purges":3,"victory":false,"max_hp_per_floor":[80,80,80,80,80,80,80,80,80,80,80,80,80,90,90,90,90,90,90,90,90,90,90,90,90,90,90,90,90,90,90,90,90,90,90,90,90,90,90,90,90,90,90],"card_choices":[{"not_picked":["Freischutz","Bloodbath","Murderer"],"picked":"Singing Bowl","floor":1.0},{"not_picked":["Rudolta","Wellcheers"],"picked":"Scorched","floor":1.0},{"not_picked":["Wild Strike","Cleave"],"picked":"Rampage","floor":1.0},{"not_picked":["BeautyBeast","Porccubus"],"picked":"Mercenary","floor":2.0},{"not_picked":["Corruption","Twin Strike","Havoc"],"picked":"SKIP","floor":2.0},{"not_picked":["BeautyBeast","CherryBlossoms"],"picked":"WallGazer","floor":5.0},{"not_picked":["Wild Strike","Intimidate"],"picked":"Pommel Strike","floor":5.0},{"not_picked":["SingingMachine","UniverseFragment","Bloodbath"],"picked":"Singing Bowl","floor":6.0},{"not_picked":["Perfected Strike","Intimidate","Clothesline"],"picked":"SKIP","floor":6.0},{"not_picked":["MHz","Scarecrow"],"picked":"PunishingBird","floor":7.0},{"not_picked":["Sword Boomerang","Battle Trance"],"picked":"Pommel Strike","floor":7.0},{"not_picked":["FairyFestival","RedShoes"],"picked":"CrumblingArmor","floor":11.0},{"not_picked":["Anger","Spot Weakness","Blood for Blood"],"picked":"SKIP","floor":11.0},{"not_picked":["OldLady","Scarecrow","MHz"],"picked":"Singing Bowl","floor":14.0},{"not_picked":["Sword Boomerang","Twin Strike","Havoc"],"picked":"SKIP","floor":14.0},{"not_picked":["SpiderBud","GreedKing","CherryBlossoms"],"picked":"Singing Bowl","floor":16.0},{"not_picked":["SpiderBud","MHz"],"picked":"SnowQueen","floor":16.0},{"not_picked":["Fiend Fire","Bludgeon"],"picked":"Offering","floor":16.0},{"not_picked":["Funeral","Murderer"],"picked":"Yin","floor":18.0},{"not_picked":["Warcry","Sword Boomerang"],"picked":"Whirlwind+1","floor":18.0},{"not_picked":["Wild Strike","Flex"],"picked":"Inflame+1","floor":19.0},{"not_picked":["ShyLook","Wellcheers"],"picked":"Woodsman","floor":21.0},{"not_picked":["Searing Blow","Seeing Red","Pommel Strike"],"picked":"SKIP","floor":21.0},{"not_picked":["FieryBird","MHz","Freischutz"],"picked":"Singing Bowl","floor":23.0},{"not_picked":["Perfected Strike","Shockwave","Clash+1"],"picked":"SKIP","floor":23.0},{"not_picked":["DespairKnight","MHz","GalaxyChild"],"picked":"Singing Bowl","floor":24.0},{"not_picked":["Headbutt","Battle Trance"],"picked":"Pommel Strike+1","floor":24.0},{"not_picked":["SpiderBud","HappyTeddy","MHz"],"picked":"Singing Bowl","floor":25.0},{"not_picked":["Heavy Blade","Warcry+1","Battle Trance"],"picked":"SKIP","floor":25.0},{"not_picked":["BigBadWolf","Wellcheers","Bloodbath"],"picked":"Singing Bowl","floor":27.0},{"not_picked":["Reckless Charge","Entrench"],"picked":"Dual Wield+1","floor":27.0},{"not_picked":["FieryBird","Porccubus","SingingMachine"],"picked":"Singing Bowl","floor":31.0},{"not_picked":["Cleave","Iron Wave+1","Body Slam"],"picked":"SKIP","floor":31.0},{"not_picked":["LittleHelper","FairyFestival","Variant"],"picked":"Singing Bowl","floor":33.0},{"not_picked":["Fiend Fire","Feed"],"picked":"Barricade","floor":33.0},{"not_picked":["Variant","ShyLook","UniverseFragment"],"picked":"Singing Bowl","floor":35.0},{"not_picked":["Sword Boomerang","Fire Breathing"],"picked":"Heavy Blade+1","floor":35.0},{"not_picked":["LaLuna","Alriune","Porccubus"],"picked":"Singing Bowl","floor":36.0},{"not_picked":["DespairKnight","BlackSwan","FairyFestival"],"picked":"Singing Bowl","floor":38.0},{"not_picked":["Murderer","SingingMachine"],"picked":"BodiesMountain","floor":38.0},{"not_picked":["Anger","Entrench"],"picked":"Rupture","floor":38.0},{"not_picked":["LittlePrince","GalaxyChild"],"picked":"BigBird","floor":41.0},{"not_picked":["Heavy Blade","Warcry","Clothesline+1"],"picked":"SKIP","floor":41.0}],"player_experience":325286,"relics_obtained":[{"floor":6.0,"key":"Magic Flower"},{"floor":7.0,"key":"Odd Mushroom"},{"floor":9.0,"key":"Torii"},{"floor":11.0,"key":"Bronze Scales"},{"floor":23.0,"key":"PreservedInsect"},{"floor":25.0,"key":"Bag of Preparation"},{"floor":27.0,"key":"Self Forming Clay"},{"floor":35.0,"key":"AtMidnight"},{"floor":36.0,"key":"Old Coin"}],"event_choices":[{"cards_removed":["Strike_R"],"damage_healed":0.0,"max_hp_gain":0.0,"max_hp_loss":0.0,"gold_gain":0.0,"event_name":"Living Wall","player_choice":"Forget","floor":3.0,"gold_loss":0.0,"damage_taken":0.0},{"damage_healed":0.0,"max_hp_gain":0.0,"max_hp_loss":0.0,"gold_gain":0.0,"event_name":"Mushrooms","player_choice":"Fought Mushrooms","floor":7.0,"gold_loss":0.0,"damage_taken":0.0},{"damage_healed":0.0,"max_hp_gain":0.0,"max_hp_loss":0.0,"gold_gain":175.0,"event_name":"Liars Game","player_choice":"AGREE","floor":8.0,"gold_loss":0.0,"damage_taken":0.0,"cards_obtained":["Doubt"]},{"cards_removed":["Doubt"],"damage_healed":0.0,"max_hp_gain":0.0,"max_hp_loss":0.0,"gold_gain":0.0,"event_name":"Fountain of Cleansing","player_choice":"Removed Curses","floor":13.0,"gold_loss":0.0,"damage_taken":0.0},{"damage_healed":0.0,"max_hp_gain":0.0,"max_hp_loss":0.0,"gold_gain":0.0,"event_name":"Drug Dealer","player_choice":"Inject Mutagens","floor":20.0,"gold_loss":0.0,"damage_taken":0.0,"relics_obtained":["MutagenicStrength"]},{"damage_healed":0.0,"max_hp_gain":0.0,"max_hp_loss":0.0,"gold_gain":0.0,"event_name":"N\u0027loth","player_choice":"Ignored","floor":30.0,"gold_loss":0.0,"damage_taken":0.0},{"damage_healed":0.0,"max_hp_gain":0.0,"max_hp_loss":0.0,"gold_gain":0.0,"event_name":"MindBloom","player_choice":"Fight","floor":36.0,"gold_loss":0.0,"damage_taken":0.0}],"is_beta":false,"boss_relics":[{"not_picked":["Astrolabe","SlaversCollar"],"picked":"Empty Cage"},{"not_picked":["Runic Cube","Calling Bell"],"picked":"Runic Pyramid"}],"items_purged_floors":[22,37,39],"is_endless":false,"potions_floor_spawned":[7,14,16,24,25,33,36,41],"killed_by":"Transient","ascension_level":1}}