{"host":"x4x6fw95e6eqd4n0","time":1608769192,"event":{"mods":["AchievementEnabler","BaseMod","Colored Map","Colored Powertips","DeckTracker","Minty Spire (QoL Compilation)"],"gold_per_floor":[110,110,110,125,125,125,146,146,146,171,18,18,61,61,61,184,184,205,205,226,226,251,289,289,289,289],"floor_reached":25,"playtime":1266,"items_purged":["Strike_B"],"score":230,"play_id":"6fcfeed7-1be5-4729-9183-1b3a7075ec90","local_time":"20201224021952","is_ascension_mode":true,"campfire_choices":[{"floor":6,"key":"REST"},{"data":"Loop","floor":8,"key":"SMITH"},{"floor":12,"key":"REST"},{"floor":15,"key":"REST"},{"floor":24,"key":"REST"}],"circlet_count":0,"master_deck":["Defend_B","Defend_B","Defend_B","Defend_B","Zap","Dualcast","Cold Snap","Loop+1","Fusion","Loop","Fusion","Tempest","Streamline+1","Buffer","Sweeping Beam+1","Self Repair","Creative AI","Aggregate+1","Tempest","Defragment"],"relics":["Snecko Eye","Golden Idol","Orichalcum","Molten Egg 2","CaptainsWheel","Runic Dome","Tiny Chest"],"acts_visited":["Exordium","TheCity"],"potions_floor_usage":[13,16,16,25],"damage_taken":[{"damage":20,"enemies":"Jaw Worm","floor":1,"turns":7},{"damage":0,"enemies":"Small Slimes","floor":4,"turns":3},{"damage":7,"enemies":"2 Louse","floor":7,"turns":3},{"damage":16,"enemies":"Large Slime","floor":10,"turns":7},{"damage":14,"enemies":"3 Sentries","floor":13,"turns":12},{"damage":45,"enemies":"Hexaghost","floor":16,"turns":11},{"damage":0,"enemies":"Spheric Guardian","floor":18,"turns":3},{"damage":5,"enemies":"Chosen","floor":20,"turns":3},{"damage":31,"enemies":"Centurion and Healer","floor":22,"turns":6},{"damage":38,"enemies":"Book of Stabbing","floor":23,"turns":6},{"damage":59,"enemies":"Slavers","floor":25,"turns":4}],"seed_played":"-6183828445081120149","potions_obtained":[{"floor":4,"key":"BlessingOfTheForge"},{"floor":10,"key":"DuplicationPotion"},{"floor":13,"key":"FearPotion"},{"floor":18,"key":"Dexterity Potion"}],"is_trial":false,"path_per_floor":["M","?","?","M","?","R","M","R","T","M","$","R","E","?","R","B",null,"M","?","M","?","M","E","R","E"],"character_chosen":"DEFECT","items_purchased":["Fusion"],"campfire_rested":4,"item_purchase_floors":[11],"current_hp_per_floor":[55,55,37,37,19,41,34,34,34,18,18,40,26,26,48,3,75,75,75,75,75,51,20,42,0,0],"gold":289,"neow_bonus":"BOSS_RELIC","is_daily":false,"chose_seed":false,"campfire_upgraded":1,"win_rate":0.0,"timestamp":1608769192,"path_taken":["M","?","?","M","?","R","M","R","T","M","$","R","E","?","R","BOSS","M","?","M","?","?","E","R","E"],"items_purchased_type":["Card"],"build_version":"2020-12-13","purchased_purges":1,"victory":false,"max_hp_per_floor":[75,75,75,75,75,75,75,75,75,75,75,75,75,75,75,75,75,75,75,75,75,75,75,75,75,75],"card_choices":[{"not_picked":["Beam Cell","Steam"],"picked":"Cold Snap","floor":1},{"not_picked":["Scrape","Conserve Battery"],"picked":"Loop","floor":4},{"not_picked":["Blizzard","Stack"],"picked":"Fusion","floor":7},{"not_picked":["Stack","Chaos"],"picked":"Loop","floor":10},{"not_picked":["Barrage+1","Leap"],"picked":"Tempest","floor":13},{"not_picked":["Amplify","Multi-Cast"],"picked":"Buffer","floor":16},{"not_picked":["Stack","Beam Cell+1"],"picked":"Sweeping Beam+1","floor":18},{"not_picked":["Stack","Gash+1"],"picked":"Aggregate+1","floor":20},{"not_picked":["Gash+1","Rip and Tear+1"],"picked":"Tempest","floor":22},{"not_picked":["FTL+1","Sweeping Beam+1"],"picked":"Defragment","floor":23}],"player_experience":65171,"relics_obtained":[{"floor":9,"key":"Molten Egg 2"},{"floor":13,"key":"CaptainsWheel"},{"floor":23,"key":"Tiny Chest"}],"event_choices":[{"damage_healed":0,"gold_gain":0,"player_choice":"Ignored","damage_taken":0,"max_hp_gain":0,"max_hp_loss":0,"event_name":"Liars Game","floor":2,"gold_loss":0},{"damage_healed":0,"gold_gain":0,"player_choice":"Take Damage","damage_taken":18,"relics_obtained":["Golden Idol"],"max_hp_gain":0,"max_hp_loss":0,"event_name":"Golden Idol","floor":3,"gold_loss":0},{"damage_healed":0,"gold_gain":0,"player_choice":"Success","damage_taken":18,"relics_obtained":["Orichalcum"],"max_hp_gain":0,"max_hp_loss":0,"event_name":"Scrap Ooze","floor":5,"gold_loss":0},{"damage_healed":0,"gold_gain":0,"cards_transformed":["Strike_B"],"player_choice":"Change","damage_taken":0,"max_hp_gain":0,"max_hp_loss":0,"event_name":"Living Wall","floor":14,"gold_loss":0,"cards_obtained":["Streamline"]},{"damage_healed":0,"gold_gain":0,"cards_transformed":["Strike_B","Strike_B"],"player_choice":"Became Test Subject","damage_taken":0,"max_hp_gain":0,"max_hp_loss":0,"event_name":"Drug Dealer","floor":19,"gold_loss":0,"cards_obtained":["Self Repair","Creative AI"]},{"damage_healed":0,"gold_gain":0,"player_choice":"Bought 0 Potions","damage_taken":0,"max_hp_gain":0,"max_hp_loss":0,"event_name":"The Woman in Blue","floor":21,"gold_loss":0}],"is_beta":false,"boss_relics":[{"not_picked":["Runic Pyramid","Tiny House"],"picked":"Runic Dome"}],"items_purged_floors":[11],"is_endless":false,"potions_floor_spawned":[4,10,13,18],"killed_by":"Slavers","ascension_level":1}}