{"host":"qwttrqaysb380yri","time":1608791255,"event":{"mods":["BaseMod","Custom Start","Minty Spire (QoL Compilation)","Permanent Neow","Puzzle Mod","Relic Stats","StSLib","The Cursed","The Hierophant"],"gold_per_floor":[113,129,129,149,169,180,140,140],"floor_reached":7,"playtime":292,"items_purged":[],"score":79,"play_id":"903e1811-6129-4221-b7f0-478acb2c0c5c","local_time":"20201224072735","is_ascension_mode":true,"campfire_choices":[],"circlet_count":0,"master_deck":["AscendersBane","hierophant:Strike_Hierophant","hierophant:Strike_Hierophant","hierophant:Strike_Hierophant","hierophant:Punish","hierophant:Defend_Hierophant","hierophant:Defend_Hierophant","hierophant:Defend_Hierophant","hierophant:Defend_Hierophant","hierophant:ChurchCoffers+1","hierophant:Sermon","hierophant:Zeal","hierophant:Zeal","hierophant:Empathy","hierophant:HammerAndAnvil"],"relics":["hierophant:PropheticMaskRelic"],"acts_visited":["Exordium"],"potions_floor_usage":[7],"damage_taken":[{"damage":3,"enemies":"Jaw Worm","floor":1,"turns":4},{"damage":13,"enemies":"Cultist","floor":2,"turns":4},{"damage":1,"enemies":"Small Slimes","floor":4,"turns":3},{"damage":6,"enemies":"2 Fungi Beasts","floor":5,"turns":3},{"damage":22,"enemies":"Exordium Thugs","floor":6,"turns":6},{"damage":21,"enemies":"Lagavulin","floor":7,"turns":6}],"seed_played":"-811701368903579889","potions_obtained":[{"floor":5,"key":"SkillPotion"},{"floor":6,"key":"Weak Potion"}],"is_trial":false,"path_per_floor":["M","M","?","M","M","M","E"],"character_chosen":"HIEROPHANT","items_purchased":[],"campfire_rested":0,"item_purchase_floors":[],"current_hp_per_floor":[65,52,52,51,45,23,2,2],"gold":140,"neow_bonus":"UPGRADE_CARD","is_daily":false,"chose_seed":false,"campfire_upgraded":0,"win_rate":0.0,"timestamp":1608791255,"path_taken":["M","M","?","M","?","M","E"],"items_purchased_type":[],"build_version":"2020-12-22","purchased_purges":0,"victory":false,"max_hp_per_floor":[75,75,75,75,75,75,75,75],"relic_stats":{"counters":[6,26],"obtain_stats":[{"hierophant:PropheticMaskRelic":0},{"hierophant:PropheticMaskRelic":0},{"hierophant:PropheticMaskRelic":0}]},"card_choices":[{"not_picked":["hierophant:AuricBeam","hierophant:MorningPrayer"],"picked":"hierophant:Sermon","floor":1},{"not_picked":["hierophant:Smite","hierophant:SolarFlare"],"picked":"hierophant:Zeal","floor":2},{"not_picked":["hierophant:Sermon","hierophant:OrnateBuckler"],"picked":"hierophant:Zeal","floor":4},{"not_picked":["hierophant:AuricShield","hierophant:EyeForCoin"],"picked":"hierophant:Empathy","floor":5},{"not_picked":["hierophant:RustyCrate","hierophant:Community"],"picked":"hierophant:HammerAndAnvil","floor":6}],"player_experience":1943905,"relics_obtained":[],"event_choices":[{"cards_removed":["hierophant:Strike_Hierophant"],"damage_healed":0,"gold_gain":0,"player_choice":"Purged","damage_taken":0,"max_hp_gain":0,"max_hp_loss":0,"event_name":"Purifier","floor":3,"gold_loss":0}],"is_beta":false,"boss_relics":[],"items_purged_floors":[],"is_endless":false,"potions_floor_spawned":[5,6],"killed_by":"Lagavulin","ascension_level":15}}