{"host":"3ek78t4i81ecmdy1","time":1608786140,"event":{"mods":["2.2 Compatiblity","AchievementEnabler","BaseMod","Colored Map","DeckTracker","Filter the Spire","Keyboard Shortcuts","Minty Spire (QoL Compilation)","Permanent Neow","Quick Restart","SuperFastMode","everything is the same but u backflip on backflip"],"gold_per_floor":[113,188,188,65,65,91,91,118,192,142,142,142,29,29,29,130,130,115,128,128,128,128,128,28,46,46,46,0,100,100,8,8,8,8],"floor_reached":33,"playtime":879,"items_purged":["Strike_R","Strike_R"],"score":293,"play_id":"8ca26955-8b1d-4639-a216-094ff0564809","local_time":"20201224140220","is_ascension_mode":false,"campfire_choices":[{"data":"1","floor":7.0,"key":"LIFT"},{"data":"2","floor":12.0,"key":"LIFT"},{"data":"3","floor":15.0,"key":"LIFT"},{"data":"True Grit","floor":23.0,"key":"SMITH"},{"data":"Body Slam","floor":30.0,"key":"SMITH"},{"data":"Uppercut","floor":32.0,"key":"SMITH"}],"circlet_count":0,"master_deck":["Strike_R","Defend_R","Defend_R","Bash","Impervious","Body Slam+1","Shrug It Off","Warcry","Heavy Blade","True Grit+1","Inflame","Entrench","Exhume","Iron Wave+1","Uppercut+1","Ghostly","Ghostly","Ghostly","Ghostly","Ghostly","Flex","Dramatic Entrance"],"relics":["Burning Blood","Self Forming Clay","Girya","Juzu Bracelet","HornCleat","Sozu","White Beast Statue","Lizard Tail","Question Card"],"acts_visited":["Exordium","TheCity"],"potions_floor_usage":[],"damage_taken":[{"damage":10.0,"enemies":"Cultist","floor":1.0,"turns":4.0},{"damage":15.0,"enemies":"3 Sentries","floor":6.0,"turns":12.0},{"damage":16.0,"enemies":"Gremlin Nob","floor":8.0,"turns":5.0},{"damage":33.0,"enemies":"Slime Boss","floor":16.0,"turns":8.0},{"damage":13.0,"enemies":"2 Thieves","floor":18.0,"turns":4.0},{"damage":23.0,"enemies":"3 Byrds","floor":19.0,"turns":7.0},{"damage":6.0,"enemies":"Centurion and Healer","floor":25.0,"turns":7.0},{"damage":0.0,"enemies":"Colosseum Slavers","floor":29.0,"turns":5.0},{"damage":7.0,"enemies":"Colosseum Nobs","floor":29.0,"turns":5.0},{"damage":10,"enemies":"Collector","floor":33,"turns":6}],"seed_played":"-2832771662567647313","potions_obtained":[],"is_trial":false,"path_per_floor":["M","?","?","$","T","E","R","E","T","?","?","R","$","?","R","B",null,"M","M","?","?","?","R","$","M","T","T","?","?","R","$","R","B"],"character_chosen":"IRONCLAD","items_purchased":["Shrug It Off","Inflame","Entrench","Dramatic Entrance"],"campfire_rested":0,"item_purchase_floors":[4,13,13,31],"current_hp_per_floor":[76,65,58,58,58,49,49,39,39,39,39,39,39,44,44,17,85,78,61,42,42,42,42,42,42,42,42,42,41,41,41,41,31,31],"gold":8,"neow_bonus":"ONE_RANDOM_RARE_CARD","is_daily":false,"chose_seed":false,"campfire_upgraded":3,"win_rate":0.0,"timestamp":1608786140,"path_taken":["M","?","?","?","?","E","R","E","T","?","?","R","$","?","R","BOSS","M","M","?","?","?","R","?","M","T","?","?","?","R","?","R","BOSS"],"items_purchased_type":["Card","Card","Card","Card"],"build_version":"2020-12-22","purchased_purges":2,"victory":false,"max_hp_per_floor":[80,80,80,80,80,80,80,80,80,80,80,80,80,85,85,85,85,85,85,42,42,42,42,42,42,42,42,42,42,42,42,42,42,42],"card_choices":[{"not_picked":["Shrug It Off","Perfected Strike"],"picked":"Body Slam","floor":1.0},{"not_picked":["Pommel Strike","Shrug It Off"],"picked":"Warcry","floor":6.0},{"not_picked":["Whirlwind","Metallicize"],"picked":"Heavy Blade","floor":8.0},{"not_picked":["Demon Form","Fiend Fire"],"picked":"Exhume","floor":16.0},{"not_picked":["Flex","Perfected Strike"],"picked":"Iron Wave+1","floor":18.0},{"not_picked":["Power Through","Heavy Blade"],"picked":"Uppercut","floor":19.0},{"not_picked":["Body Slam","Perfected Strike","Wild Strike"],"picked":"SKIP","floor":25.0},{"not_picked":["Sentinel","Exhume"],"picked":"Flex","floor":29.0}],"player_experience":29108,"relics_obtained":[{"floor":5.0,"key":"Self Forming Clay"},{"floor":6.0,"key":"Girya"},{"floor":8.0,"key":"Juzu Bracelet"},{"floor":9.0,"key":"HornCleat"},{"floor":27.0,"key":"White Beast Statue"},{"floor":29.0,"key":"Lizard Tail"},{"floor":29.0,"key":"Question Card"}],"event_choices":[{"damage_healed":0.0,"max_hp_gain":0.0,"max_hp_loss":0.0,"gold_gain":75.0,"event_name":"World of Goop","player_choice":"Gather Gold","floor":2.0,"gold_loss":0.0,"damage_taken":11.0},{"cards_removed":["Strike_R"],"damage_healed":0.0,"max_hp_gain":0.0,"max_hp_loss":0.0,"gold_gain":0.0,"event_name":"Golden Wing","player_choice":"Card Removal","floor":3.0,"gold_loss":0.0,"damage_taken":7.0},{"cards_removed":["Defend_R"],"damage_healed":0.0,"max_hp_gain":0.0,"max_hp_loss":0.0,"gold_gain":0.0,"event_name":"The Cleric","player_choice":"Card Removal","floor":10.0,"gold_loss":50.0,"damage_taken":0.0},{"damage_healed":0.0,"max_hp_gain":0.0,"max_hp_loss":0.0,"gold_gain":0.0,"cards_transformed":["Strike_R"],"event_name":"Living Wall","player_choice":"Change","floor":11.0,"gold_loss":0.0,"damage_taken":0.0,"cards_obtained":["True Grit"]},{"damage_healed":0.0,"max_hp_gain":5.0,"max_hp_loss":0.0,"gold_gain":0.0,"event_name":"Big Fish","player_choice":"Donut","floor":14.0,"gold_loss":0.0,"damage_taken":0.0},{"damage_healed":0.0,"max_hp_gain":0.0,"max_hp_loss":43.0,"gold_gain":0.0,"event_name":"Ghosts","player_choice":"Became a Ghost","floor":20.0,"gold_loss":0.0,"damage_taken":0.0,"cards_obtained":["Ghostly","Ghostly","Ghostly","Ghostly","Ghostly"]},{"damage_healed":0.0,"max_hp_gain":0.0,"max_hp_loss":0.0,"gold_gain":0.0,"event_name":"Lab","player_choice":"Got Potions","floor":21.0,"gold_loss":0.0,"damage_taken":0.0},{"cards_removed":["Defend_R"],"damage_healed":0.0,"max_hp_gain":0.0,"max_hp_loss":0.0,"gold_gain":0.0,"event_name":"Bonfire Elementals","player_choice":"Offered Basic","floor":22.0,"gold_loss":0.0,"damage_taken":0.0},{"damage_healed":0.0,"max_hp_gain":0.0,"max_hp_loss":0.0,"gold_gain":0.0,"event_name":"Masked Bandits","player_choice":"Paid Fearfully","floor":28.0,"gold_loss":46.0,"damage_taken":0.0},{"damage_healed":0.0,"max_hp_gain":0.0,"max_hp_loss":0.0,"gold_gain":0.0,"event_name":"Colosseum","player_choice":"Fight","floor":29.0,"gold_loss":0.0,"damage_taken":0.0},{"damage_healed":0.0,"max_hp_gain":0.0,"max_hp_loss":0.0,"gold_gain":0.0,"event_name":"Colosseum","player_choice":"Fought Nobs","floor":29.0,"gold_loss":0.0,"damage_taken":0.0}],"is_beta":false,"boss_relics":[{"not_picked":["Pandora\u0027s Box","Velvet Choker"],"picked":"Sozu"}],"items_purged_floors":[4,24],"is_endless":false,"potions_floor_spawned":[18,29,29],"killed_by":"Collector","ascension_level":0}}