{"host":"wha9hktbkslqvblg","time":1608818983,"event":{"mods":["BaseMod","Colored Map","Minty Spire (QoL Compilation)","Relic Stats","SuperFastMode","everything is the same but u backflip on backflip"],"gold_per_floor":[119,134,134,134,59,85,85,85,108,127,127,158,233,247,247,321,321,335,335,71,84,84,111,111,130,130,148,158,191,47,77,77,160,160,182,182,16,34,48,48,64,94,120,144,144,144],"floor_reached":45,"playtime":1299,"items_purged":["Strike_R","Bash","Strike_R"],"score":1072,"play_id":"04bf87e2-b1ce-47c0-a3ef-e5afd30ebc44","local_time":"20201224230943","is_ascension_mode":true,"campfire_choices":[{"data":"Hemokinesis","floor":8.0,"key":"SMITH"},{"data":"Shrug It Off","floor":11.0,"key":"SMITH"},{"data":"Inflame","floor":15.0,"key":"SMITH"},{"floor":24.0,"key":"REST"},{"data":"Uppercut","floor":32.0,"key":"SMITH"},{"floor":40.0,"key":"REST"}],"circlet_count":0,"master_deck":["AscendersBane","Defend_R+1","Defend_R+1","Defend_R","Defend_R+1","Hemokinesis+1","Shrug It Off+1","Thunderclap","Inflame+1","Dropkick","Immolate","Uppercut+1","Finesse","Reaper","Double Tap","Berserk","Flame Barrier+1","Madness","Madness","Reaper"],"relics":["Burning Blood","NeowsBlessing","Bottled Lightning","Dream Catcher","Vajra","Happy Flower","Black Star","Membership Card","Juzu Bracelet","Bottled Tornado","Paper Frog","Incense Burner","Champion Belt","TheAbacus","Strawberry","CeramicFish","Empty Cage","War Paint","Medical Kit","Gambling Chip","Singing Bowl"],"acts_visited":["Exordium","TheCity","TheBeyond"],"potions_floor_usage":[],"damage_taken":[{"damage":0.0,"enemies":"Jaw Worm","floor":1.0,"turns":1.0},{"damage":2.0,"enemies":"2 Louse","floor":2.0,"turns":1.0},{"damage":0.0,"enemies":"Gremlin Nob","floor":6.0,"turns":1.0},{"damage":4.0,"enemies":"Small Slimes","floor":10.0,"turns":3.0},{"damage":21.0,"enemies":"3 Sentries","floor":12.0,"turns":7.0},{"damage":2.0,"enemies":"2 Fungi Beasts","floor":14.0,"turns":3.0},{"damage":25.0,"enemies":"The Guardian","floor":16.0,"turns":11.0},{"damage":45.0,"enemies":"Spheric Guardian","floor":18.0,"turns":7.0},{"damage":7.0,"enemies":"Chosen","floor":21.0,"turns":5.0},{"damage":49.0,"enemies":"Book of Stabbing","floor":23.0,"turns":5.0},{"damage":17.0,"enemies":"3 Cultists","floor":25.0,"turns":4.0},{"damage":2.0,"enemies":"Centurion and Healer","floor":27.0,"turns":5.0},{"damage":30.0,"enemies":"Cultist and Chosen","floor":28.0,"turns":4.0},{"damage":16.0,"enemies":"Gremlin Leader","floor":29.0,"turns":4.0},{"damage":69.0,"enemies":"Slavers","floor":31.0,"turns":5.0},{"damage":79.0,"enemies":"Collector","floor":33.0,"turns":8.0},{"damage":25.0,"enemies":"Orb Walker","floor":35.0,"turns":4.0},{"damage":40.0,"enemies":"3 Darklings","floor":39.0,"turns":6.0},{"damage":30.0,"enemies":"Transient","floor":41.0,"turns":6.0},{"damage":51.0,"enemies":"Reptomancer","floor":42.0,"turns":5.0},{"damage":28,"enemies":"Writhing Mass","floor":44,"turns":8},{"damage":30,"enemies":"Giant Head","floor":45,"turns":4}],"seed_played":"7011621464213085279","potions_obtained":[{"floor":1.0,"key":"Block Potion"},{"floor":10.0,"key":"FairyPotion"},{"floor":16.0,"key":"ColorlessPotion"},{"floor":21.0,"key":"GamblersBrew"},{"floor":25.0,"key":"Strength Potion"},{"floor":27.0,"key":"Swift Potion"},{"floor":29.0,"key":"Dexterity Potion"},{"floor":31.0,"key":"Regen Potion"},{"floor":39.0,"key":"LiquidMemories"},{"floor":41.0,"key":"ElixirPotion"}],"is_trial":false,"path_per_floor":["M","M","?","?","$","E","?","R","T","M","R","E","?","M","R","B",null,"M","?","$","M","?","E","R","M","T","M","M","E","$","E","R","B",null,"M","?","$","?","M","R","M","E","T","M","E"],"character_chosen":"IRONCLAD","items_purchased":["Membership Card","Finesse","TheAbacus","War Paint","Medical Kit"],"campfire_rested":2,"item_purchase_floors":[20,20,30,37,37],"current_hp_per_floor":[74,75,52,52,52,58,47,47,47,49,49,34,23,27,27,8,58,19,19,19,18,18,11,33,38,38,56,48,62,62,27,27,17,66,47,47,47,32,18,42,32,31,31,20,0,0],"gold":144,"neow_bonus":"THREE_ENEMY_KILL","is_daily":false,"chose_seed":false,"campfire_upgraded":4,"win_rate":0.0,"timestamp":1608818983,"path_taken":["M","M","?","?","$","E","?","R","T","M","R","E","?","M","R","BOSS","M","?","$","?","?","E","R","M","T","M","M","E","$","E","R","BOSS","M","?","$","?","M","R","M","E","T","M","E"],"items_purchased_type":["Relic","Card","Relic","Relic","Relic"],"build_version":"2020-12-22","purchased_purges":3,"victory":false,"max_hp_per_floor":[75,75,75,75,75,75,75,75,75,75,75,75,75,75,75,75,75,75,75,75,75,75,75,75,75,75,75,75,75,75,82,82,82,82,82,82,82,82,82,82,82,84,84,84,84,84],"relic_stats":{"Happy Flower":[31],"Singing Bowl":2,"counters":[22,107],"CeramicFish":45,"Juzu Bracelet":0,"War Paint":["Defend_R","Defend_R"],"Medical Kit":[3],"Burning Blood":123,"Dream Catcher":2,"TheAbacus":[84],"Gambling Chip":[5],"Black Star":4,"Champion Belt":[40],"obtain_stats":[{"NeowsBlessing":0,"Happy Flower":12,"Singing Bowl":42,"CeramicFish":31,"Vajra":9,"Juzu Bracelet":23,"Incense Burner":29,"Bottled Tornado":23,"War Paint":37,"Empty Cage":34,"Medical Kit":37,"Burning Blood":0,"Dream Catcher":7,"TheAbacus":30,"Strawberry":31,"Gambling Chip":42,"Black Star":17,"Bottled Lightning":6,"Membership Card":20,"Champion Belt":29,"Paper Frog":26},{"NeowsBlessing":0,"Happy Flower":5,"Singing Bowl":20,"CeramicFish":15,"Vajra":3,"Juzu Bracelet":10,"Incense Burner":14,"Bottled Tornado":10,"War Paint":17,"Empty Cage":16,"Medical Kit":17,"Burning Blood":0,"Dream Catcher":3,"TheAbacus":14,"Strawberry":15,"Gambling Chip":20,"Black Star":7,"Bottled Lightning":3,"Membership Card":8,"Champion Belt":14,"Paper Frog":11},{"NeowsBlessing":0,"Happy Flower":13,"Singing Bowl":95,"CeramicFish":66,"Vajra":3,"Juzu Bracelet":44,"Incense Burner":61,"Bottled Tornado":44,"War Paint":78,"Empty Cage":74,"Medical Kit":78,"Burning Blood":0,"Dream Catcher":3,"TheAbacus":61,"Strawberry":66,"Gambling Chip":95,"Black Star":27,"Bottled Lightning":3,"Membership Card":34,"Champion Belt":61,"Paper Frog":48}]},"card_choices":[{"not_picked":["Spot Weakness","Heavy Blade"],"picked":"Hemokinesis","floor":1.0},{"not_picked":["Thunderclap","Combust"],"picked":"Shrug It Off","floor":2.0},{"not_picked":["Hemokinesis","Fiend Fire","Pummel"],"picked":"SKIP","floor":6.0},{"not_picked":["Shrug It Off","Twin Strike","Armaments"],"picked":"SKIP","floor":10.0},{"not_picked":["Reckless Charge","Flex"],"picked":"Inflame","floor":12.0},{"not_picked":["Headbutt","Cleave"],"picked":"Dropkick","floor":14.0},{"not_picked":["Juggernaut","Fiend Fire"],"picked":"Immolate","floor":16.0},{"not_picked":["Ghostly Armor","Havoc+1","Twin Strike"],"picked":"SKIP","floor":18.0},{"not_picked":["Dark Embrace","Headbutt","Clash"],"picked":"SKIP","floor":21.0},{"not_picked":["Searing Blow","Clash","Heavy Blade"],"picked":"SKIP","floor":23.0},{"not_picked":["Warcry","Havoc"],"picked":"Reaper","floor":24.0},{"not_picked":["Disarm","Headbutt","Pommel Strike"],"picked":"SKIP","floor":25.0},{"not_picked":["Dark Embrace","Wild Strike","Blood for Blood"],"picked":"SKIP","floor":27.0},{"not_picked":["Flex+1","Dark Embrace","Armaments"],"picked":"SKIP","floor":28.0},{"not_picked":["Flame Barrier","Disarm"],"picked":"Double Tap","floor":29.0},{"not_picked":["Headbutt","Power Through+1","Thunderclap"],"picked":"SKIP","floor":31.0},{"not_picked":["Brutality","Barricade"],"picked":"Berserk","floor":33.0},{"not_picked":["Disarm","Ghostly Armor"],"picked":"Flame Barrier+1","floor":35.0},{"not_picked":["Pommel Strike+1","Ghostly Armor","Fire Breathing"],"picked":"SKIP","floor":39.0},{"not_picked":["Second Wind+1","Perfected Strike","Warcry"],"picked":"SKIP","floor":41.0},{"not_picked":["Dual Wield","Sword Boomerang+1","Battle Trance"],"picked":"Singing Bowl","floor":42.0},{"not_picked":["Headbutt","Combust"],"picked":"Reaper","floor":44}],"player_experience":889885,"relics_obtained":[{"floor":6.0,"key":"Bottled Lightning"},{"floor":9.0,"key":"Vajra"},{"floor":12.0,"key":"Happy Flower"},{"floor":23.0,"key":"Juzu Bracelet"},{"floor":23.0,"key":"Bottled Tornado"},{"floor":26.0,"key":"Paper Frog"},{"floor":29.0,"key":"Incense Burner"},{"floor":29.0,"key":"Champion Belt"},{"floor":31.0,"key":"Strawberry"},{"floor":31.0,"key":"CeramicFish"},{"floor":42.0,"key":"Gambling Chip"},{"floor":42.0,"key":"Singing Bowl"}],"event_choices":[{"damage_healed":0.0,"max_hp_gain":0.0,"max_hp_loss":0.0,"gold_gain":0.0,"event_name":"Shining Light","player_choice":"Entered Light","floor":3.0,"gold_loss":0.0,"damage_taken":23.0,"cards_upgraded":["Defend_R","Strike_R"]},{"damage_healed":0.0,"max_hp_gain":0.0,"max_hp_loss":0.0,"gold_gain":0.0,"cards_transformed":["Strike_R"],"event_name":"Living Wall","player_choice":"Change","floor":4.0,"gold_loss":0.0,"damage_taken":0.0,"cards_obtained":["Thunderclap"]},{"damage_healed":0.0,"max_hp_gain":0.0,"max_hp_loss":0.0,"gold_gain":0.0,"event_name":"Scrap Ooze","player_choice":"Success","floor":7.0,"gold_loss":0.0,"damage_taken":11.0,"relics_obtained":["Dream Catcher"]},{"damage_healed":0.0,"max_hp_gain":0.0,"max_hp_loss":0.0,"gold_gain":75.0,"event_name":"World of Goop","player_choice":"Gather Gold","floor":13.0,"gold_loss":0.0,"damage_taken":11.0},{"damage_healed":0.0,"max_hp_gain":0.0,"max_hp_loss":0.0,"gold_gain":0.0,"event_name":"Match and Keep!","player_choice":"1 cards matched","floor":19.0,"gold_loss":0.0,"damage_taken":0.0,"cards_obtained":["Uppercut"]},{"damage_healed":0.0,"max_hp_gain":0.0,"max_hp_loss":0.0,"gold_gain":0.0,"event_name":"Mysterious Sphere","player_choice":"Ignored","floor":36.0,"gold_loss":0.0,"damage_taken":0.0},{"damage_healed":0.0,"max_hp_gain":0.0,"max_hp_loss":0.0,"gold_gain":0.0,"event_name":"Winding Halls","player_choice":"Embrace Madness","floor":38.0,"gold_loss":0.0,"damage_taken":15.0,"cards_obtained":["Madness","Madness"]}],"is_beta":false,"boss_relics":[{"not_picked":["Cursed Key","Mark of Pain"],"picked":"Black Star"},{"not_picked":["Black Blood","Calling Bell"],"picked":"Empty Cage"}],"items_purged_floors":[5,20,30],"is_endless":false,"potions_floor_spawned":[1,10,16,21,25,27,29,31,39,41],"killed_by":"Giant Head","ascension_level":20}}