{"host":"580ga1x1z8x1b2ni","time":1608818353,"event":{"mods":["Act Like it!","BaseMod","BetterRewards","Hallownest","Hubris","Minty Spire (QoL Compilation)","Replay The Spire","StSLib","Waifu the Spire","[IsaacMod]ÒÔÈö¼âËþ","vexMod"],"gold_per_floor":[118,118,168,180,193,219,233,163,163,163,163,194,194,214,214,315,315,331,251,176,186,203,203,203,214,214,231,231,251,251,269,269,369,369,380,397,297,212,229,229,262,82,82,82,100,118,81,97,97,116,166,177,191,191,222,222,239,311,374,402,120,140,114,114,114,114,114,16,51,51,51],"floor_reached":55,"playtime":2589,"items_purged":["Strike_R","Writhe","Strike_R","Defend_R","Bash"],"score":1222,"play_id":"28a0e0d7-88c3-4515-bbbf-817e1b49053e","local_time":"20201224215913","is_ascension_mode":true,"campfire_choices":[{"data":"Burning Pact","floor":10.0,"key":"SMITH"},{"data":"Thinking Ahead","floor":15.0,"key":"SMITH"},{"data":"Searing Blow+9","floor":23.0,"key":"SMITH"},{"data":"hubris:DuctTapeCard","floor":30.0,"key":"SMITH"},{"data":"Hallownest:skillCityofTearsMap","floor":32.0,"key":"SMITH"},{"data":"Hallownest:skillKingdomsEdgeMap","floor":40.0,"key":"SMITH"},{"data":"Double Tap","floor":49.0,"key":"SMITH"},{"floor":49.0,"key":"RECALL"},{"data":"Armaments","floor":52.0,"key":"SMITH"}],"circlet_count":0,"master_deck":["Searing Blow+10","Strike_R","Strike_R","Strike_R","Defend_R","Defend_R","Thinking Ahead+1","Battle Trance","Burning Pact+1","Double Tap+1","Hallownest:skillCityofTearsMap+1","Hallownest:skillKingdomsEdgeMap+1","True Grit+1","Thunderclap+1","Limit Break","Armaments+1","hubris:DuctTapeCard"],"relics":["Burning Blood","HushsDoor","GuppysHead","Oddly Smooth Stone","Mirror","hubris:ToyBattleship","Magic Flower","Happy Flower","hubris:Backtick","hubris:CrystalStatue","Succubus","hubris:DuctTape","hubris:RunicObelisk","GuppysTail","Hallownest:StagBellStandRelic","hubris:SphereOfDissonance","Singing Bowl","Replay:Wax Seal","Molten Egg 2","hubris:DeckOfHolding","hubris:SlimyHat","hubris:FunFungus","Bag of Marbles","Centennial Puzzle"],"acts_visited":["Hallownest:Greenpath","Hallownest:CityofTears","Hallownest:KingdomsEdge","TheEnding"],"potions_floor_usage":[55,55,55],"damage_taken":[{"damage":0.0,"enemies":"Hallownest:monsterHuskGuard","floor":1.0,"turns":1.0},{"damage":12.0,"enemies":"Hiden Room Battle","floor":3.0,"turns":3.0},{"damage":0.0,"enemies":"Hallownest:monsterHuskWarrior","floor":4.0,"turns":1.0},{"damage":0.0,"enemies":"Hallownest:2_MossCreeps","floor":5.0,"turns":3.0},{"damage":10.0,"enemies":"Hallownest:eliteMossKnight","floor":6.0,"turns":2.0},{"damage":0.0,"enemies":"Hallownest:monsterFoolEater","floor":7.0,"turns":1.0},{"damage":0.0,"enemies":"Hallownest:eliteCrystalGuardian","floor":12.0,"turns":2.0},{"damage":0.0,"enemies":"Hallownest:monsterAspidMother","floor":14.0,"turns":1.0},{"damage":34.0,"enemies":"Hallownest:BossHornet","floor":16.0,"turns":3.0},{"damage":0.0,"enemies":"Hallownest:Flukemon_and_Top","floor":18.0,"turns":3.0},{"damage":0.0,"enemies":"Hallownest:2_Mistakes","floor":21.0,"turns":3.0},{"damage":0.0,"enemies":"Hallownest:3_Mistakes","floor":22.0,"turns":3.0},{"damage":2.0,"enemies":"Hallownest:monsterShrumalOgre","floor":25.0,"turns":3.0},{"damage":0.0,"enemies":"Hallownest:monsterMisterMushroom","floor":27.0,"turns":1.0},{"damage":0.0,"enemies":"Hallownest:2_Husk_Sentries","floor":29.0,"turns":1.0},{"damage":0.0,"enemies":"Hallownest:3_Mistakes","floor":31.0,"turns":3.0},{"damage":29.0,"enemies":"Hallownest:BossMantisLord","floor":33.0,"turns":3.0},{"damage":8.0,"enemies":"Hallownest:2_Littles","floor":35.0,"turns":3.0},{"damage":0.0,"enemies":"Hallownest:3_Siblings","floor":36.0,"turns":3.0},{"damage":18.0,"enemies":"Hallownest:monsterPrimalAspid","floor":39.0,"turns":2.0},{"damage":0.0,"enemies":"Hallownest:StalkingDevout","floor":41.0,"turns":1.0},{"damage":0.0,"enemies":"Hallownest:Shield_Sturdy","floor":45.0,"turns":2.0},{"damage":3.0,"enemies":"Hallownest:2_Wing_and_1_Kings","floor":46.0,"turns":3.0},{"damage":0.0,"enemies":"Hallownest:monsterPrimalAspid","floor":48.0,"turns":1.0},{"damage":6.0,"enemies":"3 Darklings","floor":35.0,"turns":2.0},{"damage":21.0,"enemies":"Hiden Room Battle","floor":36.0,"turns":3.0},{"damage":0.0,"enemies":"3 Shapes","floor":37.0,"turns":2.0},{"damage":12.0,"enemies":"Spire Growth","floor":38.0,"turns":2.0},{"damage":7.0,"enemies":"Giant Head","floor":40.0,"turns":4.0},{"damage":0.0,"enemies":"3 Darklings","floor":42.0,"turns":2.0},{"damage":0.0,"enemies":"R_Hoarder","floor":45.0,"turns":4.0},{"damage":18.0,"enemies":"4 Shapes","floor":47.0,"turns":5.0},{"damage":0.0,"enemies":"hubris:GrandSnecko","floor":50.0,"turns":1.0},{"damage":14,"enemies":"Shield and Spear","floor":54,"turns":5},{"damage":73,"enemies":"The Heart","floor":55,"turns":3}],"seed_played":"-3727127863632655423","potions_obtained":[{"floor":1.0,"key":"LifebloodPotion"},{"floor":6.0,"key":"ElixirPotion"},{"floor":14.0,"key":"SneckoOil"},{"floor":16.0,"key":"Adrenaline Potion"},{"floor":18.0,"key":"SkillPotion"},{"floor":22.0,"key":"Fire Potion"},{"floor":27.0,"key":"Block Potion"},{"floor":35.0,"key":"AttackPotion"},{"floor":38.0,"key":"PowerPotion"},{"floor":40.0,"key":"LiquidMemories"}],"is_trial":false,"path_per_floor":["M","?","?","M","M","E","M","?","T","R","$","E","?","M","R","B",null,"M","?","$","M","M","R","?","M","T","M","?","M","R","M","R","B",null,"M","M","$","?","M","R","E","?","T","$","M","M","$","M","R","M","?","M","M","?","E","?","M","T","?","E","$","M","$","R","B",null,"R","$","E","B"],"character_chosen":"IRONCLAD","items_purchased":["Succubus","GuppysTail","True Grit+1","Bag of Marbles","Armaments","PowerPotion","FearPotion"],"campfire_rested":0,"item_purchase_floors":[17,34,47,46,48,53,53],"current_hp_per_floor":[78,78,57,63,69,65,74,74,74,74,69,78,88,90,90,65,69,70,70,70,70,70,70,70,70,70,70,70,70,70,70,70,50,58,59,60,60,60,51,51,60,60,60,60,60,60,60,60,60,60,35,46,45,45,49,45,56,56,40,51,51,50,50,50,59,73,73,73,70,0,0],"gold":51,"neow_bonus":"RANDOM_COMMON_RELIC","is_daily":false,"chose_seed":false,"campfire_upgraded":8,"win_rate":0.0,"timestamp":1608818353,"path_taken":["M","?","?","?","M","E","M","?","T","R","?","E","?","M","R","BOSS","M","?","$","M","M","R","?","?","T","M","?","M","R","M","R","BOSS","M","M","$","?","M","R","E","?","T","$","M","?","$","M","R","M","?","M","?","?","E","?","M","T","?","E","$","M","$","R","BOSS","R","$","E","BOSS"],"items_purchased_type":["Relic","Relic","Card","Relic","Card","Potion","Potion"],"build_version":"2020-12-22","purchased_purges":5,"victory":false,"max_hp_per_floor":[80,80,80,80,80,80,80,80,80,80,80,80,90,90,90,90,70,70,70,70,70,70,70,70,70,70,70,70,70,70,70,70,70,60,60,60,60,60,60,60,60,60,60,60,60,60,60,60,60,60,62,64,66,63,65,71,73,73,75,77,77,77,77,77,77,77,77,77,79,79,79],"card_choices":[{"not_picked":["hubris:ReadiedAction","Pummel","Wild Strike"],"picked":"SKIP","floor":1.0},{"not_picked":["HandOfGreed","Poisoned Strike"],"picked":"Thinking Ahead","floor":2.0},{"not_picked":["Anger","Cleave"],"picked":"Battle Trance","floor":3.0},{"not_picked":["Life Link","True Grit","Twin Strike"],"picked":"SKIP","floor":4.0},{"not_picked":["Clothesline","Evolve","Sword Boomerang"],"picked":"SKIP","floor":5.0},{"not_picked":["Headbutt","Flex"],"picked":"Burning Pact","floor":6.0},{"not_picked":["Pommel Strike","Metallicize","Impervious"],"picked":"SKIP","floor":7.0},{"not_picked":["Spot Weakness","Abandon","Body Slam"],"picked":"SKIP","floor":12.0},{"not_picked":["hubris:CleavingFinish","Perfected Strike"],"picked":"Clash","floor":14.0},{"not_picked":["Immolate","Juggernaut"],"picked":"Double Tap","floor":16.0},{"not_picked":["ReplayTheSpireMod:Strike From Hell","Flex+1","Disarm+1"],"picked":"SKIP","floor":18.0},{"not_picked":["Infernal Blade","Inflame"],"picked":"Clash","floor":21.0},{"not_picked":["Iron Wave","Clash","Heavy Blade"],"picked":"SKIP","floor":22.0},{"not_picked":["Havoc","Warcry","Shockwave"],"picked":"SKIP","floor":25.0},{"not_picked":["Metallicize+1","Second Wind+1","Wild Strike"],"picked":"SKIP","floor":27.0},{"not_picked":["Combust","ReplayTheSpireMod:LeadingStrike","Disarm"],"picked":"SKIP","floor":29.0},{"not_picked":["Warcry","Life Link","Disarm+1"],"picked":"SKIP","floor":31.0},{"not_picked":["Shockwave+1","Wild Strike+1","Warcry"],"picked":"SKIP","floor":35.0},{"not_picked":["Metallicize+1","Battle Trance","Sentinel+1"],"picked":"SKIP","floor":36.0},{"not_picked":["Headbutt","Abandon","Body Slam+1"],"picked":"SKIP","floor":39.0},{"not_picked":["Heavy Blade","Warcry","ReplayTheSpireMod:Limb From Limb"],"picked":"SKIP","floor":41.0},{"not_picked":["Twin Strike+1","Headbutt+1","Dropkick+1"],"picked":"SKIP","floor":45.0},{"not_picked":["Defy Death+1","Inflame","ReplayTheSpireMod:Muscle Training"],"picked":"SKIP","floor":46.0},{"not_picked":["Evolve","Shrug It Off","Body Slam"],"picked":"SKIP","floor":48.0},{"not_picked":["hubris:ReadiedAction+1","Twin Strike","Wild Strike"],"picked":"SKIP","floor":35.0},{"not_picked":["Perfected Strike","Disarm+1","Run Through"],"picked":"Singing Bowl","floor":36.0},{"not_picked":["Life Link","Shockwave+1","Anger+1"],"picked":"Singing Bowl","floor":37.0},{"not_picked":["Wild Strike+1","ReplayTheSpireMod:Muscle Training+1","Searing Blow"],"picked":"Singing Bowl","floor":38.0},{"not_picked":["Rupture+1","Feed+1","Warcry"],"picked":"Singing Bowl","floor":40.0},{"not_picked":["PanicButton","Magnetism","Secret Technique"],"picked":"Singing Bowl","floor":41.0},{"not_picked":["Swift Strike+1","Forethought","ReplayTheSpireMod:Brewmster"],"picked":"Singing Bowl","floor":41.0},{"not_picked":["hubris:EnhanceAbility","Impatience","Purity"],"picked":"Singing Bowl","floor":41.0},{"not_picked":["Anger+1","Battle Trance","ReplayTheSpireMod:Stacked+1"],"picked":"Singing Bowl","floor":42.0},{"not_picked":["Clash+1","Carnage+1","Inflame"],"picked":"Singing Bowl","floor":44.0},{"not_picked":["Inflame+1","Entrench+1"],"picked":"Thunderclap+1","floor":44.0},{"not_picked":["Thunderclap+1","Run Through+1","Wild Strike+1"],"picked":"Singing Bowl","floor":45.0},{"not_picked":["Iron Wave+1","Rupture"],"picked":"Limit Break","floor":47.0},{"not_picked":["Armaments","ReplayTheSpireMod:Muscle Training+1","Twin Strike+1"],"picked":"Singing Bowl","floor":54}],"player_experience":230926,"relics_obtained":[{"floor":3.0,"key":"Mirror"},{"floor":3.0,"key":"hubris:ToyBattleship"},{"floor":6.0,"key":"Magic Flower"},{"floor":12.0,"key":"Happy Flower"},{"floor":26.0,"key":"hubris:DuctTape"},{"floor":41.0,"key":"ForgetMeNow"},{"floor":43.0,"key":"hubris:SphereOfDissonance"},{"floor":36.0,"key":"Singing Bowl"},{"floor":36.0,"key":"Replay:Wax Seal"},{"floor":40.0,"key":"Molten Egg 2"},{"floor":43.0,"key":"hubris:DeckOfHolding"},{"floor":44.0,"key":"hubris:SlimyHat"},{"floor":45.0,"key":"hubris:FunFungus"},{"floor":54,"key":"Centennial Puzzle"}],"event_choices":[{"damage_healed":0.0,"max_hp_gain":0.0,"max_hp_loss":0.0,"gold_gain":0.0,"event_name":"HidenRoomEvent","player_choice":"Fight","floor":3.0,"gold_loss":0.0,"damage_taken":0.0},{"damage_healed":0.0,"max_hp_gain":0.0,"max_hp_loss":0.0,"gold_gain":0.0,"event_name":"HidenRoomEvent","player_choice":"Fight","floor":36.0,"gold_loss":0.0,"damage_taken":0.0},{"damage_healed":0.0,"max_hp_gain":0.0,"max_hp_loss":3.0,"gold_gain":0.0,"event_name":"Winding Halls","player_choice":"Max HP","floor":39.0,"gold_loss":0.0,"damage_taken":0.0},{"damage_healed":0.0,"max_hp_gain":0.0,"max_hp_loss":0.0,"gold_gain":0.0,"event_name":"SensoryStone","player_choice":"Memory 3","floor":41.0,"gold_loss":0.0,"damage_taken":10.0}],"is_beta":false,"boss_relics":[{"not_picked":["Philosopher\u0027s Stone","Tiny House"],"picked":"hubris:Backtick"},{"not_picked":[]},{"not_picked":["Fusion Hammer","Honey Jar"],"picked":"hubris:RunicObelisk"},{"not_picked":[]}],"items_purged_floors":[11,17,20,37,46],"is_endless":false,"potions_floor_spawned":[1,6,14,16,18,22,27,31,35,41,48,38,40,47],"killed_by":"The Heart","ascension_level":7}}