{"host":"dcj2yvrgcvh5dl2s","time":1608774159,"event":{"mods":["BaseMod","Better Note","Block Reminder","Colored Powertips","DeckTracker","Minty Spire (QoL Compilation)","Quick Restart","Rare Cards Sparkle","Relic Stats","StSLib"],"gold_per_floor":[111,123,5,155,173,208,221,221,247,276,276,276,276],"floor_reached":12,"playtime":320,"items_purged":[],"score":158,"play_id":"f7004dde-fb63-406a-af49-260be9540eb2","local_time":"20201224114239","is_ascension_mode":true,"campfire_choices":[{"floor":8,"key":"REST"}],"circlet_count":0,"master_deck":["AscendersBane","Strike_R","Strike_R","Strike_R","Strike_R","Strike_R","Defend_R","Defend_R","Defend_R","Defend_R","Pommel Strike","Inflame","Metallicize","Disarm","Doubt","Infernal Blade","Offering","Thunderclap","True Grit","Uppercut"],"relics":["Burning Blood","StoneCalendar","Omamori","Bag of Marbles","Nunchaku"],"acts_visited":["Exordium"],"potions_floor_usage":[7,10,12],"damage_taken":[{"damage":6,"enemies":"Cultist","floor":1,"turns":4},{"damage":5,"enemies":"2 Louse","floor":2,"turns":3},{"damage":11,"enemies":"Jaw Worm","floor":5,"turns":4},{"damage":34,"enemies":"Gremlin Nob","floor":6,"turns":5},{"damage":22,"enemies":"Large Slime","floor":7,"turns":6},{"damage":24,"enemies":"Lagavulin","floor":10,"turns":7},{"damage":16,"enemies":"3 Sentries","floor":12,"turns":3}],"seed_played":"-7178337497371433047","potions_obtained":[{"floor":6,"key":"SkillPotion"},{"floor":7,"key":"Dexterity Potion"},{"floor":10,"key":"SkillPotion"}],"is_trial":false,"path_per_floor":["M","M","$","?","M","E","M","R","T","E","?","E"],"character_chosen":"IRONCLAD","items_purchased":["Metallicize","Disarm"],"campfire_rested":1,"item_purchase_floors":[3,3],"current_hp_per_floor":[68,68,68,68,63,35,19,39,39,21,21,5,5],"gold":276,"neow_bonus":"ONE_RARE_RELIC","is_daily":false,"chose_seed":false,"campfire_upgraded":0,"win_rate":0.0,"timestamp":1608774159,"path_taken":["M","M","$","?","M","E","M","R","T","E","?","E"],"items_purchased_type":["Card","Card"],"build_version":"2020-12-22","purchased_purges":0,"victory":false,"max_hp_per_floor":[68,68,68,68,68,68,68,68,68,68,68,68,68],"relic_stats":{"Nunchaku":[0],"counters":[7,32],"StoneCalendar":[23],"obtain_stats":[{"Nunchaku":10,"StoneCalendar":0,"Omamori":6,"Bag of Marbles":9,"Burning Blood":0},{"Nunchaku":6,"StoneCalendar":0,"Omamori":4,"Bag of Marbles":5,"Burning Blood":0},{"Nunchaku":29,"StoneCalendar":0,"Omamori":16,"Bag of Marbles":22,"Burning Blood":0}],"Burning Blood":35},"card_choices":[{"not_picked":["Blood for Blood","Rampage"],"picked":"Pommel Strike","floor":1},{"not_picked":["Sentinel","Twin Strike"],"picked":"Inflame","floor":2},{"not_picked":["Spot Weakness","Headbutt"],"picked":"Infernal Blade","floor":5},{"not_picked":["Infernal Blade","Cleave"],"picked":"Offering","floor":6},{"not_picked":["Spot Weakness","Reckless Charge"],"picked":"Thunderclap","floor":7},{"not_picked":["Dark Embrace","Twin Strike"],"picked":"True Grit","floor":10}],"player_experience":2024439,"relics_obtained":[{"floor":6,"key":"Omamori"},{"floor":9,"key":"Bag of Marbles"},{"floor":10,"key":"Nunchaku"}],"event_choices":[{"damage_healed":0,"gold_gain":150,"player_choice":"AGREE","damage_taken":0,"max_hp_gain":0,"max_hp_loss":0,"event_name":"Liars Game","floor":4,"gold_loss":0,"cards_obtained":["Doubt"]},{"damage_healed":0,"gold_gain":0,"cards_transformed":["Bash"],"player_choice":"Transformed","damage_taken":0,"max_hp_gain":0,"max_hp_loss":0,"event_name":"Transmorgrifier","floor":11,"gold_loss":0,"cards_obtained":["Uppercut"]}],"is_beta":false,"boss_relics":[],"items_purged_floors":[],"is_endless":false,"potions_floor_spawned":[6,7,10],"killed_by":"3 Sentries","ascension_level":16}}