{"host":"rmbuwlawxck4c8ol","time":1608774900,"event":{"mods":["AchievementEnabler","Aspiration","BaseMod","Better Altar","Better Match","Better Note","Better Sensory Stone","Better Skull","Better Third Choice","BetterRewards","CCEM","Clawfect","Conspire","Downfall","GifTheSpireLib","Halation","Hermit","Highlight Path","Hubris","Hunter ??","Infinite Spire","Mad Scientist","Marisa????????","Mimic Mod","Minty Spire (QoL Compilation)","Permanent Neow","Replay The Spire","Shade Mod","Shop Mod","Spicy Shops","StSLib","Stuff the Spire","The Administrix","The Blackbeard","The Bug Knight","The Construct","The Cursed","The Disciple","The Jungle","The Mystic","The Necromancer","The Problem Sleuth","The Runesmith","The Spell Scribe","Unceasing Turn Reminder","[IsaacMod]????","everything is the same but u backflip on backflip"],"gold_per_floor":[99,114,22,41,41,61,87,99,3,33,48,48,67,87,101,204,204,129,129,129,145,161,142,169,169,169,169,12,43,43,43,43,43],"floor_reached":31,"playtime":2340,"items_purged":[],"score":305,"play_id":"87c4cf55-e4b2-46e5-8f1a-afd488aeda45","local_time":"20201224015500","is_ascension_mode":false,"campfire_choices":[{"data":"Guardian:Strike_Guardian","floor":1,"key":"PURGE"},{"floor":12,"key":"REST"},{"data":"BloodyBrimstone","floor":18,"key":"SMITH"},{"data":"Guardian:PrismaticBeam","floor":27,"key":"SMITH"}],"circlet_count":0,"master_deck":["Guardian:Strike_Guardian","Guardian:Strike_Guardian","Guardian:Defend_Guardian","Guardian:Defend_Guardian","Guardian:Defend_Guardian","Guardian:CurlUp","Guardian:TwinSlam","BloodyBrimstone+1","Guardian:Suspension+1","Guardian:TemporalStrike","Guardian:SentryBeam","Guardian:SpikerProtocol","Guardian:BronzeArmor","Guardian:BronzeOrb","Guardian:SentryBeam","Guardian:PrismaticBeam+1","Guardian:TimeSifter","Guardian:EvasiveProtocol","Guardian:BronzeArmor+1","expansioncontent:StudyTheSpire"],"relics":["HushsDoor","BookofShadows","halation:Prosthetics","hubris:Towel","HollowMod:PaleOreRelic","aspiration:RitualDagger","downfall:HeartBlessingGreen","SteamSale","aspiration:FrozenJewel","D6","MerchantsRug","Oddly Smooth Stone","halation:LettersToHer"],"acts_visited":["Exordium","TheCity"],"potions_floor_usage":[15,21,21],"damage_taken":[{"damage":0,"enemies":"Jaw Worm","floor":2,"turns":1},{"damage":0,"enemies":"downfall:FleeingMerchant","floor":3,"turns":4},{"damage":0,"enemies":"Cultist","floor":4,"turns":2},{"damage":5,"enemies":"Small Slimes","floor":6,"turns":2},{"damage":15,"enemies":"3 Louse","floor":8,"turns":4},{"damage":2,"enemies":"downfall:FleeingMerchant","floor":9,"turns":4},{"damage":5,"enemies":"Lagavulin","floor":10,"turns":5},{"damage":1,"enemies":"Large Slime","floor":11,"turns":3},{"damage":0,"enemies":"Exordium Wildlife","floor":13,"turns":1},{"damage":0,"enemies":"2 Fungi Beasts","floor":14,"turns":3},{"damage":0,"enemies":"3 Louse","floor":15,"turns":3},{"damage":16,"enemies":"downfall:Watcher","floor":16,"turns":8},{"damage":9,"enemies":"Shell Parasite","floor":21,"turns":3},{"damage":12,"enemies":"Chosen","floor":22,"turns":4},{"damage":6,"enemies":"downfall:FleeingMerchant","floor":23,"turns":2},{"damage":15,"enemies":"Book of Stabbing","floor":29,"turns":5},{"damage":31,"enemies":"Nightmare","floor":31,"turns":4}],"seed_played":"-7363959116070823484","potions_obtained":[{"floor":2,"key":"Energy Potion"},{"floor":11,"key":"SkillPotion"},{"floor":13,"key":"Weak Potion"},{"floor":15,"key":"Fruit Juice"},{"floor":21,"key":"construct:ShiftPotion"},{"floor":29,"key":"Energy Potion"}],"is_trial":false,"path_per_floor":["R","M","$","M","?","M","T","M","$","E","M","R","M","M","M","B",null,"R","?","?","M","M","$","T","PTL","PTL","R","$","E","?","NM"],"character_chosen":"GUARDIAN","items_purchased":["halation:LostSnail","Guardian:BronzeOrb","SteamSale","Lee\u0027s Waffle","aspiration:FrozenJewel","MerchantsRug","expansioncontent:StudyTheSpire","Oddly Smooth Stone"],"campfire_rested":1,"item_purchase_floors":[3,9,23,23,23,28,28,28],"current_hp_per_floor":[45,42,39,36,36,31,31,16,14,9,8,15,15,15,20,4,23,23,23,15,6,16,21,21,21,21,21,21,15,15,0,0,0],"gold":43,"neow_bonus":"BOSS_RELIC","is_daily":false,"chose_seed":false,"campfire_upgraded":2,"win_rate":0.0,"timestamp":1608774900,"path_taken":["R","M","$","M","?","M","T","M","$","E","?","R","M","M","M","BOSS","R","?","?","M","M","?","T","PTL","PTL","R","$","E","?","NM"],"items_purchased_type":["Relic","Card","Relic","Relic","Relic","Relic","Card","Relic"],"build_version":"2020-12-22","purchased_purges":0,"victory":false,"max_hp_per_floor":[45,42,39,36,36,33,33,33,30,27,24,24,21,21,26,23,23,23,23,23,20,17,21,21,21,21,21,21,18,18,15,15,15],"card_choices":[{"not_picked":[],"picked":"BloodyBrimstone","floor":0},{"not_picked":["Guardian:Gem_White","Guardian:Gem_Purple"],"picked":"Bomb","floor":2},{"not_picked":["Guardian:Reroute","Guardian:VentSteam"],"picked":"Guardian:Suspension","floor":3},{"not_picked":["Guardian:Gem_Lightblue","Guardian:Reroute"],"picked":"Guardian:TemporalStrike","floor":4},{"not_picked":["Guardian:Suspension","Guardian:TimeCapacitor"],"picked":"Guardian:SentryBeam","floor":6},{"not_picked":["Guardian:PrimingBeam","Guardian:Gem_Fragmented"],"picked":"Guardian:SpikerProtocol","floor":8},{"not_picked":["Guardian:ChargeCore","Guardian:Gem_Lightblue"],"picked":"Guardian:BronzeArmor","floor":9},{"not_picked":["Guardian:Suspension","Guardian:TimeCapacitor"],"picked":"Guardian:SentryBeam","floor":10},{"not_picked":["Guardian:TemporalShield","Guardian:WalkerClaw"],"picked":"Guardian:PrismaticBeam","floor":11},{"not_picked":["Guardian:Incinerate","Guardian:Gem_Red"],"picked":"Guardian:TimeSifter","floor":13},{"not_picked":["Guardian:Recover","Guardian:Planning"],"picked":"Guardian:EvasiveProtocol","floor":14},{"not_picked":["Guardian:CrystalBeam","Guardian:Clone","Guardian:Recover"],"picked":"SKIP","floor":15},{"not_picked":["Guardian:TimeSifter","Guardian:StasisField"],"picked":"Guardian:Gem_Orange","floor":16},{"not_picked":["Guardian:Gem_Red","Guardian:ShieldCharger+1"],"picked":"Guardian:BronzeArmor+1","floor":21},{"not_picked":["Guardian:Repulse+1","Guardian:Recover","Guardian:TimeCapacitor"],"picked":"SKIP","floor":22},{"not_picked":["Guardian:PiercingHide","Guardian:Gem_Crimson","Guardian:Suspension"],"picked":"SKIP","floor":23},{"not_picked":["Guardian:ChargeCore","Guardian:RollAttack","Guardian:Suspension"],"picked":"SKIP","floor":29}],"player_experience":208113,"relics_obtained":[{"floor":7,"key":"HollowMod:PaleOreRelic"},{"floor":10,"key":"GnawedLeaf"},{"floor":24,"key":"D6"},{"floor":29,"key":"halation:LettersToHer"}],"event_choices":[{"cards_removed":["Guardian:Defend_Guardian"],"damage_healed":0,"gold_gain":0,"player_choice":"Offered Basic","damage_taken":0,"max_hp_gain":0,"max_hp_loss":0,"event_name":"Bonfire Elementals","floor":19,"gold_loss":0}],"is_beta":false,"boss_relics":[{"not_picked":["Philosopher\u0027s Stone","aspiration:WatcherSkillbook"],"picked":"aspiration:RitualDagger"},{"not_picked":[]}],"items_purged_floors":[],"is_endless":false,"potions_floor_spawned":[2,11,13,14,15,21,29],"killed_by":"Nightmare","ascension_level":0}}