{"host":"txisuftzfyypgs93","time":1608820124,"event":{"mods":["Aspiration","BaseMod","Colored Powertips","Duelist Mod","GifTheSpireLib","Hubris","Infinite Spire","Minty Spire (QoL Compilation)","Replay The Spire","Shop Mod","StSLib","The Cursed","The Jungle","vexMod"],"gold_per_floor":[99999,99879,98715,98726,98108,98108,97724,97724,97724,97738,97213,97227,97258,97287,97299,97412,97424,97453,97465,97496,97508,97520,97532,97058,97090,97115,97149,96814,96827,96841,96858,96858,96954,96954,96966,96978,96108,96083,94936,94968,94968,94985,95012,95012,95032,95051,95069,95085,95085,95085],"floor_reached":51,"playtime":6003,"items_purged":["Strike_B","Strike_B","Defend_B","Strike_B","ReplayTheSpireMod:Necrosis","ReplayTheSpireMod:GoodbyeWorld","Defend_B"],"score":994,"play_id":"dbc130fc-c181-4668-be6a-81e8bcfac104","local_time":"20201224222844","is_ascension_mode":false,"campfire_choices":[{"data":"Fusion","floor":6.0,"key":"SMITH"},{"data":"Loop","floor":15.0,"key":"SMITH"},{"floor":23,"key":"DIG"},{"data":"Echo Form","floor":32,"key":"SMITH"},{"data":"hubris:PowerSurge","floor":41,"key":"SMITH"},{"data":"Rainbow","floor":41,"key":"SMITH"},{"floor":49,"key":"REST"}],"circlet_count":0,"master_deck":["Zap","Dualcast","Crystallizer","Beam Cell+1","Fusion+1","Storm","Panic Button","Good Instincts","Secret Weapon","Hello World","Go for the Eyes","White Noise+1","Loop+1","Conserve Battery","hubris:Ukulele","Heatsinks","hubris:PowerSurge+1","Thinking Ahead","ReplayRNGCard","Hologram","Thunder Strike","FIFO Queue+1","ReplayTheSpireMod:From All Sides","Deflect","Coolheaded","Capacitor","Rainbow+1","Meteor Strike+1","Echo Form+1","Static Discharge+1","Reinforced Body","Defragment","Double Energy","Static Discharge","BasicCrystalCard","Compile Driver","Electrodynamics","Redo+1","BasicCrystalCard+1","ReplayTheSpireMod:Private Reserves+1","White Noise+1","FTL+1","Sadistic Nature+1","ReplayTheSpireMod:Private Reserves","Fission+1"],"relics":["Runic Capacitor","Inserter","theDuelist:CardPoolMinusRelic","Lantern","Brimstone","theDuelist:AeroRelic","aspiration:FrozenJewel","Medical Kit","infinitespire:SolderingIron","PureWater","hubris:TerracottaHorce","GoldenEye","aspiration:RandomNobGenerator","hubris:SoftwareUpdate","theDuelist:DuelistSnakeEye","Orrery","infinitespire:EmptyRelic","ReplayTheSpireMod:Ring of Exchange","theDuelist:CardPoolSaveRelic","Symbiotic Virus","StoneCalendar","hubris:PeanutButter","The Specimen","Gremlin Horn","Golden Egg","Mark of Pain","Cracked Core","Prayer Wheel","BranchBurnRelic","aspiration:RunicSpoon","Strawberry","Regal Pillow","HandDrill","DollysMirror","Replay:Arrowhead","Bottled Lightning","ReplayFunnel","Dream Catcher"],"acts_visited":["Exordium","theJungle:Jungle","TheBeyond"],"potions_floor_usage":[20,25,27,31,40,45,45,50,50,50],"damage_taken":[{"damage":3.0,"enemies":"Jaw Worm","floor":1.0,"turns":4.0},{"damage":23.0,"enemies":"infinitespire:Voidling","floor":4.0,"turns":4.0},{"damage":0.0,"enemies":"Cultist","floor":10.0,"turns":3.0},{"damage":8.0,"enemies":"3 Louse","floor":12.0,"turns":3.0},{"damage":9.0,"enemies":"3 Sentries","floor":13.0,"turns":3.0},{"damage":6.0,"enemies":"Exordium Wildlife","floor":14.0,"turns":4.0},{"damage":0.0,"enemies":"Slime Boss","floor":16.0,"turns":6.0},{"damage":18.0,"enemies":"theJungle:MUSHROOMGANG","floor":18.0,"turns":5.0},{"damage":20,"enemies":"theJungle:GiantWrat","floor":20,"turns":3},{"damage":36,"enemies":"theJungle:MamaSnecko","floor":25,"turns":5},{"damage":35,"enemies":"theJungle:2_Phrogs","floor":27,"turns":5},{"damage":20,"enemies":"theJungle:2_Flameangoes","floor":29,"turns":3},{"damage":0,"enemies":"theJungle:Lyon","floor":30,"turns":1},{"damage":4,"enemies":"theJungle:Snecko_Cultist_And_Trap","floor":31,"turns":3},{"damage":0,"enemies":"theJungle:FunGuy","floor":33,"turns":4},{"damage":0,"enemies":"Orb Walker","floor":35,"turns":1},{"damage":22,"enemies":"3 Darklings","floor":36,"turns":3},{"damage":0,"enemies":"R_Hoarder","floor":40,"turns":3},{"damage":0,"enemies":"4 Shapes","floor":42,"turns":1},{"damage":18,"enemies":"Sphere and 2 Shapes","floor":45,"turns":3},{"damage":0,"enemies":"Transient","floor":46,"turns":4},{"damage":0,"enemies":"4 Shapes","floor":47,"turns":1},{"damage":0,"enemies":"Spire Growth","floor":48,"turns":3},{"damage":0,"enemies":"hubris:GrandSnecko","floor":50,"turns":3}],"seed_played":"572366212181731509","potions_obtained":[{"floor":1.0,"key":"Cursed Concoction"},{"floor":3.0,"key":"Energy Potion"},{"floor":3.0,"key":"DuplicationPotion"},{"floor":13.0,"key":"Adrenaline Potion"},{"floor":16.0,"key":"Strength Potion"},{"floor":18.0,"key":"Energy Potion"},{"floor":20,"key":"Swift Potion"},{"floor":29,"key":"DistilledChaos"},{"floor":30,"key":"SpeedPotion"},{"floor":42,"key":"Weak Potion"},{"floor":47,"key":"Dexterity Potion"},{"floor":48,"key":"SteroidPotion"}],"is_trial":false,"path_per_floor":["M","?","$","M","$","R","$","?","T","M","$","M","E","M","R","B",null,"M","?","M","?","?","R","$","E","T","E","$","M","M","M","R","B",null,"M","M","$","?","$","E","R","M","T","?","M","M","M","M","R","B",null],"character_chosen":"DEFECT","items_purchased":["Ancient Tea Set","vexMod:HeadHunter","Cauldron","Fusion","Storm","Panic Button","Good Instincts","Secret Weapon","PowerPotion","Nunchaku","Membership Card","infinitespire:WardingShard","Go for the Eyes","White Noise","ReplayTheSpireMod:GoodbyeWorld","Adrenaline Potion","Reflective Coating","PreservedInsect","MealTicket","ClockworkSouvenir","Loop","Conserve Battery","hubris:Ukulele","hubris:HerbalPaste","vexMod:ScavengeHelm","hubris:PowerSurge","Thinking Ahead","Replay:Bottled Steam","hubris:GlazedTorus","Vajra","Capacitor","Toolbox","Rainbow","Matryoshka","Mummified Hand","infinitespire:Chaos","Strawberry","Regal Pillow","HandDrill","BasicCrystalCard+1","ReplayTheSpireMod:Private Reserves","CultistPotion","DollysMirror","Replay:Arrowhead","FTL","Sadistic Nature","Bottled Lightning"],"campfire_rested":1,"item_purchase_floors":[3,3,3,3,3,3,3,3,3,5,5,5,5,5,5,5,5,7,7,7,7,7,7,11,11,11,11,11,24,24,24,24,24,28,28,28,37,37,37,37,37,37,39,39,39,39,39],"current_hp_per_floor":[72,72,72,56,56,56,56,56,56,56,71,68,64,64,64,70,75,63,63,48,50,60,60,75,45,45,36,51,31,31,27,27,39,66,66,44,51,51,51,51,51,51,51,51,33,33,33,33,72,81],"gold":95085,"neow_bonus":"THREE_CARDS","is_daily":false,"chose_seed":false,"campfire_upgraded":5,"win_rate":0.0,"timestamp":1608820124,"path_taken":["M","?","$","?","?","R","$","?","T","M","$","M","E","M","R","BOSS","M","?","M","?","?","R","$","E","T","E","?","M","?","?","R","BOSS","M","M","$","?","$","E","R","M","T","?","M","?","M","M","R","BOSS"],"items_purchased_type":["Relic","Relic","Relic","Card","Card","Card","Card","Card","Potion","Relic","Relic","Relic","Card","Card","Card","Potion","Potion","Relic","Relic","Relic","Card","Card","Card","Relic","Relic","Card","Card","Relic","Relic","Relic","Card","Relic","Card","Relic","Relic","Relic","Relic","Relic","Relic","Card","Card","Potion","Relic","Relic","Card","Card","Relic"],"build_version":"2020-12-22","purchased_purges":7,"victory":true,"max_hp_per_floor":[75,75,75,75,75,75,75,75,75,75,75,75,75,75,75,75,75,75,75,75,75,75,75,75,75,75,75,75,75,75,75,75,75,75,75,75,82,82,82,82,82,82,82,82,82,82,82,82,82,82],"card_choices":[{"not_picked":["Compile Driver","Barrage"],"picked":"Crystallizer","floor":0.0},{"not_picked":["Tempest","Hologram"],"picked":"Beam Cell","floor":1.0},{"not_picked":["Stack","Compile Driver"],"picked":"Hello World","floor":4.0},{"not_picked":["Compile Driver","Beam Cell"],"picked":"Heatsinks","floor":10.0},{"not_picked":["Panic Button","Hologram","Coolheaded"],"picked":"SKIP","floor":12.0},{"not_picked":["hubris:SpecializedCircuitry","hubris:DoWhile"],"picked":"ReplayRNGCard","floor":13.0},{"not_picked":["Rainbow","Sweeping Beam","BasicCrystalCard"],"picked":"SKIP","floor":13.0},{"not_picked":["Leap","Beam Cell"],"picked":"Hologram","floor":14.0},{"not_picked":["Buffer","Multi-Cast"],"picked":"Thunder Strike","floor":16.0},{"not_picked":["Redo","Coolheaded"],"picked":"FIFO Queue+1","floor":18.0},{"not_picked":["Rip and Tear","Redo"],"picked":"Coolheaded","floor":20},{"not_picked":["hubris:DoWhile","ReplayTheSpireMod:Fabricate Wheel"],"picked":"Meteor Strike","floor":25},{"not_picked":["Auto Shields","Cold Snap+1"],"picked":"ReplayTheSpireMod:Fabricate Wheel","floor":25},{"not_picked":["Buffer","hubris:SpecializedCircuitry"],"picked":"Echo Form","floor":27},{"not_picked":["Chaos+1","Conserve Battery"],"picked":"Static Discharge+1","floor":27},{"not_picked":["Reprogram+1","Chaos"],"picked":"Reinforced Body","floor":28},{"not_picked":["Sweeping Beam+1","Multi-Cast"],"picked":"Defragment","floor":28},{"not_picked":["Steam","BasicCrystalCard"],"picked":"Double Energy","floor":28},{"not_picked":["Leap","Cold Snap"],"picked":"Static Discharge","floor":28},{"not_picked":["Panic Button","Coolheaded"],"picked":"BasicCrystalCard","floor":28},{"not_picked":["Sweeping Beam+1","hubris:DoWhile"],"picked":"Compile Driver","floor":29},{"not_picked":["Panic Button","Heatsinks","Go for the Eyes"],"picked":"SKIP","floor":30},{"not_picked":["BootSequence+1","ReplayGash","Fusion"],"picked":"SKIP","floor":31},{"not_picked":["Panic Button","BootSequence","Ball Lightning"],"picked":"SKIP","floor":31},{"not_picked":["Buffer","Reboot"],"picked":"Electrodynamics","floor":33},{"not_picked":["Conserve Battery+1","Beam Cell+1","Gash+1"],"picked":"SKIP","floor":35},{"not_picked":["Redo+1","Cold Snap+1","Panic Button"],"picked":"SKIP","floor":35},{"not_picked":["Coolheaded","Reprogram+1"],"picked":"Redo+1","floor":36},{"not_picked":["Rip and Tear+1","Panic Button+1","Ball Lightning"],"picked":"SKIP","floor":36},{"not_picked":["BasicCrystalCard","Sweeping Beam","Panic Button+1"],"picked":"SKIP","floor":40},{"not_picked":["Coolheaded","Ball Lightning+1","Panic Button"],"picked":"SKIP","floor":42},{"not_picked":["Loop+1","Gash+1","Darkness"],"picked":"SKIP","floor":42},{"not_picked":["Time Bomb+1","Leap","Blizzard"],"picked":"SKIP","floor":45},{"not_picked":["Sweeping Beam","ReplayTheSpireMod:System Scan","Chill+1"],"picked":"SKIP","floor":45},{"not_picked":["Consume","Hologram","Streamline"],"picked":"SKIP","floor":46},{"not_picked":["Steam+1","Hello World+1","Beam Cell"],"picked":"SKIP","floor":46},{"not_picked":["ReplayRNGCard","Gash","Cold Snap+1"],"picked":"SKIP","floor":47},{"not_picked":["ReplayTheSpireMod:GoodbyeWorld","Hello World","Hologram+1"],"picked":"SKIP","floor":47},{"not_picked":["Cold Snap","Gash","Ball Lightning+1"],"picked":"SKIP","floor":48},{"not_picked":["Streamline","Go for the Eyes+1","Coolheaded"],"picked":"SKIP","floor":48}],"player_experience":27957,"relics_obtained":[{"floor":9.0,"key":"Replay:Bottled Snecko"},{"floor":13.0,"key":"MawBank"},{"floor":23,"key":"Pantograph"},{"floor":25,"key":"hubris:BallOfYels"},{"floor":26,"key":"Whetstone"},{"floor":27,"key":"hubris:CrystalStatue"},{"floor":40,"key":"ReplayFunnel"},{"floor":43,"key":"Dream Catcher"}],"event_choices":[{"damage_healed":0.0,"max_hp_gain":0.0,"max_hp_loss":0.0,"gold_gain":0.0,"event_name":"WeMeetAgain","player_choice":"Paid Gold","floor":2.0,"gold_loss":120.0,"damage_taken":0.0,"relics_obtained":["Omamori"]},{"damage_healed":0,"gold_gain":0,"player_choice":"2 cards matched","damage_taken":0,"max_hp_gain":0,"max_hp_loss":0,"event_name":"Match and Keep!","floor":44,"gold_loss":0,"cards_obtained":["ReplayTheSpireMod:Private Reserves","Fission"]}],"is_beta":false,"boss_relics":[{"not_picked":["ReplayTheSpireMod:SealedPack","ReplayTheSpireMod:DimensionalGlitch"],"picked":"aspiration:RitualDagger"},{"not_picked":["Replay:Drink Me","aspiration:FutureDiary"],"picked":"aspiration:RunicSpoon"}],"items_purged_floors":[3,5,7,11,24,37,39],"is_endless":false,"potions_floor_spawned":[1,13,16,18,20,29,30,42,47,48],"ascension_level":0}}