{"host":"mniz8q056kux99zk","time":1608822312,"event":{"mods":["BaseMod","CapriCore","Highlight Path","Minty Spire (QoL Compilation)","Replay The Spire","StSLib"],"gold_per_floor":[113,34,49,20,36,65,240,240,285,285,285,297,307,322,322,423,423,443,443,456,471,471,471],"floor_reached":22,"playtime":2066,"items_purged":["Languid"],"score":224,"play_id":"f4ac94ab-b01b-4ec5-88c0-3bf6cfef3d57","local_time":"20201224100512","is_ascension_mode":true,"campfire_choices":[{"floor":8,"key":"RECALL"},{"floor":10,"key":"REST"},{"floor":15,"key":"REST"}],"circlet_count":0,"master_deck":["Strike_B","Strike_B","Strike_B","Strike_B","Defend_B","Defend_B","Defend_B","Defend_B","Zap","Dualcast","Storm+1","Loop","BasicCrystalCard+1","Aggregate","Pot Of Greed","Pot Of Greed","Static Discharge","Doubt","Beam Cell","Static Discharge","Redo","Thunder Strike","Tempest","Loop","Barrage","Go for the Eyes+1","Pot Of Greed"],"relics":["SacredBark","ReplayTheSpireMod:CursedCoin","Blue Doll","Grinning Jar","Vajra","Fusion Hammer"],"acts_visited":["Exordium","TheCity"],"potions_floor_usage":[6,16,16],"damage_taken":[{"damage":1,"enemies":"Cultist","floor":1,"turns":4},{"damage":20,"enemies":"Jaw Worm","floor":3,"turns":4},{"damage":7,"enemies":"2 Louse","floor":5,"turns":4},{"damage":0,"enemies":"Replay:BlueRogue","floor":6,"turns":6},{"damage":24,"enemies":"Exordium Wildlife","floor":12,"turns":5},{"damage":22,"enemies":"Large Slime","floor":13,"turns":4},{"damage":16,"enemies":"Red Slaver","floor":14,"turns":3},{"damage":14,"enemies":"The Guardian","floor":16,"turns":9},{"damage":22,"enemies":"Spheric Guardian","floor":18,"turns":3},{"damage":17,"enemies":"Chosen","floor":20,"turns":4},{"damage":18,"enemies":"Snecko","floor":21,"turns":5},{"damage":21,"enemies":"Snake Plant","floor":22,"turns":1}],"seed_played":"6184663099403038241","potions_obtained":[{"floor":3,"key":"LifebloodPotion"},{"floor":5,"key":"SteroidPotion"},{"floor":13,"key":"Fire Potion"},{"floor":20,"key":"Doom Potion"}],"is_trial":false,"path_per_floor":["M","$","M","$","M","E","?","R","T","R","?","M","M","M","R","B",null,"M","?","M","M","M"],"character_chosen":"DEFECT","items_purchased":["ReplayTheSpireMod:CursedCoin","Blue Doll","BasicCrystalCard+1"],"campfire_rested":2,"item_purchase_floors":[2,2,4],"current_hp_per_floor":[74,74,54,54,47,47,47,47,47,69,69,45,23,7,29,15,75,53,53,36,18,0,0],"gold":471,"neow_bonus":"BOSS_RELIC","is_daily":false,"chose_seed":false,"campfire_upgraded":0,"win_rate":0.0,"timestamp":1608822312,"path_taken":["M","?","M","$","M","E","?","R","T","R","?","?","M","M","R","BOSS","M","?","?","M","?"],"items_purchased_type":["Relic","Relic","Card"],"build_version":"2020-12-22","purchased_purges":1,"victory":false,"max_hp_per_floor":[75,75,75,75,75,75,75,75,75,75,75,75,75,75,75,75,75,75,75,75,75,75,75],"card_choices":[{"not_picked":["Beam Cell","Gash"],"picked":"Storm","floor":1},{"not_picked":["Rip and Tear","BasicCrystalCard"],"picked":"Loop","floor":3},{"not_picked":["ReplayTheSpireMod:Repulse","Go for the Eyes"],"picked":"Aggregate","floor":5},{"not_picked":["Stack","Turbo"],"picked":"Static Discharge","floor":6},{"not_picked":["Darkness","Rebound"],"picked":"Beam Cell","floor":12},{"not_picked":["FTL","Mirror Shield"],"picked":"Static Discharge","floor":13},{"not_picked":["Turbo","Fusion"],"picked":"Redo","floor":14},{"not_picked":["ReplayRNGCard","Meteor Strike"],"picked":"Thunder Strike","floor":16},{"not_picked":["Steam","Stack"],"picked":"Tempest","floor":18},{"not_picked":["Coolheaded","Streamline"],"picked":"Barrage","floor":20},{"not_picked":["Steam","Streamline"],"picked":"Go for the Eyes+1","floor":21}],"player_experience":69471,"relics_obtained":[{"floor":6,"key":"Grinning Jar"},{"floor":9,"key":"Vajra"}],"event_choices":[{"damage_healed":0,"gold_gain":175,"player_choice":"AGREE","damage_taken":0,"max_hp_gain":0,"max_hp_loss":0,"event_name":"Liars Game","floor":7,"gold_loss":0,"cards_obtained":["Doubt"]},{"damage_healed":0,"gold_gain":0,"player_choice":"Copied","damage_taken":0,"max_hp_gain":0,"max_hp_loss":0,"event_name":"Duplicator","floor":19,"gold_loss":0,"cards_obtained":["Loop"]}],"is_beta":false,"boss_relics":[{"not_picked":["ChewingGum","SlaversCollar"],"picked":"Fusion Hammer"}],"items_purged_floors":[2],"is_endless":false,"potions_floor_spawned":[3,5,13,20],"killed_by":"Snake Plant","ascension_level":1}}