{"host":"fs9fti79x98y0ceq","time":1608802064,"event":{"mods":["AchievementEnabler","BaseMod","Colored Map","Custom Start","DeckTracker","Hermit","KOR Keyword Fix","Minty Spire (QoL Compilation)","Relic Stats","StSLib","SuperFastMode","everything is the same but u backflip on backflip"],"gold_per_floor":[211,136,156,172,172,172,185,85,85,115,115,115,115,125,125,199,199,210,226,226,226,245,271,271,303,329,21,33,33,46,46,46,46,46],"floor_reached":33,"playtime":1134,"items_purged":["Defend_P","Strike_P"],"score":493,"play_id":"c2308793-7de2-4f24-a064-b410fe278215","local_time":"20201224182744","is_ascension_mode":true,"campfire_choices":[{"data":"Eruption","floor":6.0,"key":"SMITH"},{"data":"FearNoEvil","floor":12.0,"key":"SMITH"},{"floor":15.0,"key":"RECALL"},{"floor":24.0,"key":"REST"},{"data":"Vault","floor":32.0,"key":"SMITH"}],"circlet_count":0,"master_deck":["AscendersBane","Strike_P","Strike_P","Strike_P","Defend_P+1","Defend_P","Eruption+1","Vigilance","MentalFortress+1","FearNoEvil+1","FlurryOfBlows+1","MentalFortress+1","Vault+1"],"relics":["PureWater","Mango","TungstenRod","Pen Nib","SlaversCollar","Strawberry","Dream Catcher","Regal Pillow","Incense Burner"],"acts_visited":["Exordium","TheCity"],"potions_floor_usage":[33,33],"damage_taken":[{"damage":0.0,"enemies":"Small Slimes","floor":1.0,"turns":3.0},{"damage":0.0,"enemies":"Cultist","floor":3.0,"turns":4.0},{"damage":2.0,"enemies":"2 Louse","floor":4.0,"turns":5.0},{"damage":23.0,"enemies":"Large Slime","floor":7.0,"turns":10.0},{"damage":8.0,"enemies":"Exordium Thugs","floor":14.0,"turns":4.0},{"damage":4.0,"enemies":"The Guardian","floor":16.0,"turns":14.0},{"damage":5.0,"enemies":"3 Byrds","floor":18.0,"turns":6.0},{"damage":9.0,"enemies":"Shell Parasite","floor":19.0,"turns":5.0},{"damage":10.0,"enemies":"Snake Plant","floor":22.0,"turns":5.0},{"damage":23.0,"enemies":"Slavers","floor":23.0,"turns":9.0},{"damage":10.0,"enemies":"Gremlin Leader","floor":25.0,"turns":9.0},{"damage":18.0,"enemies":"Shelled Parasite and Fungi","floor":28.0,"turns":6.0},{"damage":1.0,"enemies":"Snecko","floor":30.0,"turns":6.0},{"damage":67,"enemies":"Champ","floor":33,"turns":13}],"seed_played":"-3123159062516187032","potions_obtained":[{"floor":3.0,"key":"Ambrosia"},{"floor":18.0,"key":"Weak Potion"},{"floor":22.0,"key":"LiquidMemories"},{"floor":25.0,"key":"Fire Potion"}],"is_trial":false,"path_per_floor":["M","$","M","M","?","R","M","$","T","?","?","R","?","M","R","B",null,"M","M","?","?","M","E","R","E","T","$","M","?","M","?","R","B"],"character_chosen":"WATCHER","items_purchased":["Incense Burner"],"campfire_rested":1,"item_purchase_floors":[27],"current_hp_per_floor":[61,61,61,59,73,73,50,50,50,50,35,35,40,32,32,28,72,67,58,58,58,48,32,60,50,50,50,32,32,31,31,31,0,0],"gold":46,"neow_bonus":"HUNDRED_GOLD","is_daily":false,"chose_seed":false,"campfire_upgraded":3,"win_rate":0.0,"timestamp":1608802064,"path_taken":["M","$","M","M","?","R","M","?","T","?","?","R","?","M","R","BOSS","M","M","?","?","?","E","R","E","T","$","M","?","M","?","R","BOSS"],"items_purchased_type":["Relic"],"build_version":"2020-12-22","purchased_purges":2,"victory":false,"max_hp_per_floor":[68,68,68,68,82,82,82,82,82,82,82,82,87,87,87,87,87,87,87,87,87,87,94,94,94,94,94,94,94,94,94,94,94,94],"relic_stats":{"Dream Catcher":0,"Regal Pillow":0,"counters":[14,99],"Pen Nib":[18],"obtain_stats":[{"SlaversCollar":17,"Dream Catcher":25,"Regal Pillow":26,"Strawberry":23,"Mango":5,"Pen Nib":10,"Incense Burner":27,"PureWater":0,"TungstenRod":9},{"SlaversCollar":6,"Dream Catcher":11,"Regal Pillow":11,"Strawberry":10,"Mango":3,"Pen Nib":4,"Incense Burner":11,"PureWater":0,"TungstenRod":4},{"SlaversCollar":40,"Dream Catcher":74,"Regal Pillow":74,"Strawberry":65,"Mango":12,"Pen Nib":22,"Incense Burner":74,"PureWater":0,"TungstenRod":22}],"TungstenRod":33},"card_choices":[{"not_picked":["Prostrate","ThirdEye","Halt"],"picked":"SKIP","floor":1.0},{"not_picked":["Worship","CrushJoints"],"picked":"MentalFortress","floor":3.0},{"not_picked":["FollowUp","Prostrate","WindmillStrike"],"picked":"SKIP","floor":4.0},{"not_picked":["EmptyFist","PathToVictory"],"picked":"FearNoEvil","floor":7.0},{"not_picked":["FearNoEvil","Pray","Fasting2"],"picked":"SKIP","floor":14.0},{"not_picked":["SandsOfTime","CutThroughFate"],"picked":"FlurryOfBlows+1","floor":18.0},{"not_picked":["CutThroughFate","FlurryOfBlows","Evaluate"],"picked":"SKIP","floor":19.0},{"not_picked":["DeceiveReality","ClearTheMind+1","BowlingBash"],"picked":"SKIP","floor":22.0},{"not_picked":["EmptyBody","Wireheading","PathToVictory"],"picked":"SKIP","floor":23.0},{"not_picked":["Protect","Indignation","BowlingBash"],"picked":"SKIP","floor":25.0},{"not_picked":["PathToVictory","SashWhip"],"picked":"Vault","floor":28.0},{"not_picked":["Perseverance","CutThroughFate","BattleHymn"],"picked":"SKIP","floor":30.0}],"player_experience":411504,"relics_obtained":[{"floor":9.0,"key":"TungstenRod"},{"floor":23.0,"key":"Strawberry"},{"floor":25.0,"key":"Dream Catcher"},{"floor":26.0,"key":"Regal Pillow"}],"event_choices":[{"damage_healed":0.0,"max_hp_gain":0.0,"max_hp_loss":0.0,"gold_gain":0.0,"event_name":"WeMeetAgain","player_choice":"Gave Potion","floor":5.0,"gold_loss":0.0,"damage_taken":0.0,"relics_obtained":["Mango"]},{"damage_healed":0.0,"max_hp_gain":0.0,"max_hp_loss":0.0,"gold_gain":30.0,"event_name":"Dead Adventurer","player_choice":"Searched \u00273\u0027 times","floor":10.0,"gold_loss":0.0,"damage_taken":0.0,"relics_obtained":["Pen Nib"]},{"damage_healed":0.0,"max_hp_gain":0.0,"max_hp_loss":0.0,"gold_gain":0.0,"event_name":"Shining Light","player_choice":"Entered Light","floor":11.0,"gold_loss":0.0,"damage_taken":16.0,"cards_upgraded":["Defend_P","MentalFortress"]},{"damage_healed":0.0,"max_hp_gain":5.0,"max_hp_loss":0.0,"gold_gain":0.0,"event_name":"Big Fish","player_choice":"Donut","floor":13.0,"gold_loss":0.0,"damage_taken":0.0},{"damage_healed":0.0,"max_hp_gain":0.0,"max_hp_loss":0.0,"gold_gain":0.0,"event_name":"The Mausoleum","player_choice":"Ignored","floor":20.0,"gold_loss":0.0,"damage_taken":0.0},{"damage_healed":0.0,"max_hp_gain":0.0,"max_hp_loss":0.0,"gold_gain":0.0,"event_name":"Duplicator","player_choice":"Copied","floor":21.0,"gold_loss":0.0,"damage_taken":0.0,"cards_obtained":["MentalFortress"]},{"cards_removed":["Defend_P"],"damage_healed":0.0,"max_hp_gain":0.0,"max_hp_loss":0.0,"gold_gain":0.0,"event_name":"Back to Basics","player_choice":"Elegance","floor":29.0,"gold_loss":0.0,"damage_taken":0.0}],"is_beta":false,"boss_relics":[{"not_picked":["Pandora\u0027s Box","SacredBark"],"picked":"SlaversCollar"}],"items_purged_floors":[2,8],"is_endless":false,"potions_floor_spawned":[3,18,22,25],"killed_by":"Champ","ascension_level":14}}