{"host":"szp1d6dso4pv7ddl","time":1608833418,"event":{"mods":["AchievementEnabler","Alarm Clock","BaseMod","Bestiary","Block Reminder","Colored Map","Colored Powertips","Curses Come First","Displayed Cursed Tome","Highlight Path","Minty Spire (QoL Compilation)","Permanent Neow","Quick Restart","Relic Sorter","Relic Stats","StSLib","Synergy Search"],"gold_per_floor":[111,75,250,129,129,159,159,171,171,184,184,203,203,52,52,154,154,171,183,38,0,0,0,10,10,10,10,10,10],"floor_reached":28,"playtime":1399,"items_purged":["Doubt","Defend_G"],"score":359,"play_id":"d473362a-366f-4b66-862e-39b64c836a23","local_time":"20201224101018","is_ascension_mode":true,"campfire_choices":[{"data":"Blade Dance","floor":11,"key":"SMITH"},{"data":"Backstab","floor":15,"key":"SMITH"},{"data":"Adrenaline","floor":23,"key":"SMITH"}],"circlet_count":0,"master_deck":["AscendersBane","Strike_G","Strike_G","Strike_G","Strike_G","Defend_G","Defend_G","Survivor","Neutralize","Dagger Spray","Backstab+1","Poisoned Stab","Escape Plan","Blade Dance+1","Blur","Adrenaline+1","Bouncing Flask+1","Bouncing Flask+1","Cloak And Dagger","Dagger Spray+1","Concentrate","Backstab"],"relics":["Ring of the Snake","NeowsBlessing","Dream Catcher","WarpedTongs","Du-Vu Doll","Blood Vial","TwistedFunnel","Empty Cage","GremlinMask","The Courier"],"acts_visited":["Exordium","TheCity"],"potions_floor_usage":[16],"damage_taken":[{"damage":0,"enemies":"Cultist","floor":1,"turns":1},{"damage":0,"enemies":"3 Sentries","floor":6,"turns":1},{"damage":0,"enemies":"Jaw Worm","floor":8,"turns":1},{"damage":0,"enemies":"Small Slimes","floor":10,"turns":1},{"damage":0,"enemies":"Gremlin Gang","floor":12,"turns":1},{"damage":55,"enemies":"The Guardian","floor":16,"turns":11},{"damage":11,"enemies":"Shell Parasite","floor":18,"turns":5},{"damage":4,"enemies":"Chosen","floor":19,"turns":4},{"damage":36,"enemies":"Snake Plant","floor":24,"turns":5},{"damage":38,"enemies":"Cultist and Chosen","floor":28,"turns":4}],"seed_played":"8856106697315986941","potions_obtained":[{"floor":8,"key":"DuplicationPotion"},{"floor":16,"key":"Fruit Juice"},{"floor":24,"key":"AttackPotion"}],"is_trial":false,"path_per_floor":["M","$","?","$","?","E","?","M","T","M","R","M","T","$","R","B",null,"M","M","$","?","?","R","M","?","T","?","M"],"character_chosen":"THE_SILENT","items_purchased":["Backstab","Poisoned Stab","TwistedFunnel","Cloak And Dagger"],"campfire_rested":0,"item_purchase_floors":[2,4,14,20],"current_hp_per_floor":[63,63,63,63,68,68,68,68,68,68,68,68,68,68,68,20,65,56,54,54,54,54,54,20,20,20,20,0,0],"gold":10,"neow_bonus":"THREE_ENEMY_KILL","is_daily":false,"chose_seed":false,"campfire_upgraded":3,"win_rate":0.0,"timestamp":1608833418,"path_taken":["M","$","?","$","?","E","?","M","T","?","R","M","?","$","R","BOSS","M","M","$","?","?","R","?","?","T","?","M"],"items_purchased_type":["Card","Card","Relic","Card"],"build_version":"2020-12-22","purchased_purges":2,"victory":false,"max_hp_per_floor":[70,70,70,70,75,75,75,75,75,75,75,75,75,75,75,80,80,80,80,80,80,80,80,80,80,80,80,80,80],"relic_stats":{"Blood Vial":10,"Dream Catcher":0,"counters":[10,34],"obtain_stats":[{"Du-Vu Doll":9,"Blood Vial":13,"TwistedFunnel":14,"Dream Catcher":6,"NeowsBlessing":0,"GremlinMask":22,"The Courier":26,"Empty Cage":17,"Ring of the Snake":0,"WarpedTongs":7},{"Du-Vu Doll":3,"Blood Vial":5,"TwistedFunnel":5,"Dream Catcher":2,"NeowsBlessing":0,"GremlinMask":8,"The Courier":9,"Empty Cage":6,"Ring of the Snake":0,"WarpedTongs":2},{"Du-Vu Doll":3,"Blood Vial":5,"TwistedFunnel":5,"Dream Catcher":2,"NeowsBlessing":0,"GremlinMask":25,"The Courier":30,"Empty Cage":16,"Ring of the Snake":0,"WarpedTongs":2}],"Ring of the Snake":[20],"WarpedTongs":[32]},"card_choices":[{"not_picked":["Dagger Throw","PiercingWail"],"picked":"Dagger Spray","floor":1},{"not_picked":["Blade Dance","Slice"],"picked":"Escape Plan","floor":6},{"not_picked":["Deadly Poison","All Out Attack"],"picked":"Blade Dance","floor":8},{"not_picked":["Dodge and Roll","Deflect","Prepared"],"picked":"SKIP","floor":10},{"not_picked":["Bane","Flying Knee"],"picked":"Blur","floor":12},{"not_picked":["Wraith Form v2","A Thousand Cuts"],"picked":"Adrenaline","floor":16},{"not_picked":["Flechettes","Slice"],"picked":"Bouncing Flask+1","floor":18},{"not_picked":["Acrobatics","Slice"],"picked":"Bouncing Flask+1","floor":19},{"not_picked":["Underhanded Strike","Noxious Fumes"],"picked":"Dagger Spray+1","floor":24}],"player_experience":996393,"relics_obtained":[{"floor":6,"key":"Dream Catcher"},{"floor":9,"key":"Du-Vu Doll"},{"floor":13,"key":"Blood Vial"},{"floor":26,"key":"The Courier"}],"event_choices":[{"damage_healed":0,"gold_gain":175,"player_choice":"AGREE","damage_taken":0,"max_hp_gain":0,"max_hp_loss":0,"event_name":"Liars Game","floor":3,"gold_loss":0,"cards_obtained":["Doubt"]},{"damage_healed":0,"gold_gain":0,"player_choice":"Donut","damage_taken":0,"max_hp_gain":5,"max_hp_loss":0,"event_name":"Big Fish","floor":5,"gold_loss":0},{"damage_healed":0,"gold_gain":0,"player_choice":"Rummage","damage_taken":0,"relics_obtained":["WarpedTongs"],"max_hp_gain":0,"max_hp_loss":0,"event_name":"Accursed Blacksmith","floor":7,"gold_loss":0,"cards_obtained":["Pain"]},{"damage_healed":0,"gold_gain":0,"player_choice":"Paid Fearfully","damage_taken":0,"max_hp_gain":0,"max_hp_loss":0,"event_name":"Masked Bandits","floor":21,"gold_loss":38},{"damage_healed":0,"gold_gain":0,"player_choice":"Trade","damage_taken":0,"relics_obtained":["GremlinMask"],"max_hp_gain":0,"max_hp_loss":0,"event_name":"FaceTrader","floor":22,"gold_loss":0},{"damage_healed":0,"gold_gain":0,"cards_transformed":["Defend_G","Defend_G"],"player_choice":"Became Test Subject","damage_taken":0,"max_hp_gain":0,"max_hp_loss":0,"event_name":"Drug Dealer","floor":25,"gold_loss":0,"cards_obtained":["Concentrate","Backstab"]},{"damage_healed":0,"gold_gain":0,"player_choice":"0 cards matched","damage_taken":0,"max_hp_gain":0,"max_hp_loss":0,"event_name":"Match and Keep!","floor":27,"gold_loss":0,"cards_obtained":[]}],"is_beta":false,"boss_relics":[{"not_picked":["Coffee Dripper","Black Star"],"picked":"Empty Cage"}],"items_purged_floors":[4,20],"is_endless":false,"potions_floor_spawned":[8,16,24],"killed_by":"Cultist and Chosen","ascension_level":10}}