{"host":"x4x6fw95e6eqd4n0","time":1608803723,"event":{"mods":["AchievementEnabler","BaseMod","Colored Map","Colored Powertips","DeckTracker","Minty Spire (QoL Compilation)"],"gold_per_floor":[111,126,142,157,157,157,190,190,265,265,265],"floor_reached":10,"playtime":382,"items_purged":[],"score":75,"play_id":"87b94a38-e80f-40c3-bdea-fec5063f419a","local_time":"20201224115523","is_ascension_mode":true,"campfire_choices":[{"data":"Aggregate","floor":6,"key":"SMITH"},{"data":"Fission","floor":8,"key":"SMITH"}],"circlet_count":0,"master_deck":["Strike_B","Strike_B","Strike_B","Strike_B","Defend_B","Defend_B","Defend_B","Defend_B","Zap","Dualcast","Fission+1","Fusion","Skim","Storm","Aggregate+1","Zap","Sweeping Beam"],"relics":["Cracked Core","CaptainsWheel","Eternal Feather"],"acts_visited":["Exordium"],"potions_floor_usage":[7,7,7,10],"damage_taken":[{"damage":1,"enemies":"Cultist","floor":1,"turns":3},{"damage":10,"enemies":"Small Slimes","floor":2,"turns":3},{"damage":2,"enemies":"Jaw Worm","floor":3,"turns":3},{"damage":16,"enemies":"Exordium Wildlife","floor":4,"turns":4},{"damage":18,"enemies":"Gremlin Nob","floor":7,"turns":3},{"damage":36,"enemies":"Lagavulin","floor":10,"turns":6}],"seed_played":"-4349548539066584118","potions_obtained":[{"floor":1,"key":"Explosive Potion"},{"floor":2,"key":"Fire Potion"},{"floor":4,"key":"GamblersBrew"},{"floor":7,"key":"SkillPotion"}],"is_trial":false,"path_per_floor":["M","M","M","M","?","R","E","R","T","E"],"character_chosen":"DEFECT","items_purchased":[],"campfire_rested":0,"item_purchase_floors":[],"current_hp_per_floor":[67,57,55,39,39,39,21,21,21,0,0],"gold":265,"neow_bonus":"THREE_RARE_CARDS","is_daily":false,"chose_seed":false,"campfire_upgraded":2,"win_rate":0.0,"timestamp":1608803723,"path_taken":["M","M","M","M","?","R","E","R","T","E"],"items_purchased_type":[],"build_version":"2020-12-13","purchased_purges":0,"victory":false,"max_hp_per_floor":[68,68,68,68,68,68,68,68,68,68,68],"card_choices":[{"not_picked":["Multi-Cast","Meteor Strike"],"picked":"Fission","floor":0},{"not_picked":["Force Field","Blizzard"],"picked":"Fusion","floor":1},{"not_picked":["Rebound","Gash"],"picked":"Skim","floor":2},{"not_picked":["Hologram","FTL"],"picked":"Storm","floor":3},{"not_picked":["Force Field","BootSequence"],"picked":"Aggregate","floor":4},{"not_picked":["Go for the Eyes","Streamline"],"picked":"Sweeping Beam","floor":7}],"player_experience":75247,"relics_obtained":[{"floor":7,"key":"CaptainsWheel"},{"floor":9,"key":"Eternal Feather"}],"event_choices":[{"damage_healed":0,"gold_gain":0,"player_choice":"1 cards matched","damage_taken":0,"max_hp_gain":0,"max_hp_loss":0,"event_name":"Match and Keep!","floor":5,"gold_loss":0,"cards_obtained":["Zap"]}],"is_beta":false,"boss_relics":[],"items_purged_floors":[],"is_endless":false,"potions_floor_spawned":[1,2,4,7],"killed_by":"Lagavulin","ascension_level":2}}