{"host":"thn8o1tmql8xszd5","time":1608832589,"event":{"mods":["AchievementEnabler","Act Like it!","BaseMod","Block Reminder","Colored Map","DeckTracker","Gensokyo","Highlight Path","Minty Spire (QoL Compilation)","Permanent Neow","Quick Restart","Relic Stats","Robot Space Explorer","StSLib","The Animator","The Blue Laboratory"],"gold_per_floor":[119,49,64,82,99,130,153,153,153,192,215,228,228,228,228],"floor_reached":14,"playtime":804,"items_purged":[],"score":138,"play_id":"e2df8cbc-8c5c-46da-a0df-d2e046fdcb2b","local_time":"20201224125629","is_ascension_mode":true,"campfire_choices":[{"data":"True Grit","floor":8,"key":"SMITH"},{"data":"Inflame","floor":13,"key":"SMITH"}],"circlet_count":0,"master_deck":["Strike_R","Strike_R","Strike_R","Strike_R","Strike_R","Defend_R","Defend_R","Defend_R","Defend_R","Bash+1","Immolate+1","True Grit+1","Inflame+1","Sword Boomerang","Burning Pact","Rampage","Warcry","Seeing Red"],"relics":["Burning Blood","CeramicFish","Pantograph","Vajra"],"acts_visited":["Exordium"],"potions_floor_usage":[3,11],"damage_taken":[{"damage":0,"enemies":"Gensokyo:2_Kodama","floor":1,"turns":1},{"damage":1,"enemies":"Gensokyo:Gryphon","floor":3,"turns":2},{"damage":0,"enemies":"Gensokyo:3_Fairies","floor":4,"turns":3},{"damage":12,"enemies":"Gensokyo:Gryphon_and_Rabbit","floor":5,"turns":4},{"damage":21,"enemies":"Gensokyo:Aya","floor":6,"turns":5},{"damage":17,"enemies":"Gensokyo:VengefulSpirit","floor":7,"turns":4},{"damage":20,"enemies":"Gensokyo:Mamizou","floor":10,"turns":7},{"damage":8,"enemies":"Gensokyo:5_Fairies","floor":11,"turns":4},{"damage":2,"enemies":"Gensokyo:2_Rabbits","floor":12,"turns":2},{"damage":30,"enemies":"Gensokyo:Aya","floor":14,"turns":5}],"seed_played":"-4629892196292701641","potions_obtained":[{"floor":1,"key":"Swift Potion"},{"floor":3,"key":"blueLaboratory:CorrosionFlask"},{"floor":7,"key":"Fire Potion"},{"floor":10,"key":"blueLaboratory:Moonshine"}],"is_trial":false,"path_per_floor":["M","?","M","M","M","E","M","R","T","E","M","M","R","E"],"character_chosen":"IRONCLAD","items_purchased":[],"campfire_rested":0,"item_purchase_floors":[],"current_hp_per_floor":[72,72,72,72,66,51,40,40,40,26,24,28,28,0,0],"gold":228,"neow_bonus":"THREE_RARE_CARDS","is_daily":false,"chose_seed":false,"campfire_upgraded":2,"win_rate":0.0,"timestamp":1608832589,"path_taken":["M","?","M","M","?","E","M","R","T","E","M","M","R","E"],"items_purchased_type":[],"build_version":"2020-12-22","purchased_purges":0,"victory":false,"max_hp_per_floor":[72,72,72,72,72,72,72,72,72,72,72,72,72,72,72],"relic_stats":{"counters":[10,37],"CeramicFish":27,"Pantograph":0,"obtain_stats":[{"CeramicFish":6,"Pantograph":9,"Vajra":10,"Burning Blood":0},{"CeramicFish":5,"Pantograph":6,"Vajra":7,"Burning Blood":0},{"CeramicFish":15,"Pantograph":19,"Vajra":26,"Burning Blood":0}],"Burning Blood":37},"card_choices":[{"not_picked":["Fiend Fire","Demon Form"],"picked":"Immolate","floor":0},{"not_picked":["Intimidate","Heavy Blade"],"picked":"True Grit","floor":1},{"not_picked":["Power Through","True Grit"],"picked":"Inflame","floor":3},{"not_picked":["Warcry","Clothesline"],"picked":"Sword Boomerang","floor":4},{"not_picked":["Whirlwind","Havoc"],"picked":"Burning Pact","floor":5},{"not_picked":["Infernal Blade","Thunderclap","Body Slam"],"picked":"SKIP","floor":6},{"not_picked":["Dropkick","Clothesline"],"picked":"Rampage","floor":7},{"not_picked":["Twin Strike","Havoc"],"picked":"Warcry","floor":10},{"not_picked":["Blood for Blood","Warcry"],"picked":"Seeing Red","floor":11},{"not_picked":["Juggernaut","Clothesline","Perfected Strike"],"picked":"SKIP","floor":12}],"player_experience":702657,"relics_obtained":[{"floor":6,"key":"CeramicFish"},{"floor":9,"key":"Pantograph"},{"floor":10,"key":"Vajra"}],"event_choices":[],"is_beta":false,"boss_relics":[],"items_purged_floors":[],"is_endless":false,"potions_floor_spawned":[1,3,7,10],"killed_by":"Gensokyo:Aya","ascension_level":8}}