{"host":"lmshf3swj20gmdor","time":1608841765,"event":{"mods":["Aspiration","BaseMod","Conspire","Downfall","Hubris","Mad Scientist","Minty Spire (QoL Compilation)","Replay The Spire","Spikes Relics","StSLib","Synergy Search","The Construct"],"gold_per_floor":[114,131,131,151,168,168,133,195,195,195,209,209,220,255,255,354,354,367,282,269,269,269,269],"floor_reached":22,"playtime":517,"items_purged":[],"score":260,"play_id":"91c373f2-e88f-4ab7-b577-a6dd5f32ceb7","local_time":"20201224202925","is_ascension_mode":true,"campfire_choices":[{"data":"ReplaySolidLightProjector","floor":6,"key":"SMITH"},{"data":"Zap","floor":10,"key":"SMITH"},{"floor":15,"key":"REST"}],"circlet_count":0,"master_deck":["Strike_B+1","Strike_B+1","Strike_B+1","Strike_B+1","Defend_B+1","Defend_B+1","Defend_B+1","Defend_B+1","Zap+1","Dualcast","ReplaySolidLightProjector+1","Go for the Eyes","Gash+1","Mirror Shield","hubris:PowerSurge"],"relics":["Cracked Core","hubris:ToyBattleship","hubris:BallOfYels","aspiration:StickyExplosives_weak","conspire:GiftBox","hubris:RunicObelisk","aspiration:HiddenCompartment"],"acts_visited":["Exordium","TheCity"],"potions_floor_usage":[14,16,16],"damage_taken":[{"damage":0,"enemies":"conspire:RoseBush","floor":1,"turns":3},{"damage":9,"enemies":"2 Louse","floor":2,"turns":3},{"damage":4,"enemies":"Jaw Worm","floor":4,"turns":3},{"damage":7,"enemies":"2 Fungi Beasts","floor":5,"turns":3},{"damage":6,"enemies":"Looter","floor":11,"turns":3},{"damage":2,"enemies":"3 Louse","floor":13,"turns":3},{"damage":25,"enemies":"Gremlin Nob","floor":14,"turns":3},{"damage":14,"enemies":"Slime Boss","floor":16,"turns":11},{"damage":28,"enemies":"Chosen","floor":18,"turns":5},{"damage":20,"enemies":"2 Thieves","floor":20,"turns":4},{"damage":18,"enemies":"Snake Plant","floor":22,"turns":2}],"seed_played":"-8173175800710777815","potions_obtained":[{"floor":2,"key":"Swift Potion"},{"floor":4,"key":"Guardian:BlockOnCardUsePotion"},{"floor":5,"key":"Venom Potion"},{"floor":8,"key":"champ:CounterPotion"},{"floor":18,"key":"DuplicationPotion"}],"is_trial":false,"path_per_floor":["M","M","$","M","M","R","?","?","T","R","M","?","M","E","R","B",null,"M","?","M","?","M"],"character_chosen":"DEFECT","items_purchased":[],"campfire_rested":1,"item_purchase_floors":[],"current_hp_per_floor":[68,59,59,55,48,48,66,36,36,36,30,30,28,3,25,11,59,31,31,11,11,0,0],"gold":269,"neow_bonus":"RANDOM_COMMON_RELIC","is_daily":false,"chose_seed":false,"campfire_upgraded":2,"win_rate":0.0,"timestamp":1608841765,"path_taken":["M","?","$","M","M","R","?","?","T","R","M","?","M","E","R","BOSS","M","?","M","?","M"],"items_purchased_type":[],"build_version":"2020-12-22","purchased_purges":0,"victory":false,"max_hp_per_floor":[75,75,75,75,75,75,75,75,75,75,75,75,75,75,75,75,75,75,75,75,75,75,75],"card_choices":[{"not_picked":["Panic Button","Turbo"],"picked":"ReplaySolidLightProjector","floor":1},{"not_picked":["Cold Snap","Hello World"],"picked":"Go for the Eyes","floor":2},{"not_picked":["conspire:Rain","Beam Cell"],"picked":"Gash","floor":4},{"not_picked":["Compile Driver","BasicCrystalCard","Turbo"],"picked":"SKIP","floor":5},{"not_picked":["Compile Driver","Hello World","ReplayTheSpireMod:Repulse"],"picked":"SKIP","floor":11},{"not_picked":["Steam","Hello World","Sunder"],"picked":"SKIP","floor":13},{"not_picked":["ReplayTheSpireMod:Fabricate Wheel","Core Surge"],"picked":"Mirror Shield","floor":14},{"not_picked":["Double Energy","Cold Snap","Barrage"],"picked":"SKIP","floor":14},{"not_picked":["Ball Lightning","conspire:Rain","Stack"],"picked":"SKIP","floor":18},{"not_picked":["Melter+1","Blizzard","hubris:PowerSurge"],"picked":"SKIP","floor":20},{"not_picked":["Melter+1","Blizzard"],"picked":"hubris:PowerSurge","floor":20}],"player_experience":843810,"relics_obtained":[{"floor":8,"key":"hubris:BallOfYels"},{"floor":9,"key":"aspiration:StickyExplosives_weak"},{"floor":14,"key":"conspire:GiftBox"}],"event_choices":[{"damage_healed":18,"gold_gain":0,"player_choice":"Healed","damage_taken":0,"max_hp_gain":0,"max_hp_loss":0,"event_name":"The Cleric","floor":7,"gold_loss":35},{"damage_healed":0,"gold_gain":0,"player_choice":"Grow","damage_taken":0,"max_hp_gain":0,"max_hp_loss":0,"event_name":"Living Wall","floor":12,"gold_loss":0,"cards_upgraded":["Gash"]},{"damage_healed":0,"gold_gain":0,"player_choice":"Obtained Relic","damage_taken":0,"relics_obtained":["aspiration:HiddenCompartment"],"max_hp_gain":0,"max_hp_loss":0,"event_name":"Addict","floor":19,"gold_loss":85},{"damage_healed":0,"gold_gain":0,"player_choice":"Simplicity","damage_taken":0,"max_hp_gain":0,"max_hp_loss":0,"event_name":"Back to Basics","floor":21,"gold_loss":0,"cards_upgraded":["Strike_B","Strike_B","Strike_B","Strike_B","Defend_B","Defend_B","Defend_B","Defend_B"]}],"is_beta":false,"boss_relics":[{"not_picked":["Snecko Eye","Kintsugi"],"picked":"hubris:RunicObelisk"}],"items_purged_floors":[],"is_endless":false,"potions_floor_spawned":[2,4,5,11,18],"killed_by":"Snake Plant","ascension_level":8}}