{"host":"8g0y046lq89z3gxm","time":1608786164,"event":{"mods":["2.2 Compatiblity","A Magickal Journey","Abigail Mod","AchievementEnabler","Act Like it!","Aspiration","Astrologer","BaseMod","Better Note","Better Sensory Stone","Better Third Choice","Better Vampires","BetterRewards","CapriCore","Colored Powertips","Conspire","Custom Start","DeckTracker","Defuse TimeMaze Blight","Dota2Spire","Downfall","Energized Spire","Friendly Minions","Gensokyo","GifTheSpireLib","GungeonMod","Halation","Hallownest","Hermit","HololiveMod","Hubris","Infinite Spire","KiyohimeÅiê¥?Åj","Koishi","KomeijiMod","Lobotomy","LobotomyExtend","MarisaÅiñ∂âJÅ@ñÇóùçπÅj","Minty Spire (QoL Compilation)","MostiFishMod","Permanent Neow","Prisma Mod","Quarter Circle Forward PUNCH!","Railgun Mod","Rare Cards Sparkle","Relic Stats","Replay The Spire","RumiaBox-òIïƒ?ìIê_îÈ·¥éq","Shade Mod","Shop Mod","Small Relic Pack","Spicy Shops","Spire Birthday Party","StSLib","Stuff the Spire","TestMod","The Alterego","The Animator","The Blue Laboratory","The Cursed","The Forsaken","The Gatherer","The Hierophant","The Wild Card","TheSwordswoman","Uncapped","Unceasing Turn Reminder","Wandering Minibosses","WarShipGirlsR/??è≠èóR mod","Yohane!","vexMod","Åy?ï˚ìÒéü?çÏÅzî™â]éámod","Åy?ï®?îvÅzREMEMod"],"gold_per_floor":[117,117,131,148,115,115,132,142,217,251,268,268,20,20,20,125,125,141,154,154,167,179,206,219,219,219,232,232,194,213,242,242,345,345,361,380,380,399,421,421,454,454,479,479,496,158,158,158,158,163],"floor_reached":51,"playtime":4526,"items_purged":[],"score":1046,"play_id":"6f7c98c4-c0d9-48ed-a060-4c2503e18437","local_time":"20201223210244","is_ascension_mode":false,"campfire_choices":[{"data":"TheCursedMod:NeowsMight","floor":12,"key":"SMITH"},{"data":"TheRailgun:Electrical_Storm","floor":15,"key":"SMITH"},{"data":"TheRailgun:Battery_Pack","floor":28,"key":"SMITH"},{"data":"TheRailgun:Overload","floor":32,"key":"SMITH"},{"floor":40,"key":"RECALL"},{"data":"TheRailgun:Level_6","floor":42,"key":"SMITH"},{"data":"TheRailgun:Battery_Pack","floor":44,"key":"SMITH"},{"data":"TheRailgun:Magnetic_Movement","floor":49,"key":"SMITH"}],"circlet_count":0,"master_deck":["TheRailgun:Strike","TheRailgun:Strike","TheRailgun:Strike","TheRailgun:Strike","TheRailgun:Defend","TheRailgun:Defend","TheRailgun:Defend","TheRailgun:Defend","TheRailgun:Discharge","TheRailgun:Static","TheRailgun:Zip","TheCursedMod:NeowsMight+1","TheRailgun:Lightningbolt","TheRailgun:Battery_Pack+1","TheRailgun:Zap","TheRailgun:Pull","TheRailgun:Thundershock","TheRailgun:Lightning_Speed","TheRailgun:Electrical_Storm+1","TheRailgun:Judgement_Officer","TheRailgun:Sister_Network","TheRailgun:Crackle","TheRailgun:Thunderbolt","TheRailgun:Magnetic_Movement+1","TheRailgun:Aerial_Shot","TheRailgun:Battery_Pack+1","TheRailgun:Iron_Dust_Sword","TheRailgun:Level_6+1","TheRailgun:Overload+1","TheRailgun:Magnetic_Flight","infinitespire:UltimateForm","TheRailgun:Heroinism+1","TheRailgun:Iron_Dust_Vial","TheRailgun:Iron_Dust_Vial+1","TheRailgun:Electrical_Fire","Gensokyo:TurboGranny"],"relics":["TheRailgun:CoinRelic","testmod-TestBox","DaveBox","REME_ComplimentaryCards","testmod-ArcanaOfDestiny","ExusiaiGun","aspiration:Nostalgia","m_TsuchinokoRing","SynthV:TestCard","LetterFromLob","StuffTheSpire:Mouthbags","ImprovedEquipment","Dota2Spire:Desolator","testmod-DeterminationOfClimber","qcfpunch:Wild_Herbs_Ointment","Nloth\u0027s Gift","Chameleon Ring","SacredBark","infinitespire:Bottled Soul","qcfpunch:Red_Headband","ChiLing","Chi","Ling"],"acts_visited":["Exordium","TheCity","Gensokyo:Gensokyoest"],"potions_floor_usage":[33,35,50,51,51,51],"damage_taken":[{"damage":0,"enemies":"Jaw Worm","floor":1,"turns":1},{"damage":0,"enemies":"Cultist","floor":3,"turns":1},{"damage":0,"enemies":"2 Louse","floor":4,"turns":1},{"damage":0,"enemies":"Red Slaver","floor":7,"turns":1},{"damage":0,"enemies":"Looter","floor":8,"turns":1},{"damage":0,"enemies":"3 Sentries","floor":10,"turns":2},{"damage":6,"enemies":"conspire:2 RoseBushes","floor":11,"turns":1},{"damage":0,"enemies":"Fading Forest","floor":16,"turns":5},{"damage":0,"enemies":"Spheric Guardian","floor":18,"turns":1},{"damage":0,"enemies":"Shell Parasite","floor":19,"turns":1},{"damage":0,"enemies":"3 Cultists","floor":21,"turns":1},{"damage":0,"enemies":"Cultist and Chosen","floor":22,"turns":1},{"damage":0,"enemies":"conspire:Head Lice","floor":23,"turns":1},{"damage":0,"enemies":"Shelled Parasite and Fungi","floor":24,"turns":1},{"damage":0,"enemies":"Chosen and Byrds","floor":27,"turns":1},{"damage":0,"enemies":"Snake Plant","floor":30,"turns":1},{"damage":0,"enemies":"conspire:SneckoGhost","floor":31,"turns":1},{"damage":0,"enemies":"Automaton","floor":33,"turns":1},{"damage":0,"enemies":"Gensokyo:3_Boulders","floor":35,"turns":2},{"damage":0,"enemies":"Gensokyo:AncientGuardian","floor":36,"turns":1},{"damage":0,"enemies":"Gensokyo:4_Bats","floor":38,"turns":1},{"damage":0,"enemies":"Gensokyo:Dusk_and_Dawn","floor":39,"turns":1},{"damage":0,"enemies":"Gensokyo:Kasen","floor":41,"turns":1},{"damage":0,"enemies":"Gensokyo:AtlasGolem","floor":45,"turns":1},{"damage":0,"enemies":"Gensokyo:Scarlet_Devils","floor":50,"turns":1},{"damage":0,"enemies":"Malkuth","floor":51,"turns":1},{"damage":1,"enemies":"Hod","floor":51,"turns":3},{"damage":31,"enemies":"Geburah","floor":51,"turns":5},{"damage":33,"enemies":"Binah","floor":51,"turns":7}],"seed_played":"-4774620892656092123","potions_obtained":[{"floor":4,"key":"DuplicationPotion"},{"floor":10,"key":"blueLaboratory:AbyssPotion"},{"floor":11,"key":"DemoMod:LeadSkinPotion"},{"floor":33,"key":"blueLaboratory:EmptyBottle"},{"floor":35,"key":"DistilledChaos"},{"floor":41,"key":"GamblersBrew"},{"floor":45,"key":"blueLaboratory:BubblePotion"}],"is_trial":false,"path_per_floor":["M","?","M","M","$","E","M","M","T","E","M","R","$","T","R","B",null,"M","M","?","M","M","E","M","?","T","M","R","$","M","E","R","B",null,"M","M","AVR","M","M","R","E","R","T","R","M","COS","?","?","R","B",null],"character_chosen":"THE_DEFAULT","items_purchased":["TheRailgun:Thundershock","ImprovedEquipment","TheRailgun:Iron_Dust_Sword"],"campfire_rested":0,"item_purchase_floors":[5,13,29],"current_hp_per_floor":[70,70,70,70,70,70,70,70,70,70,64,64,64,64,64,70,70,70,70,70,70,70,70,70,70,70,70,70,70,70,70,70,70,70,70,70,70,70,70,70,70,70,70,70,70,70,70,70,70,70],"gold":227,"neow_bonus":"NOSTALGIA","is_daily":false,"chose_seed":false,"campfire_upgraded":7,"win_rate":0.0,"timestamp":1608786164,"path_taken":["M","?","M","M","$","E","?","M","T","E","M","R","$","?","R","BOSS","M","M","?","?","M","E","M","?","T","M","R","$","M","E","R","BOSS","M","?","AVR","M","M","R","E","R","T","R","M","COS","?","?","R","BOSS"],"items_purchased_type":["Card","Relic","Card"],"build_version":"2020-12-22","purchased_purges":0,"victory":true,"max_hp_per_floor":[70,70,70,70,70,70,70,70,70,70,70,70,70,70,70,70,70,70,70,70,70,70,70,70,70,70,70,70,70,70,70,70,70,70,70,70,70,70,70,70,70,70,70,70,70,70,70,70,70,70],"relic_stats":{"counters":[30,53],"Nloth\u0027s Gift":5,"obtain_stats":[{"DaveBox":0,"Chi":46,"SacredBark":34,"DemoMod:GlassGuonStoneRelic":1,"halation:WeightlessCrab":9,"ExusiaiGun":0,"qcfpunch:Wild_Herbs_Ointment":23,"Chameleon Ring":31,"m_TsuchinokoRing":0,"infinitespire:Bottled Soul":41,"testmod-DeterminationOfClimber":17,"testmod-ArcanaOfDestiny":0,"testmod-TestBox":0,"aspiration:Nostalgia":0,"ImprovedEquipment":13,"Ling":46,"SynthV:TestCard":1,"StuffTheSpire:Mouthbags":10,"TheRailgun:CoinRelic":0,"LetterFromLob":1,"Nloth\u0027s Gift":25,"qcfpunch:Red_Headband":43,"REME_ComplimentaryCards":0,"Dota2Spire:Desolator":14,"ChiLing":46},{"DaveBox":0,"Chi":24,"SacredBark":18,"DemoMod:GlassGuonStoneRelic":1,"halation:WeightlessCrab":5,"ExusiaiGun":0,"qcfpunch:Wild_Herbs_Ointment":13,"Chameleon Ring":17,"m_TsuchinokoRing":0,"infinitespire:Bottled Soul":23,"testmod-DeterminationOfClimber":8,"testmod-ArcanaOfDestiny":0,"testmod-TestBox":0,"aspiration:Nostalgia":0,"ImprovedEquipment":7,"Ling":24,"SynthV:TestCard":1,"StuffTheSpire:Mouthbags":6,"TheRailgun:CoinRelic":0,"LetterFromLob":1,"Nloth\u0027s Gift":14,"qcfpunch:Red_Headband":23,"REME_ComplimentaryCards":0,"Dota2Spire:Desolator":7,"ChiLing":24},{"DaveBox":0,"Chi":30,"SacredBark":23,"DemoMod:GlassGuonStoneRelic":1,"halation:WeightlessCrab":5,"ExusiaiGun":0,"qcfpunch:Wild_Herbs_Ointment":18,"Chameleon Ring":22,"m_TsuchinokoRing":0,"infinitespire:Bottled Soul":29,"testmod-DeterminationOfClimber":13,"testmod-ArcanaOfDestiny":0,"testmod-TestBox":0,"aspiration:Nostalgia":0,"ImprovedEquipment":8,"Ling":30,"SynthV:TestCard":1,"StuffTheSpire:Mouthbags":7,"TheRailgun:CoinRelic":0,"LetterFromLob":1,"Nloth\u0027s Gift":19,"qcfpunch:Red_Headband":29,"REME_ComplimentaryCards":0,"Dota2Spire:Desolator":8,"ChiLing":30}]},"card_choices":[{"not_picked":["Slice","TheRailgun:Sister_Noise"],"picked":"TheRailgun:Lightningbolt","floor":1},{"not_picked":["TheRailgun:Sister_Noise","Dagger Throw","TheRailgun:Mental_Out","Prepared"],"picked":"TheRailgun:Battery_Pack","floor":3},{"not_picked":["TheRailgun:Mental_Out","Infinite Blades","TheRailgun:Charge","Cloak And Dagger"],"picked":"TheRailgun:Zap","floor":4},{"not_picked":["Escape Plan","TheRailgun:Recharge","Burst","TheRailgun:Charge","TheRailgun:Crack"],"picked":"SKIP","floor":7},{"not_picked":["Deflect","Prepared","TheRailgun:Sister_Noise","TheRailgun:Positive_Field"],"picked":"TheRailgun:Pull","floor":8},{"not_picked":["TheRailgun:Pull","Flying Knee","Setup","TheRailgun:Coin_Flip"],"picked":"TheRailgun:Lightning_Speed","floor":10},{"not_picked":["Outmaneuver","TheRailgun:Positive_Field","TheRailgun:Electrical_Fire","Masterful Stab"],"picked":"TheRailgun:Electrical_Storm","floor":11},{"not_picked":["Burst","A Thousand Cuts","TheRailgun:Supercharge","Well Laid Plans"],"picked":"TheRailgun:Judgement_Officer","floor":16},{"not_picked":["TheRailgun:Charge","TheRailgun:Zip","TheRailgun:Crackle+1","TheRailgun:Gekota_Phone"],"picked":"TheRailgun:Sister_Network","floor":18},{"not_picked":["TheRailgun:Push+1","TheRailgun:Rewiring","TheRailgun:Gekotamania","TheRailgun:Token_Collection"],"picked":"TheRailgun:Crackle","floor":19},{"not_picked":["TheRailgun:Thunderjolt","TheRailgun:Gekotamania","TheRailgun:Aerial_Shot","TheRailgun:Circuit_Breaker+1"],"picked":"TheRailgun:Thunderbolt","floor":21},{"not_picked":["TheRailgun:Lightningbolt+1","TheRailgun:Aerial_Shot","TheRailgun:Iron_Dust_Shield+1","TheRailgun:Railgun"],"picked":"TheRailgun:Magnetic_Movement","floor":22},{"not_picked":["TheRailgun:Sister_Network+1","TheRailgun:Positive_Field","TheRailgun:Thunderjolt","TheRailgun:Crackle","TheRailgun:Circuit_Breaker"],"picked":"SKIP","floor":23},{"not_picked":["TheRailgun:Hypercharge+1","TheRailgun:Iron_Dust_Sword","TheRailgun:Discharge","TheRailgun:Crack"],"picked":"TheRailgun:Aerial_Shot","floor":24},{"not_picked":["TheRailgun:Thunderbolt","TheRailgun:Gekotamania+1","TheRailgun:Token_Collection","TheRailgun:Circuit_Breaker"],"picked":"TheRailgun:Battery_Pack","floor":27},{"not_picked":["TheRailgun:Recharge","TheRailgun:Negative_Field+1","TheRailgun:Thunderjolt+1","TheRailgun:Aerial_Shot"],"picked":"TheRailgun:Level_6","floor":30},{"not_picked":["TheRailgun:Mental_Out","TheRailgun:Lightning_Speed","TheRailgun:Positive_Field","TheRailgun:Thunderbolt"],"picked":"TheRailgun:Overload","floor":31},{"not_picked":["TheRailgun:Supercharge","TheRailgun:Circuitous","TheRailgun:Thunder","TheRailgun:Overload"],"picked":"TheRailgun:Magnetic_Flight","floor":33},{"not_picked":["TheRailgun:Hypercharge","TheRailgun:Iron_Dust_Sword","TheRailgun:Positive_Field+1","TheRailgun:Teleporter+1","TheRailgun:Iron_Dust_Field"],"picked":"SKIP","floor":35},{"not_picked":["TheRailgun:Crackle+1","TheRailgun:Circuitous","TheRailgun:Electrical_Storm+1","TheRailgun:Crack+1","TheRailgun:Thunderjolt+1"],"picked":"SKIP","floor":36},{"not_picked":["TheRailgun:Iron_Dust_Sword","TheRailgun:Discharge","TheRailgun:Battery_Pack+1","TheRailgun:Aerial_Shot+1"],"picked":"TheRailgun:Heroinism+1","floor":38},{"not_picked":["TheRailgun:Thundershock+1","TheRailgun:Overload","TheRailgun:Electrical_Fire","TheRailgun:Token_Collection"],"picked":"TheRailgun:Iron_Dust_Vial","floor":39},{"not_picked":["TheRailgun:Crack","TheRailgun:Thundervolt","TheRailgun:Judgement_Officer","TheRailgun:Positive_Field"],"picked":"TheRailgun:Iron_Dust_Vial+1","floor":41},{"not_picked":["TheRailgun:Spark+1","TheRailgun:Negative_Field","TheRailgun:Crack","TheRailgun:Thunderjolt+1"],"picked":"TheRailgun:Electrical_Fire","floor":45}],"player_experience":239338,"relics_obtained":[{"floor":1,"key":"SynthV:TestCard"},{"floor":1,"key":"LetterFromLob"},{"floor":9,"key":"halation:WeightlessCrab"},{"floor":10,"key":"StuffTheSpire:Mouthbags"},{"floor":14,"key":"Dota2Spire:Desolator"},{"floor":23,"key":"qcfpunch:Wild_Herbs_Ointment"},{"floor":31,"key":"Chameleon Ring"},{"floor":41,"key":"infinitespire:Bottled Soul"},{"floor":43,"key":"qcfpunch:Red_Headband"}],"event_choices":[{"damage_healed":0,"gold_gain":0,"player_choice":"Ignored","damage_taken":0,"max_hp_gain":0,"max_hp_loss":0,"event_name":"Transmorgrifier","floor":2,"gold_loss":0},{"damage_healed":0,"gold_gain":0,"player_choice":"Ignored","damage_taken":0,"max_hp_gain":0,"max_hp_loss":0,"event_name":"betterNote:BetterNote","floor":20,"gold_loss":0,"cards_obtained":["ShyLook"]},{"damage_healed":0,"gold_gain":0,"player_choice":"Traded Relic","damage_taken":0,"relics_obtained":["Nloth\u0027s Gift"],"max_hp_gain":0,"max_hp_loss":0,"event_name":"N\u0027loth","floor":25,"relics_lost":["halation:WeightlessCrab"],"gold_loss":0}],"is_beta":false,"boss_relics":[{"not_picked":["theForsaken:PaleLantern","Calling Bell"],"picked":"testmod-DeterminationOfClimber"},{"not_picked":["hubris:RunicObelisk","Honey Jar"],"picked":"SacredBark"}],"items_purged_floors":[],"is_endless":false,"potions_floor_spawned":[4,10,11,16,24,30,31,33,35,41,45],"ascension_level":0}}