{"host":"c2og1cp357bgjv9b","time":1608780106,"event":{"mods":["BaseMod","Colored Map","Minty Spire (QoL Compilation)","Replay The Spire","StSLib"],"gold_per_floor":[113,129,129,129,141,141,141,174,254,444,444,459,459,469,469,570,570,590,590,505,82,98,124,124,141,141,153,165,187,214,254,266,383,395,424,456,101,101,101,101],"floor_reached":39,"playtime":2109,"items_purged":["Looming Evil","Hello World+1"],"score":619,"play_id":"a61e102c-3e0a-4b93-bd59-6703cd994174","local_time":"20201224112146","is_ascension_mode":false,"campfire_choices":[{"data":"Gash","floor":6,"key":"SMITH"},{"data":"Zap","floor":11,"key":"SMITH"},{"data":"Gash","floor":13,"key":"SMITH"},{"floor":15,"key":"REST"},{"data":"1","floor":24,"key":"LIFT"},{"floor":32,"key":"REST"}],"circlet_count":0,"master_deck":["Strike_B+1","Strike_B+1","Defend_B","Defend_B","Defend_B","Zap+1","Gash+1","Rebound+1","Rebound","Beam Cell","Gash+1","All For One","CurseOfTheBell","Beam Cell+1","Scrape","Melter","Machine Learning","Darkness+1","ReplaySort+1","Go for the Eyes","Master of Strategy","Dramatic Entrance"],"relics":["Cracked Core","NeowsBlessing","Ornamental Fan","Durian","Divine Protection","Calling Bell","Geode","Onion Ring","Girya","ReplayTheSpireMod:Ring of Collecting","ReplayTheSpireMod:Ring of Addiction","Potion Belt","Chameleon Ring","Calipers","BargainBundle","Ancient Tea Set","Whetstone","MawBank","Gremlin Food","Astrolabe"],"acts_visited":["Exordium","TheCity","TheBeyond"],"potions_floor_usage":[16,16,22,25,29,31,33,36],"damage_taken":[{"damage":0,"enemies":"Jaw Worm","floor":1,"turns":1},{"damage":0,"enemies":"Small Slimes","floor":2,"turns":1},{"damage":0,"enemies":"Cultist","floor":5,"turns":1},{"damage":36,"enemies":"Lagavulin","floor":8,"turns":8},{"damage":0,"enemies":"Exordium Thugs","floor":12,"turns":3},{"damage":0,"enemies":"2 Fungi Beasts","floor":14,"turns":3},{"damage":0,"enemies":"Slime Boss","floor":16,"turns":6},{"damage":0,"enemies":"Spheric Guardian","floor":18,"turns":3},{"damage":0,"enemies":"Chosen","floor":22,"turns":2},{"damage":44,"enemies":"Slavers","floor":23,"turns":6},{"damage":0,"enemies":"Centurion and Healer","floor":25,"turns":2},{"damage":0,"enemies":"Snecko","floor":29,"turns":4},{"damage":5,"enemies":"Cultist and Chosen","floor":30,"turns":4},{"damage":4,"enemies":"Book of Stabbing","floor":31,"turns":3},{"damage":38,"enemies":"Pondfish","floor":33,"turns":8},{"damage":18,"enemies":"3 Shapes","floor":35,"turns":4},{"damage":43,"enemies":"3 Darklings","floor":36,"turns":4},{"damage":26,"enemies":"Mind Bloom Boss Battle","floor":39,"turns":3}],"seed_played":"-4285592623079867915","potions_obtained":[{"floor":2,"key":"Adrenaline Potion"},{"floor":8,"key":"Toxic Potion"},{"floor":12,"key":"Weak Potion"},{"floor":18,"key":"Swift Potion"},{"floor":19,"key":"PotionOfCapacity"},{"floor":19,"key":"SneckoOil"},{"floor":19,"key":"AttackPotion"},{"floor":25,"key":"EntropicBrew"},{"floor":29,"key":"Elixir"},{"floor":30,"key":"FearPotion"},{"floor":36,"key":"Fruit Juice"}],"is_trial":false,"path_per_floor":["M","M","?","?","M","R","T","E","T","?","R","M","R","M","R","B",null,"M","?","?","$","M","E","R","M","T","?","?","M","M","E","R","B",null,"M","M","$","?","?"],"character_chosen":"DEFECT","items_purchased":["BargainBundle","CultistPotion","ColorlessPotion","Ancient Tea Set","Master of Strategy","Dramatic Entrance"],"campfire_rested":2,"item_purchase_floors":[21,21,21,21,37,37],"current_hp_per_floor":[75,75,80,80,80,80,80,49,49,15,15,15,15,15,40,40,85,85,85,85,85,85,41,41,41,41,41,41,41,36,32,56,18,83,65,22,22,22,0,0],"gold":101,"neow_bonus":"THREE_ENEMY_KILL","is_daily":false,"chose_seed":false,"campfire_upgraded":3,"win_rate":0.0,"timestamp":1608780106,"path_taken":["M","M","?","?","?","R","?","E","T","?","R","M","R","M","R","BOSS","M","?","?","$","M","E","R","M","T","?","?","?","M","E","R","BOSS","M","M","$","?","?"],"items_purchased_type":["Relic","Potion","Potion","Relic","Card","Card"],"build_version":"2020-12-22","purchased_purges":2,"victory":false,"max_hp_per_floor":[75,75,80,80,80,80,80,85,85,85,85,85,85,85,85,85,85,85,85,85,85,85,85,85,85,85,85,85,83,83,83,83,83,83,83,83,83,83,83,83],"card_choices":[{"not_picked":["BasicCrystalCard","Stack"],"picked":"Gash","floor":1},{"not_picked":["Darkness","Streamline","Turbo"],"picked":"SKIP","floor":2},{"not_picked":["Beam Cell","BasicCrystalCard"],"picked":"Rebound","floor":5},{"not_picked":["Redo","Hyperbeam"],"picked":"Rebound","floor":8},{"not_picked":["Ball Lightning","Doom and Gloom"],"picked":"Beam Cell","floor":10},{"not_picked":["Barrage","Cold Snap"],"picked":"Gash","floor":12},{"not_picked":["Barrage","FIFO Queue","Force Field"],"picked":"SKIP","floor":14},{"not_picked":["ReplayTheSpireMod:Omega Cannon","Electrodynamics"],"picked":"All For One","floor":16},{"not_picked":["BasicCrystalCard","Reinforced Body"],"picked":"Beam Cell+1","floor":18},{"not_picked":["Echo Form","Gash"],"picked":"Scrape","floor":22},{"not_picked":["Fusion","Loop+1","Hologram"],"picked":"SKIP","floor":23},{"not_picked":["BasicCrystalCard+1","ReplayTheSpireMod:Reroute Power"],"picked":"Melter","floor":25},{"not_picked":["Redo","Crystallizer","Turbo"],"picked":"SKIP","floor":29},{"not_picked":["Hologram","Chaos+1"],"picked":"Machine Learning","floor":30},{"not_picked":["Heatsinks","ReplaySort","Streamline"],"picked":"SKIP","floor":31},{"not_picked":["Panic Button","White Noise+1","Hello World+1"],"picked":"SKIP","floor":35},{"not_picked":["Sunder+1","Capacitor"],"picked":"Go for the Eyes","floor":36}],"player_experience":106112,"relics_obtained":[{"floor":7,"key":"Ornamental Fan"},{"floor":8,"key":"Durian"},{"floor":9,"key":"Divine Protection"},{"floor":17,"key":"Geode"},{"floor":17,"key":"Onion Ring"},{"floor":17,"key":"Girya"},{"floor":19,"key":"ReplayTheSpireMod:Ring of Collecting"},{"floor":19,"key":"ReplayTheSpireMod:Ring of Addiction"},{"floor":19,"key":"Potion Belt"},{"floor":19,"key":"Chameleon Ring"},{"floor":23,"key":"Whetstone"},{"floor":26,"key":"MawBank"},{"floor":31,"key":"Gremlin Food"}],"event_choices":[{"damage_healed":0,"gold_gain":0,"player_choice":"Donut","damage_taken":0,"max_hp_gain":5,"max_hp_loss":0,"event_name":"Big Fish","floor":3,"gold_loss":0},{"damage_healed":0,"gold_gain":0,"player_choice":"Bought 0 Potions","damage_taken":0,"max_hp_gain":0,"max_hp_loss":0,"event_name":"The Woman in Blue","floor":4,"gold_loss":0},{"damage_healed":0,"gold_gain":0,"player_choice":"Obtained Relic","damage_taken":0,"relics_obtained":["Calipers"],"max_hp_gain":0,"max_hp_loss":0,"event_name":"Addict","floor":20,"gold_loss":85},{"damage_healed":0,"gold_gain":0,"player_choice":"Ignored","damage_taken":0,"max_hp_gain":0,"max_hp_loss":0,"event_name":"Ghosts","floor":27,"gold_loss":0},{"cards_removed":["Defend_B"],"damage_healed":0,"gold_gain":0,"player_choice":"Removed Skill","damage_taken":0,"max_hp_gain":0,"max_hp_loss":0,"event_name":"Falling","floor":38,"gold_loss":0},{"damage_healed":0,"gold_gain":0,"player_choice":"Fight","damage_taken":0,"max_hp_gain":0,"max_hp_loss":0,"event_name":"MindBloom","floor":39,"gold_loss":0}],"is_beta":false,"boss_relics":[{"not_picked":["Snecko Eye","Coffee Dripper"],"picked":"Calling Bell"},{"not_picked":["ChewingGum","Runic Pyramid"],"picked":"Astrolabe"}],"items_purged_floors":[21,37],"is_endless":false,"potions_floor_spawned":[2,8,12,18,25,29,30,36],"killed_by":"Mind Bloom Boss Battle","ascension_level":0}}