{"host":"3as3fywb220oerv2","time":1608822022,"event":{"mods":["AchievementEnabler","Act Like it!","BaseMod","Highlight Path","Minty Spire (QoL Compilation)","StSLib","The Cursed"],"gold_per_floor":[109,109,129,129,21,56,73,73,73,131,164,174,174,190,190,290,290,306,319,319,336,14,14,14,33,33,48,81,101,101,119,119,217,217,229,11,27,38,0,48,82,93,93,93,93,93,111,125,125,125],"floor_reached":51,"playtime":2924,"items_purged":["TheCursedMod:Strike_TheCursed"],"score":711,"play_id":"bad7ef6d-aa21-4fb1-984f-d0fcd77e07b3","local_time":"20201225000022","is_ascension_mode":false,"campfire_choices":[{"data":"TheCursedMod:SpitefulPray","floor":13.0,"key":"SMITH"},{"floor":15.0,"key":"REST"},{"data":"TheCursedMod:LuckyCharm","floor":23,"key":"SMITH"},{"data":"TheCursedMod:CursedWand","floor":30,"key":"SMITH"},{"floor":32,"key":"REST"},{"floor":44,"key":"REST"},{"data":"TheCursedMod:Defend_TheCursed","floor":46,"key":"PURGE"},{"data":"TheCursedMod:Defend_TheCursed","floor":49,"key":"PURGE"}],"circlet_count":0,"master_deck":["TheCursedMod:Strike_TheCursed","TheCursedMod:Strike_TheCursed","TheCursedMod:Strike_TheCursed","TheCursedMod:Defend_TheCursed+1","TheCursedMod:Defend_TheCursed","TheCursedMod:CursedWand+1","TheCursedMod:CleanUpWorkshop","TheCursedMod:Dregs","TheCursedMod:Wield+1","TheCursedMod:WearCloak","TheCursedMod:HellsGateOpen","TheCursedMod:SpitefulPray+1","TheCursedMod:CursedBlade","TheCursedMod:ReleasedStrength","TheCursedMod:Stigma","TheCursedMod:CursedShiv","TheCursedMod:CircleOfAbyss","CurseOfTheBell","TheCursedMod:VitalStrike","TheCursedMod:CursedBlade","TheCursedMod:ReleasedKnowledge","TheCursedMod:LuckyCharm+1","TheCursedMod:SpitefulPray","TheCursedMod:CircleOfFlame+1","TheCursedMod:CursedShiv+1","TheCursedMod:Neurasthenia","TheCursedMod:Neurasthenia","TheCursedMod:CursedArmor","TheCursedMod:SmokeScreen","TheCursedMod:AshesToAshes","Doubt"],"relics":["TheCursedMod:BlackMagic101","NeowsBlessing","Pocketwatch","TheCursedMod:SoulVessel","Kunai","Sundial","Ice Cream","Blue Candle","TheCursedMod:Tack","Nloth\u0027s Gift","Singing Bowl","Letter Opener","Boot","Busted Crown","DollysMirror","Red Mask","Peace Pipe","Incense Burner","Bottled Lightning"],"acts_visited":["Exordium","TheCity","TheBeyond"],"potions_floor_usage":[16,19,28,28,38,41,48,50],"damage_taken":[{"damage":0.0,"enemies":"Cultist","floor":1.0,"turns":1.0},{"damage":0.0,"enemies":"2 Louse","floor":3.0,"turns":1.0},{"damage":0.0,"enemies":"Gremlin Nob","floor":6.0,"turns":1.0},{"damage":0.0,"enemies":"Jaw Worm","floor":7.0,"turns":4.0},{"damage":15.0,"enemies":"3 Sentries","floor":11.0,"turns":7.0},{"damage":0.0,"enemies":"3 Louse","floor":12.0,"turns":2.0},{"damage":1.0,"enemies":"Exordium Wildlife","floor":14.0,"turns":2.0},{"damage":33,"enemies":"Slime Boss","floor":16,"turns":8},{"damage":0,"enemies":"3 Byrds","floor":18,"turns":3},{"damage":5,"enemies":"Chosen","floor":19,"turns":3},{"damage":2,"enemies":"Centurion and Healer","floor":21,"turns":5},{"damage":16,"enemies":"Shelled Parasite and Fungi","floor":25,"turns":6},{"damage":16,"enemies":"Snake Plant","floor":27,"turns":4},{"damage":2,"enemies":"Book of Stabbing","floor":28,"turns":4},{"damage":24,"enemies":"Chosen and Byrds","floor":29,"turns":5},{"damage":16,"enemies":"Shelled Parasite and Fungi","floor":31,"turns":4},{"damage":26,"enemies":"Champ","floor":33,"turns":11},{"damage":11,"enemies":"3 Darklings","floor":35,"turns":3},{"damage":7,"enemies":"Orb Walker","floor":37,"turns":3},{"damage":0,"enemies":"Maw","floor":38,"turns":7},{"damage":15,"enemies":"2 Orb Walkers","floor":40,"turns":5},{"damage":80,"enemies":"Reptomancer","floor":41,"turns":11},{"damage":2,"enemies":"Sphere and 2 Shapes","floor":42,"turns":4},{"damage":0,"enemies":"3 Darklings","floor":47,"turns":5},{"damage":22,"enemies":"Jaw Worm Horde","floor":48,"turns":5},{"damage":51,"enemies":"Time Eater","floor":50,"turns":10}],"seed_played":"9166783397126967916","potions_obtained":[{"floor":3.0,"key":"AttackPotion"},{"floor":7.0,"key":"Ancient Potion"},{"floor":12.0,"key":"DuplicationPotion"},{"floor":16,"key":"FearPotion"},{"floor":18,"key":"Fire Potion"},{"floor":21,"key":"FairyPotion"},{"floor":27,"key":"Regen Potion"},{"floor":35,"key":"DuplicationPotion"},{"floor":37,"key":"BlessingOfTheForge"},{"floor":47,"key":"Weak Potion"},{"floor":48,"key":"SteroidPotion"}],"is_trial":false,"path_per_floor":["M","?","M","?","$","E","M","$","T","?","E","M","R","M","R","B",null,"M","M","?","M","$","R","$","M","T","M","E","M","R","M","R","B",null,"M","$","M","M","?","?","E","M","T","R","?","R","M","M","R","B",null],"character_chosen":"THE_CURSED","items_purchased":["TheCursedMod:HellsGateOpen","TheCursedMod:SpitefulPray","TheCursedMod:LuckyCharm","Singing Bowl","DollysMirror"],"campfire_rested":3,"item_purchase_floors":[5,5,22,22,36],"current_hp_per_floor":[75,57,57,42,42,42,43,43,43,43,30,30,30,31,53,23,75,75,71,71,71,71,71,71,60,60,48,61,40,40,26,49,32,79,71,71,67,77,77,68,24,27,27,52,85,85,87,70,70,28],"gold":125,"neow_bonus":"THREE_ENEMY_KILL","is_daily":false,"chose_seed":false,"campfire_upgraded":3,"win_rate":0.0,"timestamp":1608822022,"path_taken":["M","?","M","?","?","E","M","$","T","?","E","?","R","M","R","BOSS","M","M","?","?","$","R","$","M","T","M","E","M","R","M","R","BOSS","M","$","M","?","?","?","E","M","T","R","?","R","M","M","R","BOSS"],"items_purchased_type":["Card","Card","Card","Relic","Relic"],"build_version":"2020-12-22","purchased_purges":1,"victory":true,"max_hp_per_floor":[75,75,75,75,75,75,75,75,75,75,75,75,75,75,75,75,75,75,75,75,75,75,75,75,77,77,79,79,79,79,79,79,79,79,81,81,83,83,83,83,85,85,85,85,85,85,87,87,87,87],"card_choices":[{"not_picked":["TheCursedMod:DoubleShield","TheCursedMod:SpreadPlague"],"picked":"TheCursedMod:Wield","floor":1.0},{"not_picked":["TheCursedMod:RavingStaff","TheCursedMod:CursedMace"],"picked":"TheCursedMod:WearCloak","floor":3.0},{"not_picked":["TheCursedMod:Mangle","TheCursedMod:FuryStrike","TheCursedMod:AbyssShockwave"],"picked":"SKIP","floor":6.0},{"not_picked":["TheCursedMod:CursedAmulet","TheCursedMod:Stigma"],"picked":"TheCursedMod:CursedBlade","floor":7.0},{"not_picked":["TheCursedMod:CircleOfAmplification","TheCursedMod:CircleOfFlame"],"picked":"TheCursedMod:ReleasedStrength","floor":11.0},{"not_picked":["TheCursedMod:SpitefulStrike","TheCursedMod:CursedStaff"],"picked":"TheCursedMod:Stigma","floor":12.0},{"not_picked":["TheCursedMod:WearCloak","TheCursedMod:Torture"],"picked":"TheCursedMod:CursedShiv","floor":14.0},{"not_picked":["TheCursedMod:ShockAndAwe","TheCursedMod:ParallelWorld"],"picked":"TheCursedMod:CircleOfAbyss","floor":16},{"not_picked":["TheCursedMod:CursedStaff","TheCursedMod:TacticalStrike"],"picked":"TheCursedMod:VitalStrike","floor":18},{"not_picked":["TheCursedMod:CursedAmulet+1","TheCursedMod:StingEye"],"picked":"TheCursedMod:CursedBlade","floor":19},{"not_picked":["TheCursedMod:Stigma","TheCursedMod:CursedAmulet+1"],"picked":"TheCursedMod:ReleasedKnowledge","floor":21},{"not_picked":["TheCursedMod:RavingStaff+1","TheCursedMod:CursedMace","TheCursedMod:CursedBlade"],"picked":"Singing Bowl","floor":25},{"not_picked":["TheCursedMod:Wield+1","TheCursedMod:WearCloak","TheCursedMod:SpitefulPlan"],"picked":"Singing Bowl","floor":27},{"not_picked":["TheCursedMod:ReleasedKnowledge","TheCursedMod:DemonicPact"],"picked":"TheCursedMod:SpitefulPray","floor":28},{"not_picked":["TheCursedMod:WearCloak","TheCursedMod:CursedMace"],"picked":"TheCursedMod:CircleOfFlame+1","floor":29},{"not_picked":["TheCursedMod:ReleasedKnowledge+1","TheCursedMod:VitalStrike"],"picked":"TheCursedMod:CursedShiv+1","floor":31},{"not_picked":["TheCursedMod:AntiAging","TheCursedMod:UltimatePain"],"picked":"TheCursedMod:Neurasthenia","floor":33},{"not_picked":["TheCursedMod:TacticalStrike"],"picked":"Singing Bowl","floor":35},{"not_picked":["TheCursedMod:CursedAmulet"],"picked":"Singing Bowl","floor":37},{"not_picked":[],"picked":"TheCursedMod:CursedArmor","floor":38},{"not_picked":[],"picked":"TheCursedMod:SmokeScreen","floor":40},{"not_picked":["TheCursedMod:CursedAmulet"],"picked":"Singing Bowl","floor":41},{"not_picked":[],"picked":"TheCursedMod:AshesToAshes","floor":42},{"not_picked":["TheCursedMod:CircleOfAmplification+1"],"picked":"Singing Bowl","floor":47},{"not_picked":["TheCursedMod:Wield+1"],"picked":"SKIP","floor":48}],"player_experience":258827,"relics_obtained":[{"floor":6.0,"key":"TheCursedMod:SoulVessel"},{"floor":9.0,"key":"Kunai"},{"floor":11.0,"key":"Sundial"},{"floor":17,"key":"Ice Cream"},{"floor":17,"key":"Blue Candle"},{"floor":17,"key":"TheCursedMod:Tack"},{"floor":26,"key":"Letter Opener"},{"floor":28,"key":"Boot"},{"floor":40,"key":"Peace Pipe"},{"floor":41,"key":"Incense Burner"},{"floor":43,"key":"Bottled Lightning"}],"event_choices":[{"damage_healed":0.0,"max_hp_gain":0.0,"max_hp_loss":0.0,"gold_gain":0.0,"event_name":"Scrap Ooze","player_choice":"Success","floor":2.0,"gold_loss":0.0,"damage_taken":18.0,"relics_obtained":["Pocketwatch"]},{"damage_healed":0.0,"max_hp_gain":0.0,"max_hp_loss":0.0,"gold_gain":0.0,"event_name":"Shining Light","player_choice":"Entered Light","floor":4.0,"gold_loss":0.0,"damage_taken":15.0,"cards_upgraded":["TheCursedMod:Wield","TheCursedMod:Defend_TheCursed"]},{"damage_healed":0.0,"max_hp_gain":0.0,"max_hp_loss":0.0,"gold_gain":58.0,"event_name":"Golden Wing","player_choice":"Gained Gold","floor":10.0,"gold_loss":0.0,"damage_taken":0.0},{"damage_healed":0,"gold_gain":0,"player_choice":"Traded Relic","damage_taken":0,"relics_obtained":["Nloth\u0027s Gift"],"max_hp_gain":0,"max_hp_loss":0,"event_name":"N\u0027loth","floor":20,"relics_lost":["Calling Bell"],"gold_loss":0},{"damage_healed":0,"gold_gain":0,"player_choice":"Paid","damage_taken":0,"relics_obtained":["Red Mask"],"max_hp_gain":0,"max_hp_loss":0,"event_name":"Tomb of Lord Red Mask","floor":39,"gold_loss":38},{"damage_healed":0,"gold_gain":0,"player_choice":"Fight","damage_taken":0,"max_hp_gain":0,"max_hp_loss":0,"event_name":"Mysterious Sphere","floor":40,"gold_loss":0},{"damage_healed":33,"gold_gain":0,"player_choice":"Heal","damage_taken":0,"max_hp_gain":0,"max_hp_loss":0,"event_name":"MindBloom","floor":45,"gold_loss":0,"cards_obtained":["Doubt"]}],"is_beta":false,"boss_relics":[{"not_picked":["Fusion Hammer","Sozu"],"picked":"Calling Bell"},{"not_picked":["Runic Pyramid","Runic Dome"],"picked":"Busted Crown"}],"items_purged_floors":[36],"is_endless":false,"potions_floor_spawned":[3,7,12,16,18,21,27,35,37,47,48],"ascension_level":0}}