{"host":"49pjgf1q9ev52n8z","time":1608774769,"event":{"mods":["BaseMod","Bestiary","Colored Map","Minty Spire (QoL Compilation)","Practice Mode","Relic Stats","StSLib"],"gold_per_floor":[112,126,137,153,166,166,179,210,282,308,321,321,321,331,331,405,405,405,405],"floor_reached":18,"playtime":2574,"items_purged":[],"score":326,"play_id":"160160a5-a635-4a01-917c-099b87e3a244","local_time":"20201223175249","is_ascension_mode":true,"campfire_choices":[{"floor":6.0,"key":"REST"},{"floor":13.0,"key":"REST"},{"floor":15.0,"key":"REST"}],"circlet_count":0,"master_deck":["AscendersBane","Strike_G","Strike_G","Strike_G","Strike_G","Strike_G","Defend_G","Defend_G","Defend_G","Defend_G","Defend_G","Survivor","Neutralize","Dagger Spray","Sucker Punch","Tools of the Trade","Poisoned Stab","Backstab","Deadly Poison","Bane","Noxious Fumes","After Image"],"relics":["Ring of the Serpent","Nunchaku","White Beast Statue","Centennial Puzzle"],"acts_visited":["Exordium","TheCity"],"potions_floor_usage":[],"damage_taken":[{"damage":7.0,"enemies":"Cultist","floor":1.0,"turns":4.0},{"damage":1.0,"enemies":"2 Louse","floor":2.0,"turns":2.0},{"damage":1.0,"enemies":"Small Slimes","floor":3.0,"turns":5.0},{"damage":1.0,"enemies":"Blue Slaver","floor":4.0,"turns":5.0},{"damage":12.0,"enemies":"Gremlin Gang","floor":5.0,"turns":2.0},{"damage":1.0,"enemies":"Looter","floor":7.0,"turns":3.0},{"damage":33.0,"enemies":"Lagavulin","floor":8.0,"turns":8.0},{"damage":26.0,"enemies":"3 Sentries","floor":10.0,"turns":8.0},{"damage":5.0,"enemies":"Exordium Wildlife","floor":11.0,"turns":3.0},{"damage":0.0,"enemies":"2 Fungi Beasts","floor":14.0,"turns":2.0},{"damage":23.0,"enemies":"Hexaghost","floor":16.0,"turns":9.0},{"damage":0,"enemies":"2 Thieves","floor":18,"turns":1}],"seed_played":"-6176522965583710387","potions_obtained":[{"floor":2.0,"key":"Explosive Potion"},{"floor":4.0,"key":"AttackPotion"},{"floor":8.0,"key":"FairyPotion"},{"floor":10.0,"key":"Regen Potion"},{"floor":11.0,"key":"Fire Potion"},{"floor":14.0,"key":"Explosive Potion"},{"floor":16.0,"key":"GamblersBrew"}],"is_trial":false,"path_per_floor":["M","M","M","M","M","R","M","E","T","E","M","?","R","M","R","B",null,"M"],"character_chosen":"THE_SILENT","items_purchased":[],"campfire_rested":3,"item_purchase_floors":[],"current_hp_per_floor":[58,57,56,55,43,64,63,30,30,4,8,8,29,29,50,27,61,61,61],"gold":405,"neow_bonus":"TEN_PERCENT_HP_BONUS","is_daily":false,"chose_seed":false,"campfire_upgraded":0,"win_rate":0.0,"timestamp":1608774769,"path_taken":["M","M","M","M","M","R","?","E","T","E","M","?","R","M","R","BOSS","M"],"items_purchased_type":[],"build_version":"2020-12-22","purchased_purges":0,"victory":false,"max_hp_per_floor":[72,72,72,72,72,72,72,72,72,72,72,72,72,72,72,72,72,72,72],"relic_stats":{"Nunchaku":[4],"Centennial Puzzle":[6],"counters":[12,52],"obtain_stats":[{"Nunchaku":8,"Centennial Puzzle":10,"White Beast Statue":9,"Ring of the Serpent":17,"Ring of the Snake":0},{"Nunchaku":7,"Centennial Puzzle":8,"White Beast Statue":7,"Ring of the Serpent":11,"Ring of the Snake":0},{"Nunchaku":29,"Centennial Puzzle":37,"White Beast Statue":29,"Ring of the Serpent":51,"Ring of the Snake":0}]},"card_choices":[{"not_picked":["PiercingWail","Deflect"],"picked":"Dagger Spray","floor":1.0},{"not_picked":["Deadly Poison","Endless Agony"],"picked":"Sucker Punch","floor":2.0},{"not_picked":["Dagger Throw","Blur"],"picked":"Tools of the Trade","floor":3.0},{"not_picked":["PiercingWail","Bane"],"picked":"Poisoned Stab","floor":4.0},{"not_picked":["Sucker Punch","Acrobatics"],"picked":"Backstab","floor":5.0},{"not_picked":["Deflect","Finisher"],"picked":"Deadly Poison","floor":7.0},{"not_picked":["Outmaneuver","Crippling Poison","Choke"],"picked":"SKIP","floor":8.0},{"not_picked":["Dagger Spray","Distraction"],"picked":"Bane","floor":10.0},{"not_picked":["Outmaneuver","Dagger Throw","Flying Knee"],"picked":"SKIP","floor":11.0},{"not_picked":["Deflect","Leg Sweep"],"picked":"Noxious Fumes","floor":14.0},{"not_picked":["Venomology","Unload"],"picked":"After Image","floor":16.0}],"player_experience":617343,"relics_obtained":[{"floor":8.0,"key":"Nunchaku"},{"floor":9.0,"key":"White Beast Statue"},{"floor":10.0,"key":"Centennial Puzzle"}],"event_choices":[{"damage_healed":0.0,"max_hp_gain":0.0,"max_hp_loss":0.0,"gold_gain":0.0,"event_name":"Liars Game","player_choice":"Ignored","floor":12.0,"gold_loss":0.0,"damage_taken":0.0}],"is_beta":false,"boss_relics":[{"not_picked":["Calling Bell","Busted Crown"],"picked":"Ring of the Serpent"}],"items_purged_floors":[],"is_endless":false,"potions_floor_spawned":[2,4,8,10,11,14,16],"killed_by":"2 Thieves","ascension_level":17}}