{"host":"qa8cj4hae9rrz4qd","time":1608778018,"event":{"mods":["BaseMod","Colored Map","Colored Powertips","Conspire","Downfall","Energized Spire","Halation","Hermit","Hubris","Infinite Spire","Lobotomy","Minty Spire (QoL Compilation)","Replay The Spire","StSLib","The Construct","The Cursed","The Disciple","The Hierophant","The Jungle","The Runesmith","The Servant 0.9.4","TheBandit","vexMod"],"gold_per_floor":[99,99,74,74,174,200,226,226,237,237,248,260,275,425,441,441,441,441],"floor_reached":16,"playtime":2656,"items_purged":[],"score":125,"play_id":"d23c186b-d433-493a-9aea-8859e53b385f","local_time":"20201224024658","is_ascension_mode":false,"campfire_choices":[{"data":"champ:Taunt","floor":1,"key":"SMITH"},{"data":"champ:GladiatorStyle","floor":10,"key":"SMITH"}],"circlet_count":0,"master_deck":["champ:Strike","champ:Strike","champ:Strike","champ:Strike","champ:Defend","champ:Defend","champ:Defend","champ:Defend","champ:Execute","champ:Taunt+1","champ:GladiatorStyle+1","champ:TornadoPunch","champ:FocusedGladiator","champ:BerserkersShout","champ:Riposte","champ:Encircle","champ:BringItOn","champ:ViciousMockery"],"relics":["champ:ChampionCrown","downfall:HeartsMalice","Uniform","vexMod:MemoryStick"],"acts_visited":["Exordium"],"potions_floor_usage":[16],"damage_taken":[{"damage":0,"enemies":"2 Louse","floor":2,"turns":1},{"damage":0,"enemies":"Lagavulin","floor":6,"turns":1},{"damage":0,"enemies":"Small Slimes","floor":8,"turns":1},{"damage":11,"enemies":"Cultist","floor":9,"turns":4},{"damage":25,"enemies":"3 Louse","floor":11,"turns":5},{"damage":26,"enemies":"Lots of Slimes","floor":12,"turns":3},{"damage":27,"enemies":"Exordium Wildlife","floor":13,"turns":5},{"damage":21,"enemies":"Large Slime","floor":15,"turns":5},{"damage":34,"enemies":"downfall:Watcher","floor":16,"turns":8}],"seed_played":"-8128078534408520834","potions_obtained":[{"floor":6,"key":"Elixir"},{"floor":9,"key":"Dexterity Potion"},{"floor":11,"key":"champ:OpenerPotion"}],"is_trial":false,"path_per_floor":["R","M","?","?","?","E","T","M","M","R","M","M","M","?","M","B"],"character_chosen":"THE_CHAMP","items_purchased":[],"campfire_rested":0,"item_purchase_floors":[],"current_hp_per_floor":[90,90,90,90,90,90,90,90,84,84,70,47,31,31,25,0,0,0],"gold":441,"neow_bonus":"THREE_ENEMY_KILL","is_daily":false,"chose_seed":false,"campfire_upgraded":2,"win_rate":0.0,"timestamp":1608778018,"path_taken":["R","M","?","?","?","E","T","M","M","R","M","M","?","?","M","BOSS"],"items_purchased_type":[],"build_version":"2020-12-22","purchased_purges":0,"victory":false,"max_hp_per_floor":[90,90,90,90,90,90,90,90,90,90,90,90,90,90,90,90,90,90],"card_choices":[{"not_picked":["champ:PerfectedStrike","champ:Circumvent"],"picked":"champ:GladiatorStyle","floor":2},{"not_picked":["champ:FaceSlap","champ:FlashCut"],"picked":"champ:TornadoPunch","floor":6},{"not_picked":["champ:RapidStrikes","champ:RecklessLeap"],"picked":"champ:FocusedGladiator","floor":8},{"not_picked":["champ:PreciseThrust","champ:GutPunch"],"picked":"champ:BerserkersShout","floor":9},{"not_picked":["champ:BerserkersShout","champ:EnGarde"],"picked":"champ:Riposte","floor":11},{"not_picked":["champ:Shatter","champ:DefensiveShout"],"picked":"champ:Encircle","floor":12},{"not_picked":["champ:DefensiveStyle","champ:Haymaker"],"picked":"champ:BringItOn","floor":13},{"not_picked":["champ:EnragedBash","champ:ArenaPreparation"],"picked":"champ:ViciousMockery","floor":15}],"player_experience":464841,"relics_obtained":[{"floor":6,"key":"vexMod:MemoryStick"},{"floor":7,"key":"halation:AfternoonTea"}],"event_choices":[],"is_beta":false,"boss_relics":[],"items_purged_floors":[],"is_endless":false,"potions_floor_spawned":[6,9,11,12],"killed_by":"downfall:Watcher","ascension_level":0}}