{"host":"Charlie","time":1608780383,"event":{"mods":["Aspiration","BaseMod","Better Match","Better Skull","Better Third Choice","BetterRewards","ChefMod","Colored Map","Colored Powertips","Conspire","Curses Come First","Downfall","Ekko","Friendly Minions","Halation","Hermit","Hubris","Infinite Spire","Luminous","Melee Mod","Minty Spire (QoL Compilation)","Quick Restart","Rare Cards Sparkle","Relic Stats","Robot Space Explorer","Shade Mod","Spicy Shops","StSLib","SuperFastMode","Synergy Search","The Animator","The Blue Laboratory","The Cursed","The Dragon Tamer","The Factory","The Gatherer","The Jungle","The Marked","The Necromancer","Unceasing Turn Reminder","vexMod"],"gold_per_floor":[119,144,162,173,190,190,219,229,229,241,264,251,296,318,330,342,342],"floor_reached":16,"playtime":901,"items_purged":[],"score":120,"play_id":"b2c3f51a-b958-4d01-b4b1-1e49a1fa4741","local_time":"20201223192623","is_ascension_mode":true,"campfire_choices":[{"data":"Luminous:Switch_Luminous","floor":6,"key":"SMITH"},{"floor":15,"key":"REST"}],"circlet_count":0,"master_deck":["Luminous:Light_Flash_Shower","Luminous:Light_Flash_Shower","Luminous:Light_Flash_Shower","Luminous:Dark_Abyssal_Drop","Luminous:Dark_Abyssal_Drop","Luminous:Dark_Abyssal_Drop","Luminous:Defend_Luminous","Luminous:Defend_Luminous+1","Luminous:Defend_Luminous","Luminous:Defend_Luminous+1","Luminous:Switch_Luminous+1","Luminous:Magic_Accelerate_Luminous","Luminous:Tune_Luminous","Luminous:Dark_Morning_Star","Luminous:Light_Spectral_Light","Luminous:Dark_Raid","Luminous:Dark_Crescendo_Luminous+1"],"relics":["Luminous:MirrorRelic","War Paint","Anchor","Sundial","MawBank","CultistMask","Orichalcum","Frozen Egg 2"],"acts_visited":["Exordium"],"potions_floor_usage":[7,7,14],"damage_taken":[{"damage":0,"enemies":"Cultist","floor":1,"turns":5},{"damage":0,"enemies":"2 Louse","floor":3,"turns":3},{"damage":2,"enemies":"Jaw Worm","floor":4,"turns":5},{"damage":15,"enemies":"2 Fungi Beasts","floor":5,"turns":5},{"damage":32,"enemies":"Lagavulin","floor":7,"turns":7},{"damage":2,"enemies":"Blue Slaver","floor":8,"turns":4},{"damage":0,"enemies":"Lots of Slimes","floor":11,"turns":1},{"damage":20,"enemies":"3 Sentries","floor":13,"turns":7},{"damage":0,"enemies":"Looter","floor":14,"turns":2},{"damage":26,"enemies":"The Guardian","floor":16,"turns":5}],"seed_played":"-7944447577100740103","potions_obtained":[{"floor":3,"key":"FearPotion"},{"floor":5,"key":"PowerPotion"},{"floor":11,"key":"blueLaboratory:AbyssPotion"},{"floor":13,"key":"SteroidPotion"}],"is_trial":false,"path_per_floor":["M","T","M","M","M","R","E","M","T","?","M","?","E","M","R","B"],"character_chosen":"LuminousClass","items_purchased":[],"campfire_rested":1,"item_purchase_floors":[],"current_hp_per_floor":[75,75,75,73,58,58,26,24,24,24,24,24,4,4,26,0,0],"gold":342,"neow_bonus":"RANDOM_COMMON_RELIC","is_daily":false,"chose_seed":false,"campfire_upgraded":1,"win_rate":0.0,"timestamp":1608780383,"path_taken":["M","?","M","M","M","R","E","M","T","?","?","?","E","M","R","BOSS"],"items_purchased_type":[],"build_version":"2020-12-18","purchased_purges":0,"victory":false,"max_hp_per_floor":[75,75,75,75,75,75,75,75,75,75,75,75,75,75,75,75,75],"relic_stats":{"counters":[10,44],"Sundial":[2],"War Paint":["Luminous:Defend_Luminous","Luminous:Defend_Luminous"],"Orichalcum":[6],"MawBank":84,"obtain_stats":[{"Anchor":2,"Sundial":7,"CultistMask":10,"Luminous:MirrorRelic":0,"War Paint":0,"Orichalcum":12,"Frozen Egg 2":13,"MawBank":9},{"Anchor":1,"Sundial":5,"CultistMask":6,"Luminous:MirrorRelic":0,"War Paint":0,"Orichalcum":7,"Frozen Egg 2":8,"MawBank":6},{"Anchor":5,"Sundial":25,"CultistMask":29,"Luminous:MirrorRelic":0,"War Paint":0,"Orichalcum":30,"Frozen Egg 2":37,"MawBank":29}]},"card_choices":[{"not_picked":["Luminous:Light_Glare","Luminous:Light_Sylvan_Lance"],"picked":"Luminous:Magic_Accelerate_Luminous","floor":1},{"not_picked":["Luminous:Dark_Dim_Erosion","Luminous:Lights_Protection_Luminous","Luminous:Light_Glare"],"picked":"SKIP","floor":3},{"not_picked":["Luminous:Dark_Dim_Erosion","Luminous:Dark_Pressure_Void"],"picked":"Luminous:Tune_Luminous","floor":4},{"not_picked":["Luminous:Accumulation_Luminous","Luminous:Dark_Moonlight_Spear"],"picked":"Luminous:Dark_Morning_Star","floor":5},{"not_picked":["Luminous:Dark_Pressure_Void","Luminous:Light_Reflection"],"picked":"Luminous:Light_Spectral_Light","floor":7},{"not_picked":["Luminous:Blinding_Pillar_Luminous","Luminous:Concentrate_Luminous","Luminous:Dark_Pressure_Void"],"picked":"SKIP","floor":8},{"not_picked":["Luminous:Accumulation_Luminous","Luminous:Abyss_Heart_Luminous","Luminous:Light_Disperse"],"picked":"SKIP","floor":11},{"not_picked":["Luminous:Light_Spectral_Light","Luminous:Concentrate_Luminous"],"picked":"Luminous:Dark_Raid","floor":13},{"not_picked":["Luminous:Light_Wash_Luminous+1","Luminous:Blinding_Pillar_Luminous"],"picked":"Luminous:Dark_Crescendo_Luminous+1","floor":14}],"player_experience":437659,"relics_obtained":[{"floor":2,"key":"Anchor"},{"floor":7,"key":"Sundial"},{"floor":9,"key":"MawBank"},{"floor":13,"key":"Frozen Egg 2"}],"event_choices":[{"damage_healed":0,"gold_gain":0,"player_choice":"Trade","damage_taken":0,"relics_obtained":["CultistMask"],"max_hp_gain":0,"max_hp_loss":0,"event_name":"FaceTrader","floor":10,"gold_loss":0}],"is_beta":true,"boss_relics":[],"items_purged_floors":[],"is_endless":false,"potions_floor_spawned":[3,5,11,13],"killed_by":"The Guardian","ascension_level":1}}