{"host":"j204k34h42bd6fas","time":1608844082,"event":{"mods":["Aspiration","BaseMod","Colored Map","Colored Powertips","Conspire","Energized Spire","Hubris","Infinite Spire","JesterMod","Mimic Mod","Minty Spire (QoL Compilation)","Rare Cards Sparkle","Relic Stats","Replay The Spire","Say the Spire","StSLib","The Cursed","The Marked"],"gold_per_floor":[109,312,47,56,131,131,159,209,252,290,290,309,309,11,11,121,121,145,51,60,69,93,127,136,174,174,208,208,208],"floor_reached":28,"playtime":963,"items_purged":["ReplayTheSpireMod:Splinters"],"score":356,"play_id":"513b6be3-0be2-4226-9b20-fc4104801970","local_time":"20201224160802","is_ascension_mode":true,"campfire_choices":[{"floor":6,"key":"REST"},{"data":"Bash","floor":13,"key":"SMITH"},{"data":"Brutality","floor":15,"key":"SMITH"},{"floor":24,"key":"REST"}],"circlet_count":0,"master_deck":["Strike_R","Strike_R","Strike_R","Strike_R","Strike_R","Defend_R","Defend_R","Defend_R","Defend_R","Bash+1","Whirlwind","ReplayTheSpireMod:Strike From Hell","Armaments+1","conspire:Charge","infinitespire:DeathsTouch","True Grit","hubris:ReadiedAction","Discovery","Brutality+1","Immolate","ReplayTheSpireMod:Stacked","Dark Embrace","Power Through","Shame","Injury","Body Slam+1","Clothesline","Thunderclap","Fiend Fire","Life Link"],"relics":["Burning Blood","NeowsBlessing","CeramicFish","Mirror","Dream Catcher","ReplayTheSpireMod:TigerMarble","hubris:BottledRain","Ooze Armor","The Courier","Orichalcum","Replay:Mystery Machine","Happy Flower","infinitespire:Midas Blood"],"acts_visited":["Exordium","TheCity"],"potions_floor_usage":[18,25,25,25],"damage_taken":[{"damage":0,"enemies":"2 Louse","floor":1,"turns":1},{"damage":0,"enemies":"Gremlin Nob","floor":7,"turns":1},{"damage":0,"enemies":"Small Slimes","floor":9,"turns":2},{"damage":30,"enemies":"3 Sentries","floor":10,"turns":5},{"damage":14,"enemies":"Small Slimes","floor":12,"turns":2},{"damage":36,"enemies":"Hexaghost","floor":16,"turns":9},{"damage":3,"enemies":"Spheric Guardian","floor":18,"turns":3},{"damage":20,"enemies":"2 Thieves","floor":22,"turns":3},{"damage":45,"enemies":"Slavers","floor":23,"turns":5},{"damage":39,"enemies":"Book of Stabbing","floor":25,"turns":5},{"damage":8,"enemies":"Snecko","floor":27,"turns":5},{"damage":0,"enemies":"Slavers","floor":28,"turns":1}],"seed_played":"-3409718443700144847","potions_obtained":[{"floor":12,"key":"Milkshake"},{"floor":16,"key":"AttackPotion"},{"floor":22,"key":"infinitespire:BlackPotion"},{"floor":23,"key":"LiquidBronze"}],"is_trial":false,"path_per_floor":["M","?","$","?","?","R","E","T","MIM","E","?","M","R","$","R","B",null,"M","$","?","?","M","E","R","E","T","M","E"],"character_chosen":"IRONCLAD","items_purchased":["Armaments","CeramicFish","conspire:Charge","Discovery","Brutality","Dark Embrace","Power Through"],"campfire_rested":2,"item_purchase_floors":[3,3,3,14,14,19,19],"current_hp_per_floor":[80,80,80,60,49,73,79,79,80,56,56,48,48,48,48,18,65,68,68,68,68,54,15,39,16,16,14,14,14],"gold":208,"neow_bonus":"THREE_ENEMY_KILL","is_daily":false,"chose_seed":false,"campfire_upgraded":2,"win_rate":0.0,"timestamp":1608844082,"path_taken":["M","?","$","?","?","R","E","?","MIM","E","?","M","R","$","R","BOSS","M","$","?","?","M","E","R","E","T","M","E"],"items_purchased_type":["Card","Relic","Card","Card","Card","Card","Card"],"build_version":"2020-12-22","purchased_purges":1,"victory":false,"max_hp_per_floor":[80,80,80,80,80,80,80,80,80,80,80,80,80,80,80,80,80,80,80,80,80,80,80,80,80,80,80,80,80],"relic_stats":{"Dream Catcher":1,"Happy Flower":[2],"counters":[12,42],"CeramicFish":153,"Orichalcum":[18],"obtain_stats":[{"NeowsBlessing":0,"Happy Flower":25,"CeramicFish":3,"The Courier":20,"Orichalcum":21,"Replay:Mystery Machine":23,"Burning Blood":0,"Dream Catcher":8,"Ooze Armor":17,"ReplayTheSpireMod:TigerMarble":9,"Mirror":7,"hubris:BottledRain":10,"infinitespire:Midas Blood":26},{"NeowsBlessing":0,"Happy Flower":10,"CeramicFish":1,"The Courier":7,"Orichalcum":7,"Replay:Mystery Machine":9,"Burning Blood":0,"Dream Catcher":2,"Ooze Armor":6,"ReplayTheSpireMod:TigerMarble":3,"Mirror":2,"hubris:BottledRain":4,"infinitespire:Midas Blood":10},{"NeowsBlessing":0,"Happy Flower":36,"CeramicFish":1,"The Courier":23,"Orichalcum":23,"Replay:Mystery Machine":31,"Burning Blood":0,"Dream Catcher":2,"Ooze Armor":20,"ReplayTheSpireMod:TigerMarble":4,"Mirror":2,"hubris:BottledRain":9,"infinitespire:Midas Blood":36}],"Burning Blood":55},"card_choices":[{"not_picked":["Pommel Strike","Entrench"],"picked":"Whirlwind","floor":1},{"not_picked":["Shrug It Off","Sever Soul"],"picked":"ReplayTheSpireMod:Strike From Hell","floor":2},{"not_picked":["infinitespire:Oblivion","infinitespire:Gouge"],"picked":"infinitespire:DeathsTouch","floor":4},{"not_picked":["Hemokinesis","Anger","ReplayTheSpireMod:LeadingStrike"],"picked":"SKIP","floor":7},{"not_picked":["Wild Strike","ReplayTheSpireMod:LeadingStrike"],"picked":"True Grit","floor":9},{"not_picked":["Iron Wave","Hemokinesis"],"picked":"hubris:ReadiedAction","floor":10},{"not_picked":["Perfected Strike","Sever Soul","Run Through"],"picked":"SKIP","floor":12},{"not_picked":["Hemogenesis","Bludgeon"],"picked":"Immolate","floor":16},{"not_picked":["Anger","Pommel Strike"],"picked":"ReplayTheSpireMod:Stacked","floor":18},{"not_picked":["True Grit","Run Through+1"],"picked":"Body Slam+1","floor":22},{"not_picked":["Second Wind","Immolate"],"picked":"Clothesline","floor":23},{"not_picked":["Replay:Undeath\u0027s Touch","Twin Strike"],"picked":"Thunderclap","floor":24},{"not_picked":["Sword Boomerang","Clash"],"picked":"Fiend Fire","floor":25},{"not_picked":["True Grit","Anger"],"picked":"Life Link","floor":27}],"player_experience":294385,"relics_obtained":[{"floor":7,"key":"Mirror"},{"floor":8,"key":"Dream Catcher"},{"floor":9,"key":"ReplayTheSpireMod:TigerMarble"},{"floor":10,"key":"hubris:BottledRain"},{"floor":23,"key":"Replay:Mystery Machine"},{"floor":25,"key":"Happy Flower"},{"floor":26,"key":"infinitespire:Midas Blood"}],"event_choices":[{"damage_healed":0,"gold_gain":75,"player_choice":"Gather Gold","damage_taken":11,"max_hp_gain":0,"max_hp_loss":0,"event_name":"World of Goop","floor":5,"gold_loss":0},{"damage_healed":0,"gold_gain":0,"player_choice":"Grow","damage_taken":0,"max_hp_gain":0,"max_hp_loss":0,"event_name":"Living Wall","floor":11,"gold_loss":0,"cards_upgraded":["Armaments"]},{"damage_healed":0,"gold_gain":0,"player_choice":"Stole Relic","damage_taken":0,"relics_obtained":["The Courier"],"max_hp_gain":0,"max_hp_loss":0,"event_name":"Addict","floor":20,"gold_loss":0,"cards_obtained":["Shame"]}],"is_beta":false,"boss_relics":[{"not_picked":["energizedSpire:RedRose","energizedSpire:TabascoSauce"],"picked":"Ooze Armor"}],"items_purged_floors":[14],"is_endless":false,"potions_floor_spawned":[12,16,22,23],"killed_by":"Slavers","ascension_level":5}}