{"host":"12piqfhmdln9x2la","time":1608831097,"event":{"mods":["2.2 Compatiblity","AchievementEnabler","BaseMod","BetterRewards","Colored Powertips","Minty Spire (QoL Compilation)","Quick Restart","SuperFastMode"],"gold_per_floor":[111,66,85,35,62,96,108,127,180,213,213,240,270,285,285,285,285],"floor_reached":16,"playtime":209,"items_purged":[],"score":160,"play_id":"01c89314-311e-4e9d-9b8a-caa6cd68dc3f","local_time":"20201225023137","is_ascension_mode":true,"campfire_choices":[{"floor":11,"key":"RECALL"},{"data":"Bludgeon","floor":15,"key":"SMITH"}],"circlet_count":0,"master_deck":["Strike_R","Strike_R","Strike_R","Strike_R","Defend_R","Defend_R","Defend_R","Defend_R","Bash","Rupture","Flex","Armaments","Spot Weakness","Inflame","Bludgeon+1","Heavy Blade","Cleave"],"relics":["Burning Blood","NeowsBlessing","PreservedInsect","MealTicket","Happy Flower","Nunchaku","Gremlin Horn","Ornamental Fan"],"acts_visited":["Exordium"],"potions_floor_usage":[16],"damage_taken":[{"damage":0,"enemies":"Cultist","floor":1,"turns":1},{"damage":0,"enemies":"Jaw Worm","floor":3,"turns":1},{"damage":0,"enemies":"3 Sentries","floor":6,"turns":2},{"damage":15,"enemies":"Small Slimes","floor":7,"turns":4},{"damage":21,"enemies":"Looter","floor":8,"turns":4},{"damage":17,"enemies":"Gremlin Nob","floor":10,"turns":4},{"damage":18,"enemies":"Lagavulin","floor":12,"turns":5},{"damage":14,"enemies":"3 Louse","floor":14,"turns":4},{"damage":27,"enemies":"The Guardian","floor":16,"turns":2}],"seed_played":"-471928859510998707","potions_obtained":[{"floor":1,"key":"GamblersBrew"},{"floor":12,"key":"SteroidPotion"}],"is_trial":false,"path_per_floor":["M","$","M","?","T","E","M","M","T","E","R","E","?","M","R","B"],"character_chosen":"IRONCLAD","items_purchased":["Flex"],"campfire_rested":0,"item_purchase_floors":[2],"current_hp_per_floor":[80,80,80,80,80,80,71,56,56,45,45,33,33,25,25,0,0],"gold":285,"neow_bonus":"THREE_ENEMY_KILL","is_daily":false,"chose_seed":false,"campfire_upgraded":1,"win_rate":0.0,"timestamp":1608831097,"path_taken":["M","?","M","?","?","E","M","?","T","E","R","E","?","M","R","BOSS"],"items_purchased_type":["Card"],"build_version":"2020-12-22","purchased_purges":0,"victory":false,"max_hp_per_floor":[80,80,80,80,80,80,80,80,80,80,80,80,80,80,80,80,80],"card_choices":[{"not_picked":["Twin Strike","Burning Pact"],"picked":"Rupture","floor":1},{"not_picked":["Intimidate","Clothesline"],"picked":"Armaments","floor":3},{"not_picked":["Havoc","Body Slam","Reckless Charge"],"picked":"SKIP","floor":6},{"not_picked":["Flame Barrier","Twin Strike"],"picked":"Spot Weakness","floor":7},{"not_picked":["Thunderclap","Rage"],"picked":"Inflame","floor":8},{"not_picked":["Clothesline","Anger"],"picked":"Bludgeon","floor":10},{"not_picked":["Armaments","Anger"],"picked":"Heavy Blade","floor":12},{"not_picked":["Anger","Fire Breathing"],"picked":"Cleave","floor":14}],"player_experience":118155,"relics_obtained":[{"floor":5,"key":"PreservedInsect"},{"floor":6,"key":"MealTicket"},{"floor":9,"key":"Happy Flower"},{"floor":10,"key":"Nunchaku"},{"floor":12,"key":"Gremlin Horn"}],"event_choices":[{"cards_removed":["Strike_R"],"damage_healed":0,"gold_gain":0,"player_choice":"Card Removal","damage_taken":0,"max_hp_gain":0,"max_hp_loss":0,"event_name":"The Cleric","floor":4,"gold_loss":50},{"damage_healed":0,"gold_gain":30,"player_choice":"Searched \u00272\u0027 times","damage_taken":0,"relics_obtained":["Ornamental Fan"],"max_hp_gain":0,"max_hp_loss":0,"event_name":"Dead Adventurer","floor":13,"gold_loss":0}],"is_beta":false,"boss_relics":[],"items_purged_floors":[],"is_endless":false,"potions_floor_spawned":[1,12],"killed_by":"The Guardian","ascension_level":2}}