{"host":"373g0ui1bgeshz9m","time":1608769078,"event":{"mods":["Act Like it!","Aspiration","BaseMod","Beaked The Cultist","Better Third Choice","Colored Map","Conspire","Downfall","Halation","Hermit","Hubris","Infinite Spire","Jorbs\u0027s Wanderer Trilogy","Minty Spire (QoL Compilation)","Pale of the Ancients","Permanent Neow","Quick Restart","Replay The Spire","Shade Mod","Shop Mod","Spikes Relics","StSLib","The Animator","The Bladedancer","The Bug Knight","The Construct","The Cursed","The Factory","The Florist","The Judge","The Jungle","The Necromancer","The Sage","The Wild Card","Trackpad","vexMod"],"gold_per_floor":[118,118,118,128,128,128,128,128,151,182,182,182,182,207,207,310,310,327,327,427,441,32,61,61,72,140,153,153,169,169,169,194,212,212,312,312,328,328,388,10,25,53,53,72,96,115,115,144,161,161,161,161,171,171,171,171,171,182,182,28,28,28],"floor_reached":63,"playtime":11312,"items_purged":[],"score":924,"play_id":"5cf2e079-3349-460e-adf9-b52abc5cd7b4","local_time":"20201223191758","is_ascension_mode":true,"campfire_choices":[{"floor":6,"key":"REST"},{"floor":8,"key":"REST"},{"data":"theWildCard:Arsene","floor":13,"key":"SMITH"},{"data":"1","floor":15,"key":"LIFT"},{"data":"2","floor":24,"key":"LIFT"},{"data":"3","floor":34,"key":"LIFT"},{"data":"Summon_Death_Knight","floor":43,"key":"SMITH"},{"data":"Requiem","floor":51,"key":"SMITH"},{"floor":57,"key":"RECALL"},{"floor":59,"key":"REST"}],"circlet_count":0,"master_deck":["Strike_W","Strike_W","Strike_W","Strike_W","Defend_W","Defend_W","Defend_W","Defend_W","Negative_Energy_Arrows","Bone_Wall","Siphon_Strength+1","Negative_Energy_Sphere","infinitespire:Starlight","theWildCard:Arsene+1","Negative_Energy_Shield","Summon_Death_Knight+1","Siphon_Strength","Stop_Heart+1","Requiem+1","Uncharnel","Metallicize+1"],"relics":["Vampire_Amulet","aspiration:Nostalgia","Burning Blood","hubris:EvacipatedBox","hubris:KleinBottle","HollowMod:StagPassRelic","Omamori","halation:PinkSoulGem","Regal Pillow","Pear","Girya","hubris:ScarierMask","theJungle:BirthdayCakeSlice","trackpad:AdjectivePendant","Mercury Hourglass","infinitespire:CursedDice","infinitespire:PuzzleCube","aspiration:IroncladSkillbook","Vajra","Incense Burner","Quantum Egg","SnailShell","paleoftheancients:Timepiece","paleoftheancients:KeyRelic","Sozu","Bronze Scales","halation:EternalFortune","hubris:SphereOfDissonance","paleoftheancients:SoulOfTheHexaghost","vexMod:Spyglass"],"acts_visited":["Exordium","Exordium","TheBeyond","paleoftheancients:PaleOfTheAncients"],"potions_floor_usage":[58,58],"damage_taken":[{"damage":2,"enemies":"2 Louse","floor":1,"turns":3},{"damage":3,"enemies":"Cultist","floor":4,"turns":3},{"damage":5,"enemies":"Gremlin Nob","floor":10,"turns":4},{"damage":13,"enemies":"3 Sentries","floor":14,"turns":11},{"damage":67,"enemies":"Fading Forest","floor":16,"turns":11},{"damage":8,"enemies":"theJungle:GiantWrat","floor":18,"turns":5},{"damage":11,"enemies":"theJungle:5_Spyders","floor":21,"turns":5},{"damage":13,"enemies":"theJungle:Cassacara","floor":23,"turns":8},{"damage":9,"enemies":"theJungle:Lyon","floor":25,"turns":6},{"damage":8,"enemies":"theJungle:2_Flameangoes","floor":27,"turns":3},{"damage":2,"enemies":"theJungle:2_Snecko_Cultists","floor":29,"turns":3},{"damage":30,"enemies":"theJungle:MamaSnecko","floor":32,"turns":5},{"damage":9,"enemies":"Snake Plant","floor":33,"turns":5},{"damage":5,"enemies":"theJungle:QueenSpyder","floor":35,"turns":10},{"damage":8,"enemies":"Orb Walker","floor":37,"turns":4},{"damage":5,"enemies":"3 Darklings","floor":41,"turns":4},{"damage":18,"enemies":"Reptomancer","floor":42,"turns":5},{"damage":23,"enemies":"Spire Growth","floor":44,"turns":7},{"damage":19,"enemies":"Jaw Worm Horde","floor":46,"turns":5},{"damage":39,"enemies":"Nemesis","floor":48,"turns":8},{"damage":0,"enemies":"Writhing Mass","floor":49,"turns":8},{"damage":47,"enemies":"Replay:Hell Engine","floor":52,"turns":9},{"damage":93,"enemies":"Replay:Hell Engine","floor":53,"turns":13},{"damage":84,"enemies":"Replay:Hell Engine","floor":54,"turns":11},{"damage":84,"enemies":"Replay:Hell Engine","floor":58,"turns":10},{"damage":0,"enemies":"paleoftheancients:N","floor":62,"turns":1}],"seed_played":"-2074727345841976183","potions_obtained":[{"floor":4,"key":"champ:CounterPotion"},{"floor":25,"key":"AttackPotion"},{"floor":27,"key":"Fire Potion"}],"is_trial":false,"path_per_floor":["M","?","?","M","$","R","?","R","T","E","?","?","R","E","R","B",null,"M","?","?","M","$","E","R","M","T","M","$","M","PTL","PTL","E","M","R","B",null,"M","?","?","$","M","E","R","M","T","M","?","E","M","AVR","R","B","M","M","?","T","R","M","R","$","?","B",null],"character_chosen":"NECROMANCER","items_purchased":["hubris:EvacipatedBox","hubris:KleinBottle","HollowMod:StagPassRelic","Omamori","trackpad:AdjectivePendant","Mercury Hourglass","Incense Burner","Metallicize","vexMod:Spyglass"],"campfire_rested":3,"item_purchase_floors":[5,5,5,5,22,22,40,40,60],"current_hp_per_floor":[75,75,75,75,11,33,33,55,55,78,78,78,78,85,85,48,85,85,90,90,90,90,90,90,90,90,90,90,90,90,90,78,87,87,90,90,90,90,90,90,90,86,86,85,85,90,90,73,90,90,90,90,60,90,93,93,93,63,93,93,93,93],"gold":28,"neow_bonus":"NOSTALGIA","is_daily":false,"chose_seed":false,"campfire_upgraded":3,"win_rate":0.0,"timestamp":1608769078,"path_taken":["M","?","?","?","?","R","?","R","T","E","?","?","R","E","R","BOSS","M","?","?","?","?","E","R","M","T","M","$","M","PTL","PTL","E","?","R","BOSS","M","?","?","$","M","E","R","?","T","M","?","E","M","AVR","R","BOSS","M","M","?","T","R","M","R","$","?","BOSS"],"items_purchased_type":["Relic","Relic","Relic","Relic","Relic","Relic","Relic","Card","Relic"],"build_version":"2020-12-22","purchased_purges":0,"victory":true,"max_hp_per_floor":[75,75,75,75,75,75,75,75,75,85,85,85,85,85,85,85,85,85,90,90,90,90,90,90,90,90,90,90,90,90,90,90,90,90,90,90,90,90,90,90,90,90,90,90,90,90,90,90,90,90,90,90,90,90,93,93,93,93,93,93,93,93],"card_choices":[{"not_picked":["Whirlwind_of_Bones","Death_March_Dance"],"picked":"Siphon_Strength","floor":1},{"not_picked":["Bones_to_Steel","Necromantic_Selection"],"picked":"Negative_Energy_Sphere","floor":4},{"not_picked":["infinitespire:Gouge","infinitespire:TheBestDefense"],"picked":"infinitespire:Starlight","floor":5},{"not_picked":["Chill_Blood","Scare","Death_March_Dance"],"picked":"SKIP","floor":10},{"not_picked":["Blood_Wake","Bone_Armor"],"picked":"Negative_Energy_Shield","floor":14},{"not_picked":["Negative_Energy_Bomb","Reap_The_Weak"],"picked":"Summon_Death_Knight","floor":16},{"not_picked":["Death_Coil+1","Consume_Illness","Exploit"],"picked":"SKIP","floor":18},{"not_picked":["Bones_to_Steel","Consume_Illness"],"picked":"Siphon_Strength","floor":21},{"not_picked":["Death_Coil+1","Vampiric_Strike+1","Bone_Armor"],"picked":"SKIP","floor":23},{"not_picked":["Chill_Blood","Summon_Undead_Army","Blood_Curse"],"picked":"SKIP","floor":25},{"not_picked":["Bone_Shift","Death_Coil+1","Vampiric_Strike"],"picked":"SKIP","floor":27},{"not_picked":["Bone_Prison","Negative_Energy_Mist","Cloudkill"],"picked":"SKIP","floor":29},{"not_picked":["Necromantic_Selection","Blood_Whip+1","Blood_Shield"],"picked":"SKIP","floor":32},{"not_picked":["Negative_Energy_Mist","Death_March_Dance"],"picked":"Stop_Heart+1","floor":33},{"not_picked":["Detonate_Bones","Negative_Energy_Bomb"],"picked":"Requiem","floor":35},{"not_picked":["ReplayTheSpireMod:Stacked+1","Blood_Whip","Armaments+1","Blood_Curse+1"],"picked":"SKIP","floor":37},{"not_picked":["Negative_Energy_Shield","Death_Knell","Violent_Necrosis"],"picked":"Uncharnel","floor":39},{"not_picked":["conspire:Charge+1","Detonate_Bones","Searing Blow","Feel No Pain+1"],"picked":"SKIP","floor":41},{"not_picked":["Blood_Whip+1","Power Through+1","Blood_for_Blood","ReplayTheSpireMod:Corrosion Curse+1"],"picked":"SKIP","floor":42},{"not_picked":["Evolve","Armaments+1","Clothesline+1","Life Link"],"picked":"SKIP","floor":44},{"not_picked":["Bone_Shift+1","Anger+1","Warcry","Stop_Heart+1"],"picked":"SKIP","floor":46},{"not_picked":["Exploit","Thousand_Bone_Knives+1","Anger+1","Rupture+1"],"picked":"SKIP","floor":48},{"not_picked":["Burning Pact","Iron Wave","Shrug It Off+1","True Grit"],"picked":"SKIP","floor":49},{"not_picked":["Dark Embrace+1","Twin Strike","Entrench+1","Negative_Energy_Shield+1"],"picked":"SKIP","floor":53},{"not_picked":["Summon_Lich","infinitespire:OneForAll","Flame Barrier","Heavy Blade+1"],"picked":"SKIP","floor":58}],"player_experience":325857,"relics_obtained":[{"floor":9,"key":"Regal Pillow"},{"floor":10,"key":"Pear"},{"floor":14,"key":"Girya"},{"floor":23,"key":"infinitespire:CursedDice"},{"floor":32,"key":"infinitespire:PuzzleCube"},{"floor":39,"key":"Vajra"},{"floor":42,"key":"Quantum Egg"},{"floor":45,"key":"SnailShell"},{"floor":56,"key":"hubris:SphereOfDissonance"},{"floor":58,"key":"paleoftheancients:SoulOfTheHexaghost"}],"event_choices":[{"damage_healed":0,"gold_gain":0,"player_choice":"Disagree","damage_taken":0,"max_hp_gain":0,"max_hp_loss":0,"event_name":"conspire:LoneGhost","floor":2,"gold_loss":0},{"damage_healed":0,"gold_gain":0,"player_choice":"Upgraded","damage_taken":0,"max_hp_gain":0,"max_hp_loss":0,"event_name":"Upgrade Shrine","floor":3,"gold_loss":0,"cards_upgraded":["Siphon_Strength"]},{"damage_healed":0,"gold_gain":0,"player_choice":"Leave","damage_taken":0,"max_hp_gain":0,"max_hp_loss":0,"event_name":"conspire:Investor","floor":12,"gold_loss":0},{"damage_healed":0,"gold_gain":100,"player_choice":"Pray","damage_taken":0,"max_hp_gain":0,"max_hp_loss":0,"event_name":"Golden Shrine","floor":20,"gold_loss":0},{"damage_healed":0,"gold_gain":0,"player_choice":"Ignored","damage_taken":0,"max_hp_gain":0,"max_hp_loss":0,"event_name":"Tomb of Lord Red Mask","floor":38,"gold_loss":0}],"is_beta":false,"boss_relics":[{"not_picked":["aspiration:RitualDagger","vexMod:MegatonBomb","beaked:MawFillet"],"picked":"hubris:ScarierMask"},{"not_picked":["Snecko Eye","Replay:Drink Me","Runic Dome"],"picked":"aspiration:IroncladSkillbook"}],"items_purged_floors":[],"is_endless":false,"potions_floor_spawned":[4,25,27,32,33,37,44,58],"ascension_level":2}}