{"host":"ywif2ugnepgiw45s","time":1608843099,"event":{"mods":["Act Like it!","BaseMod","Better Skull","Downfall","Elementarium","GifTheSpireLib","Hermit","Lobotomy","Marisa????????","Minty Spire (QoL Compilation)","READ ME - Guardian Mod","Shade Mod","Shop Mod","StSLib","The Cursed","The Jungle","The Runesmith"],"gold_per_floor":[115,115,129,129,62,88,102,119,169,189,214,234,234,62,62,162,162,180,191,42,56,56,56,56,56],"floor_reached":24,"playtime":877,"items_purged":["TheCursedMod:Strike_TheCursed"],"score":218,"play_id":"e54fc430-19ec-4a7f-9c14-a0d9aca5ef34","local_time":"20201224155139","is_ascension_mode":true,"campfire_choices":[{"floor":15,"key":"REST"},{"data":"expansioncontent:Collect","floor":23,"key":"SMITH"}],"circlet_count":0,"master_deck":["TheCursedMod:Strike_TheCursed","TheCursedMod:Strike_TheCursed","TheCursedMod:Strike_TheCursed","TheCursedMod:Defend_TheCursed","TheCursedMod:Defend_TheCursed","TheCursedMod:Defend_TheCursed","TheCursedMod:Defend_TheCursed","TheCursedMod:CursedWand+1","TheCursedMod:CleanUpWorkshop","TheCursedMod:Hemoplague","TheCursedMod:HellfireBreathing","TheCursedMod:SpitefulPlan","TheCursedMod:LuckyCharm","TheCursedMod:FleshFromBone","expansioncontent:Collect+1","TheCursedMod:Mangle","TheCursedMod:DemonSword","TheCursedMod:SaltUponWound"],"relics":["Velvet Choker","Mummified Hand","Blood Vial","Dream Catcher","Runesmith:Nanobots","TheCursedMod:FourLeafCloverCharm","Oddly Smooth Stone"],"acts_visited":["Exordium","TheCity"],"potions_floor_usage":[11],"damage_taken":[{"damage":3,"enemies":"Small Slimes","floor":1,"turns":4},{"damage":0,"enemies":"2 Louse","floor":3,"turns":2},{"damage":27,"enemies":"Gremlin Nob","floor":6,"turns":5},{"damage":1,"enemies":"Cultist","floor":7,"turns":4},{"damage":1,"enemies":"2 Fungi Beasts","floor":8,"turns":4},{"damage":6,"enemies":"Gremlin Gang","floor":10,"turns":5},{"damage":17,"enemies":"3 Sentries","floor":11,"turns":8},{"damage":7,"enemies":"Blue Slaver","floor":12,"turns":4},{"damage":28,"enemies":"Hexaghost","floor":16,"turns":11},{"damage":10,"enemies":"Chosen","floor":18,"turns":6},{"damage":32,"enemies":"Spheric Guardian","floor":19,"turns":7},{"damage":19,"enemies":"Snake Plant","floor":21,"turns":5},{"damage":26,"enemies":"Gremlin Leader","floor":24,"turns":4}],"seed_played":"-822882736816387095","potions_obtained":[{"floor":1,"key":"champ:CounterPotion"},{"floor":6,"key":"Strength Potion"},{"floor":7,"key":"LiquidBronze"},{"floor":11,"key":"Fire Potion"}],"is_trial":false,"path_per_floor":["M","?","M","?","$","E","M","M","T","M","E","M","?","$","R","B",null,"M","M","$","M","?","R","E"],"character_chosen":"THE_CURSED","items_purchased":["TheCursedMod:HellfireBreathing","expansioncontent:Collect","Oddly Smooth Stone"],"campfire_rested":1,"item_purchase_floors":[5,14,20],"current_hp_per_floor":[72,72,72,72,72,45,44,43,43,39,24,19,19,19,41,15,75,65,35,35,18,18,18,0,0],"gold":56,"neow_bonus":"BOSS_RELIC","is_daily":false,"chose_seed":false,"campfire_upgraded":1,"win_rate":0.0,"timestamp":1608843099,"path_taken":["M","?","M","?","$","E","M","M","T","M","E","?","?","$","R","BOSS","M","?","$","M","?","R","E"],"items_purchased_type":["Card","Card","Relic"],"build_version":"2020-12-22","purchased_purges":1,"victory":false,"max_hp_per_floor":[75,75,75,75,75,75,75,75,75,75,75,75,75,75,75,75,75,75,75,75,75,75,75,75,75],"card_choices":[{"not_picked":["TheCursedMod:CircleOfBlood","TheCursedMod:Obscuration","TheCursedMod:TroublousMinions"],"picked":"SKIP","floor":1},{"not_picked":["TheCursedMod:Obscuration","TheCursedMod:TacticalStrike"],"picked":"TheCursedMod:Hemoplague","floor":3},{"not_picked":["TheCursedMod:CursedBlade","TheCursedMod:SpreadPlague"],"picked":"TheCursedMod:SpitefulPlan","floor":6},{"not_picked":["TheCursedMod:CircleOfCorruption","TheCursedMod:CircleOfBlood","TheCursedMod:PrepareRite"],"picked":"SKIP","floor":7},{"not_picked":["TheCursedMod:CircleOfCorruption","TheCursedMod:Obscuration"],"picked":"TheCursedMod:LuckyCharm","floor":8},{"not_picked":["TheCursedMod:SurpriseAttack","TheCursedMod:Stigma","TheCursedMod:CursedAmulet"],"picked":"SKIP","floor":10},{"not_picked":["TheCursedMod:DarkBarrier","TheCursedMod:VitalStrike"],"picked":"TheCursedMod:FleshFromBone","floor":11},{"not_picked":["TheCursedMod:SurpriseAttack","TheCursedMod:TroublousMinions","TheCursedMod:Torture"],"picked":"SKIP","floor":12},{"not_picked":["TheCursedMod:SpitefulStrike","TheCursedMod:Torture"],"picked":"TheCursedMod:Mangle","floor":15},{"not_picked":["TheCursedMod:ManaCirculation","TheCursedMod:CollectTribute"],"picked":"TheCursedMod:DemonSword","floor":16},{"not_picked":["TheCursedMod:TacticalStrike","TheCursedMod:FuryStrike+1"],"picked":"TheCursedMod:SaltUponWound","floor":18},{"not_picked":["TheCursedMod:RapidMovement","TheCursedMod:BloodBarrier+1","TheCursedMod:FleshFromBone"],"picked":"SKIP","floor":19},{"not_picked":["TheCursedMod:RavingStaff","TheCursedMod:BlessingInDisguise+1","TheCursedMod:Wield"],"picked":"SKIP","floor":21}],"player_experience":1628381,"relics_obtained":[{"floor":6,"key":"Mummified Hand"},{"floor":9,"key":"Blood Vial"},{"floor":11,"key":"Dream Catcher"}],"event_choices":[{"damage_healed":0,"gold_gain":0,"player_choice":"Grow","damage_taken":0,"max_hp_gain":0,"max_hp_loss":0,"event_name":"Living Wall","floor":2,"gold_loss":0,"cards_upgraded":["TheCursedMod:CursedWand"]},{"cards_removed":["TheCursedMod:Dregs"],"damage_healed":0,"gold_gain":0,"player_choice":"Removed Curses","damage_taken":0,"max_hp_gain":0,"max_hp_loss":0,"event_name":"Fountain of Cleansing","floor":4,"gold_loss":0},{"damage_healed":0,"gold_gain":0,"player_choice":"Gave Potion","damage_taken":0,"relics_obtained":["Runesmith:Nanobots"],"max_hp_gain":0,"max_hp_loss":0,"event_name":"WeMeetAgain","floor":13,"gold_loss":0},{"damage_healed":0,"gold_gain":0,"player_choice":"Ignored","damage_taken":0,"max_hp_gain":0,"max_hp_loss":0,"event_name":"Ghosts","floor":22,"gold_loss":0}],"is_beta":false,"boss_relics":[{"not_picked":["SacredBark","Fusion Hammer"],"picked":"TheCursedMod:FourLeafCloverCharm"}],"items_purged_floors":[14],"is_endless":false,"potions_floor_spawned":[1,6,7,11],"killed_by":"Gremlin Leader","ascension_level":1}}