{"host":"zzgvnd5w85j1s2e6","time":1608825702,"event":{"mods":["Act Like it!","BaseMod","Minty Spire (QoL Compilation)","Reimu£®≤©¿ˆ¡È√Œ£©","SIMod","StSLib","The Cursed","The Runesmith","[IsaacMod]“‘»ˆº‚À˛","vexMod"],"gold_per_floor":[114,114,114,129,129,159,189,189,189,204,234,234,249,264,264,364,364,379,379,394,409,34,34,64,114,189,189,204,234,249,264,264,364,364,379,394,369,384,28,28,43,73,73,103,118,118,148,28,28,28],"floor_reached":51,"playtime":5763,"items_purged":["Deadly Poison"],"score":1022,"play_id":"0b267f99-cb79-4909-b1f6-8b52b6e2dbb9","local_time":"20201225000142","daily_mods":["Insanity","Purple Cards","DeadlyEvents"],"is_ascension_mode":false,"campfire_choices":[{"data":"Terror","floor":12.0,"key":"SMITH"},{"data":"DeusExMachina","floor":15.0,"key":"SMITH"},{"data":"Acrobatics","floor":23.0,"key":"SMITH"},{"data":"Outmaneuver","floor":27.0,"key":"SMITH"},{"data":"Underhanded Strike","floor":32.0,"key":"SMITH"},{"data":"Establishment","floor":40.0,"key":"SMITH"},{"data":"Well Laid Plans","floor":46.0,"key":"SMITH"},{"data":"Glass Knife","floor":49,"key":"SMITH"}],"circlet_count":0,"master_deck":["Dagger Throw","Underhanded Strike+1","Bane","CarveReality","FlurryOfBlows","Well Laid Plans+1","Predator","TalkToTheHand","WheelKick","Halt","ClearTheMind+1","BowlingBash","Acrobatics+1","WindmillStrike","CutThroughFate","Bane","BowlingBash","Backflip","Prostrate","Blade Dance+1","WindmillStrike","Crippling Poison","CutThroughFate","Outmaneuver+1","CarveReality","Dagger Throw+1","Worship","FollowUp","Tantrum+1","DeceiveReality","ClearTheMind+1","Masterful Stab","CutThroughFate","Prepared","Halt","CutThroughFate","FearNoEvil","PathToVictory","Underhanded Strike","FlyingSleeves","DeceiveReality","PathToVictory","Sucker Punch","PathToVictory","Eviscerate+1","Slice","WindmillStrike","Halt","ReachHeaven","Dagger Spray","Terror+1","EmptyFist","DeusExMachina+1","Glass Knife+1","FollowUp+1","Dash+1","ReachHeaven+1","Establishment+1","Swivel","Indignation","Glass Knife+1","EmptyBody","ReachHeaven+1","Wallop+1","Vengeance+1"],"relics":["Ring of the Snake","HushsDoor","Leech","BelialBook","StoneCalendar","Pyrelight","vexMod:Dragonfruit","Gambling Chip","vexMod:ImprovementManual","Sling","Nunchaku","Omamori","TheBean","Kunai","Centennial Puzzle","vexMod:BigBerry","Vajra","Happy Flower","Mercury Hourglass","The Courier","Strawberry","Bag of Marbles","BookOfRevelations"],"acts_visited":["Exordium","TheCity","TheBeyond"],"potions_floor_usage":[50],"damage_taken":[{"damage":0.0,"enemies":"Small Slimes","floor":1.0,"turns":2.0},{"damage":11.0,"enemies":"Jaw Worm","floor":4.0,"turns":2.0},{"damage":5.0,"enemies":"Gremlin Nob","floor":6.0,"turns":3.0},{"damage":0.0,"enemies":"Lagavulin","floor":7.0,"turns":2.0},{"damage":0.0,"enemies":"Cultist","floor":10.0,"turns":2.0},{"damage":11.0,"enemies":"3 Sentries","floor":11.0,"turns":3.0},{"damage":0.0,"enemies":"Lots of Slimes","floor":13.0,"turns":1.0},{"damage":0.0,"enemies":"2 Fungi Beasts","floor":14.0,"turns":1.0},{"damage":0.0,"enemies":"Slime Boss","floor":16.0,"turns":1.0},{"damage":12.0,"enemies":"Shell Parasite","floor":18.0,"turns":3.0},{"damage":0.0,"enemies":"Chosen","floor":20.0,"turns":3.0},{"damage":0.0,"enemies":"Centurion and Healer","floor":21.0,"turns":2.0},{"damage":0.0,"enemies":"Slavers","floor":24.0,"turns":2.0},{"damage":0.0,"enemies":"Sentry and Sphere","floor":28.0,"turns":2.0},{"damage":0.0,"enemies":"Gremlin Leader","floor":29.0,"turns":2.0},{"damage":0.0,"enemies":"Snecko","floor":30.0,"turns":2.0},{"damage":2.0,"enemies":"Snake Plant","floor":31.0,"turns":2.0},{"damage":6.0,"enemies":"Champ","floor":33.0,"turns":3.0},{"damage":5.0,"enemies":"Orb Walker","floor":35.0,"turns":3.0},{"damage":4.0,"enemies":"3 Shapes","floor":36.0,"turns":3.0},{"damage":0.0,"enemies":"3 Darklings","floor":38.0,"turns":2.0},{"damage":0.0,"enemies":"Transient","floor":41.0,"turns":5.0},{"damage":0.0,"enemies":"Reptomancer","floor":42.0,"turns":3.0},{"damage":7.0,"enemies":"Giant Head","floor":44.0,"turns":4.0},{"damage":23.0,"enemies":"Maw","floor":45.0,"turns":4.0},{"damage":4,"enemies":"Reptomancer","floor":47,"turns":4},{"damage":66,"enemies":"Donu and Deca","floor":50,"turns":5}],"seed_played":"-4388098555046818604","potions_obtained":[{"floor":6.0,"key":"SneckoOil"},{"floor":7.0,"key":"Energy Potion"},{"floor":10.0,"key":"CunningPotion"},{"floor":11.0,"key":"Weak Potion"},{"floor":28.0,"key":"Swift Potion"},{"floor":33.0,"key":"SpeedPotion"},{"floor":38.0,"key":"FairyPotion"},{"floor":42.0,"key":"Swift Potion"},{"floor":45.0,"key":"LiquidBronze"},{"floor":47,"key":"Poison Potion"}],"is_trial":false,"path_per_floor":["M","?","$","M","?","E","E","?","T","M","E","R","M","M","R","B",null,"M","?","M","M","$","R","E","T","T","R","M","E","M","M","R","B",null,"M","M","?","M","$","R","M","E","T","E","M","R","E","$","R","B",null],"character_chosen":"THE_SILENT","items_purchased":["Sling","Nunchaku","Happy Flower","Glass Knife","EmptyBody","BookOfRevelations"],"campfire_rested":0,"item_purchase_floors":[22,22,39,39,39,48],"current_hp_per_floor":[70,56,56,45,45,40,41,41,46,47,38,38,39,39,39,40,75,64,64,66,68,68,68,69,69,69,69,70,71,73,72,72,68,105,100,99,99,100,100,100,105,105,105,105,86,86,85,85,85,23],"gold":28,"neow_bonus":"","is_daily":true,"chose_seed":false,"campfire_upgraded":8,"win_rate":0.0,"timestamp":1608825702,"path_taken":["M","?","$","M","?","E","?","?","T","M","E","R","?","M","R","BOSS","M","?","M","M","$","R","E","?","T","R","M","?","M","M","R","BOSS","M","M","?","M","?","R","M","E","T","?","?","R","?","?","R","BOSS"],"items_purchased_type":["Relic","Relic","Relic","Card","Card","Relic"],"build_version":"2020-12-22","purchased_purges":1,"victory":true,"max_hp_per_floor":[70,70,70,70,70,70,70,70,75,75,75,75,75,75,75,75,75,75,75,75,75,75,75,75,75,75,75,75,75,75,75,75,75,105,105,105,105,105,105,105,105,105,105,112,112,112,112,112,112,112],"card_choices":[{"not_picked":["Protect","WindmillStrike"],"picked":"Dagger Spray","floor":1.0},{"not_picked":["Quick Slash","Skewer","Nirvana"],"picked":"SKIP","floor":4.0},{"not_picked":["Distraction","Malaise","Halt"],"picked":"SKIP","floor":6.0},{"not_picked":["Deadly Poison","Consecrate"],"picked":"Terror","floor":7.0},{"not_picked":["Underhanded Strike","Riddle With Holes"],"picked":"EmptyFist","floor":10.0},{"not_picked":["SashWhip","Weave","Deadly Poison"],"picked":"SKIP","floor":11.0},{"not_picked":["SashWhip","Weave","Deadly Poison"],"picked":"SKIP","floor":11.0},{"not_picked":["Tactician","Choke"],"picked":"DeusExMachina","floor":13.0},{"not_picked":["Prostrate","FlurryOfBlows","WreathOfFlame"],"picked":"SKIP","floor":14.0},{"not_picked":["Tools of the Trade","Unload"],"picked":"Glass Knife","floor":16.0},{"not_picked":["Dagger Spray","Nirvana+1","CrushJoints"],"picked":"SKIP","floor":18.0},{"not_picked":["Sucker Punch","MentalFortress"],"picked":"FollowUp+1","floor":20.0},{"not_picked":["Bane+1","Deflect","InnerPeace"],"picked":"SKIP","floor":21.0},{"not_picked":["Collect","Sucker Punch"],"picked":"Dash+1","floor":24.0},{"not_picked":["Sucker Punch","Bouncing Flask+1","Deadly Poison+1"],"picked":"SKIP","floor":28.0},{"not_picked":["Dagger Spray","ClearTheMind"],"picked":"ReachHeaven+1","floor":29.0},{"not_picked":["FollowUp","Concentrate","Cloak And Dagger"],"picked":"SKIP","floor":30.0},{"not_picked":["CutThroughFate","EmptyFist","PathToVictory"],"picked":"SKIP","floor":31.0},{"not_picked":["Alpha","Storm of Steel"],"picked":"Establishment","floor":33.0},{"not_picked":["Crippling Poison+1","Expertise","CutThroughFate"],"picked":"SKIP","floor":35.0},{"not_picked":["ThirdEye","Bane"],"picked":"Swivel","floor":36.0},{"not_picked":["JustLucky","FlurryOfBlows+1"],"picked":"Indignation","floor":38.0},{"not_picked":["Bouncing Flask+1","Endless Agony+1"],"picked":"ReachHeaven+1","floor":41.0},{"not_picked":["Tools of the Trade","FollowUp","JustLucky+1"],"picked":"SKIP","floor":42.0},{"not_picked":["Distraction","Worship+1"],"picked":"Wallop+1","floor":44.0},{"not_picked":["Prepared","Underhanded Strike+1"],"picked":"Vengeance+1","floor":45.0},{"not_picked":["Fasting2+1","Bouncing Flask+1","Consecrate"],"picked":"SKIP","floor":47}],"player_experience":489965,"relics_obtained":[{"floor":6.0,"key":"BelialBook"},{"floor":7.0,"key":"StoneCalendar"},{"floor":9.0,"key":"vexMod:Dragonfruit"},{"floor":11.0,"key":"Gambling Chip"},{"floor":24.0,"key":"Omamori"},{"floor":25.0,"key":"TheBean"},{"floor":26.0,"key":"Kunai"},{"floor":29.0,"key":"Centennial Puzzle"},{"floor":42.0,"key":"Mercury Hourglass"},{"floor":43.0,"key":"The Courier"},{"floor":44.0,"key":"Strawberry"},{"floor":47,"key":"Bag of Marbles"}],"event_choices":[{"damage_healed":0.0,"max_hp_gain":0.0,"max_hp_loss":0.0,"gold_gain":0.0,"event_name":"Shining Light","player_choice":"Entered Light","floor":2.0,"gold_loss":0.0,"damage_taken":14.0,"cards_upgraded":["Dagger Throw","Tantrum"]},{"damage_healed":0.0,"max_hp_gain":0.0,"max_hp_loss":0.0,"gold_gain":0.0,"event_name":"Vampires","player_choice":"Ignored","floor":19.0,"gold_loss":0.0,"damage_taken":0.0}],"is_beta":false,"boss_relics":[{"not_picked":["vexMod:NewClearReactor","vexMod:FluxCapacitor"],"picked":"vexMod:ImprovementManual"},{"not_picked":[]},{"not_picked":["Tiny House","Velvet Choker"],"picked":"vexMod:BigBerry"},{"not_picked":[]}],"items_purged_floors":[22],"is_endless":false,"potions_floor_spawned":[6,7,10,11,16,28,29,30,31,33,38,42,44,45,47],"ascension_level":0}}