{"host":"sa7ebub27cgn5wai","time":1608799678,"event":{"mods":["BaseMod","Colored Map","Minty Spire (QoL Compilation)","SuperFastMode"],"gold_per_floor":[111,111,122,122,142,142,67,67,67,67,81,96,109,120,120,217,217,217,217,217,217,217,217,217,217,217,217,217,117,67,67,67,67,67,67,67,67,67,67,67,67,67],"floor_reached":41,"playtime":1070,"items_purged":["Strike_G","Strike_G"],"score":491,"play_id":"77065484-4ef4-4564-9631-8a5515b7dba7","local_time":"20201224174758","is_ascension_mode":false,"campfire_choices":[{"data":"Catalyst","floor":6,"key":"SMITH"},{"data":"Flechettes","floor":10,"key":"SMITH"},{"data":"Noxious Fumes","floor":15,"key":"SMITH"},{"data":"Dodge and Roll","floor":23,"key":"SMITH"},{"data":"Bouncing Flask","floor":25,"key":"SMITH"},{"data":"Deadly Poison","floor":27,"key":"SMITH"},{"floor":32,"key":"REST"},{"floor":40,"key":"REST"}],"circlet_count":0,"master_deck":["Defend_G","Defend_G","Defend_G","Defend_G","Defend_G","Survivor","Flying Knee+1","Catalyst+1","Catalyst+1","Bouncing Flask+1","Deadly Poison+1","Noxious Fumes+1","Corpse Explosion","Footwork+1","Dodge and Roll+1","Backflip+1","Catalyst+1","Footwork+1","Noxious Fumes","After Image","Catalyst","Escape Plan+1"],"relics":["Ring of the Snake","Question Card","Ectoplasm","Shuriken","Empty Cage"],"acts_visited":["Exordium","TheCity","TheBeyond"],"potions_floor_usage":[38,38,41],"damage_taken":[{"damage":0,"enemies":"2 Louse","floor":1,"turns":3},{"damage":0,"enemies":"Cultist","floor":3,"turns":3},{"damage":0,"enemies":"Small Slimes","floor":5,"turns":3},{"damage":2,"enemies":"Exordium Thugs","floor":11,"turns":4},{"damage":0,"enemies":"Blue Slaver","floor":12,"turns":2},{"damage":21,"enemies":"Lots of Slimes","floor":13,"turns":4},{"damage":7,"enemies":"Large Slime","floor":14,"turns":4},{"damage":25,"enemies":"Hexaghost","floor":16,"turns":5},{"damage":10,"enemies":"3 Byrds","floor":18,"turns":3},{"damage":14,"enemies":"Spheric Guardian","floor":19,"turns":4},{"damage":0,"enemies":"Centurion and Healer","floor":20,"turns":4},{"damage":0,"enemies":"3 Cultists","floor":21,"turns":3},{"damage":3,"enemies":"Snake Plant","floor":22,"turns":3},{"damage":0,"enemies":"Chosen and Byrds","floor":24,"turns":4},{"damage":0,"enemies":"3 Cultists","floor":31,"turns":2},{"damage":0,"enemies":"Automaton","floor":33,"turns":6},{"damage":3,"enemies":"Orb Walker","floor":35,"turns":4},{"damage":0,"enemies":"3 Shapes","floor":36,"turns":3},{"damage":28,"enemies":"Sphere and 2 Shapes","floor":37,"turns":5},{"damage":0,"enemies":"Jaw Worm Horde","floor":38,"turns":3},{"damage":65,"enemies":"Reptomancer","floor":41,"turns":5}],"seed_played":"2982161817068689956","potions_obtained":[{"floor":3,"key":"LiquidBronze"},{"floor":12,"key":"SpeedPotion"},{"floor":16,"key":"AttackPotion"},{"floor":36,"key":"Fire Potion"}],"is_trial":false,"path_per_floor":["M","?","M","?","M","R","$","?","T","R","M","M","M","M","R","B",null,"M","M","M","M","M","R","M","R","T","R","?","$","?","M","R","B",null,"M","M","M","M","?","R","E"],"character_chosen":"THE_SILENT","items_purchased":[],"campfire_rested":2,"item_purchase_floors":[],"current_hp_per_floor":[70,70,70,70,70,70,70,70,70,70,68,68,47,40,40,15,70,60,46,46,46,43,43,43,43,43,43,43,43,43,43,64,64,70,67,67,39,39,39,60,0,0],"gold":67,"neow_bonus":"TRANSFORM_CARD","is_daily":false,"chose_seed":false,"campfire_upgraded":6,"win_rate":0.0,"timestamp":1608799678,"path_taken":["M","?","?","?","M","R","?","?","T","R","M","?","M","M","R","BOSS","M","M","?","M","M","R","M","R","T","R","?","?","?","M","R","BOSS","M","M","M","M","?","R","E"],"items_purchased_type":[],"build_version":"2020-12-22","purchased_purges":2,"victory":false,"max_hp_per_floor":[70,70,70,70,70,70,70,70,70,70,70,70,70,70,70,70,70,70,70,70,70,70,70,70,70,70,70,70,70,70,70,70,70,70,70,70,70,70,70,70,70,70],"card_choices":[{"not_picked":["Dagger Throw","Sucker Punch"],"picked":"Flying Knee","floor":1},{"not_picked":["Cloak And Dagger","Riddle With Holes"],"picked":"Catalyst","floor":3},{"not_picked":["Backflip","Cloak And Dagger"],"picked":"Catalyst","floor":5},{"not_picked":["Sucker Punch","Setup","Grand Finale"],"picked":"Bouncing Flask","floor":11},{"not_picked":["Prepared","Acrobatics","Heel Hook"],"picked":"Deadly Poison","floor":12},{"not_picked":["Infinite Blades","Deadly Poison","Backflip"],"picked":"Noxious Fumes","floor":13},{"not_picked":["Backflip","Dagger Throw","Underhanded Strike","Flying Knee"],"picked":"SKIP","floor":14},{"not_picked":["Malaise","Adrenaline","Glass Knife"],"picked":"Corpse Explosion","floor":16},{"not_picked":["Accuracy+1","Dagger Spray","Flying Knee+1","Caltrops+1"],"picked":"SKIP","floor":18},{"not_picked":["Deadly Poison","Sucker Punch+1","Flying Knee"],"picked":"Footwork+1","floor":19},{"not_picked":["Caltrops","Backstab","Deadly Poison"],"picked":"Dodge and Roll","floor":20},{"not_picked":["Dagger Spray","Acrobatics","Deadly Poison","Choke"],"picked":"SKIP","floor":21},{"not_picked":["Flying Knee","Dagger Spray","Accuracy"],"picked":"Backflip+1","floor":22},{"not_picked":["Riddle With Holes","Prepared","Choke"],"picked":"Catalyst+1","floor":24},{"not_picked":["Distraction","Backstab","Flechettes"],"picked":"Noxious Fumes","floor":31},{"not_picked":["Doppelganger","Glass Knife","Envenom"],"picked":"After Image","floor":33},{"not_picked":["Distraction","Blade Dance","Flying Knee+1","Deadly Poison"],"picked":"SKIP","floor":35},{"not_picked":["Terror+1","Eviscerate+1","Riddle With Holes","Acrobatics"],"picked":"SKIP","floor":36},{"not_picked":["Dagger Throw+1","Flechettes","PiercingWail"],"picked":"Catalyst","floor":37},{"not_picked":["Slice+1","Riddle With Holes","PiercingWail+1"],"picked":"Escape Plan+1","floor":38}],"player_experience":276852,"relics_obtained":[{"floor":9,"key":"Question Card"},{"floor":26,"key":"Shuriken"}],"event_choices":[{"damage_healed":0,"gold_gain":0,"player_choice":"Upgraded","damage_taken":0,"max_hp_gain":0,"max_hp_loss":0,"event_name":"Upgrade Shrine","floor":2,"gold_loss":0,"cards_upgraded":["Flying Knee"]},{"damage_healed":0,"gold_gain":0,"player_choice":"Forge","damage_taken":0,"max_hp_gain":0,"max_hp_loss":0,"event_name":"Accursed Blacksmith","floor":4,"gold_loss":0,"cards_upgraded":["Catalyst"]},{"cards_removed":["Strike_G"],"damage_healed":0,"gold_gain":0,"player_choice":"Offered Basic","damage_taken":0,"max_hp_gain":0,"max_hp_loss":0,"event_name":"Bonfire Elementals","floor":8,"gold_loss":0},{"damage_healed":0,"gold_gain":0,"player_choice":"Copied","damage_taken":0,"max_hp_gain":0,"max_hp_loss":0,"event_name":"Duplicator","floor":28,"gold_loss":0,"cards_obtained":["Footwork"]},{"damage_healed":0,"gold_gain":0,"player_choice":"Bet on Murderer","damage_taken":0,"max_hp_gain":0,"max_hp_loss":0,"event_name":"The Joust","floor":30,"gold_loss":50},{"cards_removed":["Neutralize"],"damage_healed":0,"gold_gain":0,"player_choice":"Removed Attack","damage_taken":0,"max_hp_gain":0,"max_hp_loss":0,"event_name":"Falling","floor":39,"gold_loss":0}],"is_beta":false,"boss_relics":[{"not_picked":["WristBlade","SacredBark"],"picked":"Ectoplasm"},{"not_picked":["Busted Crown","Runic Pyramid"],"picked":"Empty Cage"}],"items_purged_floors":[7,29],"is_endless":false,"potions_floor_spawned":[3,12,16,19,22,24,33,36,37],"killed_by":"Reptomancer","ascension_level":0}}