{"host":"dcj2yvrgcvh5dl2s","time":1608790931,"event":{"mods":["BaseMod","Better Note","Block Reminder","Colored Powertips","DeckTracker","Minty Spire (QoL Compilation)","Quick Restart","Rare Cards Sparkle","Relic Stats","StSLib"],"gold_per_floor":[110,4,24,43,118,118,137,165,165,165,165,165,200,220,220,323,323,342,358,283,283,23,23,49,49,128,154,172,172,172,23,23,122,122,136,10,22,39,56,389,389,419,419,437,472,29,79,93,93,93],"floor_reached":51,"playtime":6161,"items_purged":[],"score":1115,"play_id":"414d2148-0a48-4e42-ae33-b0e429100092","local_time":"20201224162211","is_ascension_mode":true,"campfire_choices":[{"data":"Neutralize","floor":6,"key":"SMITH"},{"floor":10,"key":"REST"},{"data":"Distraction","floor":12,"key":"SMITH"},{"floor":15,"key":"REST"},{"floor":23,"key":"REST"},{"data":"Malaise","floor":29,"key":"SMITH"},{"data":"Cloak And Dagger","floor":32,"key":"SMITH"},{"data":"Adrenaline","floor":41,"key":"SMITH"},{"data":"Glass Knife","floor":49,"key":"SMITH"}],"circlet_count":0,"master_deck":["Strike_G","Strike_G","Strike_G","Strike_G","Defend_G","Defend_G","Defend_G","Defend_G","Defend_G","Survivor","Neutralize+1","Slice","Deadly Poison","Cloak And Dagger+1","Blade Dance","Blur","PiercingWail","Deflect","Deflect","Distraction+1","Storm of Steel","Footwork","Crippling Poison","PiercingWail","Malaise+1","Dash","Backstab","Slice","Blade Dance","Footwork+1","Footwork+1","Bouncing Flask","Adrenaline+1","Deflect+1","Blade Dance+1","Glass Knife+1","Slice","Riddle With Holes","Dodge and Roll","Backflip+1","Backflip","Blur","Calculated Gamble+1","Backstab+1","Heel Hook","Dodge and Roll+1","A Thousand Cuts","Acrobatics+1","Glass Knife","Deflect+1"],"relics":["Ring of the Snake","Prayer Wheel","Orichalcum","Snake Skull","White Beast Statue","Sozu","Mummified Hand","FossilizedHelix","Eternal Feather","Bottled Lightning","Pocketwatch","Vajra","Coffee Dripper","Old Coin","Darkstone Periapt","Shovel","Dead Branch","Calipers","Unceasing Top"],"acts_visited":["Exordium","TheCity","TheBeyond"],"potions_floor_usage":[8,8,8,16,33,50,50],"damage_taken":[{"damage":2,"enemies":"Cultist","floor":1,"turns":4},{"damage":0,"enemies":"Small Slimes","floor":3,"turns":3},{"damage":3,"enemies":"Jaw Worm","floor":4,"turns":4},{"damage":11,"enemies":"Large Slime","floor":7,"turns":6},{"damage":21,"enemies":"Lagavulin","floor":8,"turns":10},{"damage":22,"enemies":"3 Sentries","floor":13,"turns":10},{"damage":0,"enemies":"Exordium Wildlife","floor":14,"turns":3},{"damage":18,"enemies":"Hexaghost","floor":16,"turns":12},{"damage":24,"enemies":"Spheric Guardian","floor":18,"turns":8},{"damage":0,"enemies":"Shell Parasite","floor":19,"turns":6},{"damage":9,"enemies":"Book of Stabbing","floor":24,"turns":8},{"damage":0,"enemies":"Slavers","floor":27,"turns":8},{"damage":0,"enemies":"Snecko","floor":28,"turns":8},{"damage":44,"enemies":"Automaton","floor":33,"turns":15},{"damage":0,"enemies":"3 Shapes","floor":35,"turns":5},{"damage":0,"enemies":"3 Darklings","floor":37,"turns":6},{"damage":0,"enemies":"4 Shapes","floor":38,"turns":6},{"damage":18,"enemies":"Jaw Worm Horde","floor":39,"turns":5},{"damage":3,"enemies":"Nemesis","floor":40,"turns":11},{"damage":0,"enemies":"Giant Head","floor":42,"turns":9},{"damage":0,"enemies":"Transient","floor":44,"turns":5},{"damage":0,"enemies":"Nemesis","floor":45,"turns":7},{"damage":0,"enemies":"Mind Bloom Boss Battle","floor":47,"turns":5},{"damage":0,"enemies":"3 Darklings","floor":48,"turns":4},{"damage":0,"enemies":"Donu and Deca","floor":50,"turns":8}],"seed_played":"5006684701390738685","potions_obtained":[{"floor":1,"key":"EntropicBrew"},{"floor":4,"key":"Fire Potion"},{"floor":13,"key":"Swift Potion"},{"floor":16,"key":"LiquidMemories"}],"is_trial":false,"path_per_floor":["M","$","M","M","?","R","M","E","T","R","?","R","E","M","R","B",null,"M","M","?","?","$","R","E","?","T","E","M","R","?","$","R","B",null,"M","$","M","M","M","E","R","E","T","M","E","$","?","M","R","B",null],"character_chosen":"THE_SILENT","items_purchased":["Cloak And Dagger","Blade Dance","Mummified Hand","Vajra","Glass Knife","Slice","Calipers","A Thousand Cuts"],"campfire_rested":3,"item_purchase_floors":[2,2,22,31,36,36,46,46],"current_hp_per_floor":[61,61,61,58,47,47,36,15,15,33,54,54,32,32,50,32,63,39,39,39,39,39,57,48,48,48,48,48,63,63,63,63,19,63,63,63,63,63,45,42,63,63,63,63,63,63,63,63,63,63],"gold":93,"neow_bonus":"ONE_RARE_RELIC","is_daily":false,"chose_seed":false,"campfire_upgraded":6,"win_rate":0.0,"timestamp":1608790931,"path_taken":["M","$","?","?","?","R","M","E","T","R","?","R","E","M","R","BOSS","M","M","?","?","$","R","E","?","T","E","?","R","?","$","R","BOSS","M","$","?","M","M","E","R","E","T","?","E","$","?","M","R","BOSS"],"items_purchased_type":["Card","Card","Relic","Relic","Card","Card","Relic","Card"],"build_version":"2020-12-22","purchased_purges":0,"victory":true,"max_hp_per_floor":[63,63,63,63,63,63,63,63,63,63,63,63,63,63,63,63,63,63,63,63,63,63,63,63,63,63,63,63,63,63,63,63,63,63,63,63,63,63,63,63,63,63,63,63,63,63,63,63,63,63],"relic_stats":{"Darkstone Periapt":0,"counters":[25,176],"Dead Branch":[77],"Eternal Feather":36,"Snake Skull":[93],"Orichalcum":[174],"Sozu":16,"Shovel":0,"Mummified Hand":[53],"Prayer Wheel":14,"obtain_stats":[{"Darkstone Periapt":42,"Calipers":46,"Dead Branch":45,"Vajra":31,"Eternal Feather":26,"Snake Skull":9,"Orichalcum":8,"White Beast Statue":13,"Old Coin":40,"Sozu":17,"Shovel":43,"Mummified Hand":22,"Prayer Wheel":0,"Coffee Dripper":34,"Bottled Lightning":27,"FossilizedHelix":24,"Unceasing Top":47,"Ring of the Snake":0,"Pocketwatch":30},{"Darkstone Periapt":20,"Calipers":22,"Dead Branch":22,"Vajra":13,"Eternal Feather":11,"Snake Skull":5,"Orichalcum":5,"White Beast Statue":6,"Old Coin":19,"Sozu":8,"Shovel":20,"Mummified Hand":10,"Prayer Wheel":0,"Coffee Dripper":14,"Bottled Lightning":12,"FossilizedHelix":11,"Unceasing Top":23,"Ring of the Snake":0,"Pocketwatch":13},{"Darkstone Periapt":147,"Calipers":159,"Dead Branch":159,"Vajra":90,"Eternal Feather":74,"Snake Skull":27,"Orichalcum":27,"White Beast Statue":37,"Old Coin":138,"Sozu":52,"Shovel":147,"Mummified Hand":66,"Prayer Wheel":0,"Coffee Dripper":105,"Bottled Lightning":82,"FossilizedHelix":74,"Unceasing Top":164,"Ring of the Snake":0,"Pocketwatch":90}],"Unceasing Top":[1],"Ring of the Snake":[50],"Pocketwatch":[27]},"card_choices":[{"not_picked":["Reflex","Flying Knee"],"picked":"Slice","floor":1},{"not_picked":["Bane","Well Laid Plans"],"picked":"Deadly Poison","floor":1},{"not_picked":["Masterful Stab","Dagger Spray"],"picked":"Blur","floor":3},{"not_picked":["Slice","Sucker Punch"],"picked":"PiercingWail","floor":3},{"not_picked":["Expertise","Sucker Punch"],"picked":"Deflect","floor":4},{"not_picked":["Sucker Punch","Acrobatics","Masterful Stab"],"picked":"SKIP","floor":4},{"not_picked":["Dagger Throw","Dodge and Roll"],"picked":"Deflect","floor":7},{"not_picked":["Deflect","Eviscerate"],"picked":"Distraction","floor":7},{"not_picked":["Flying Knee","All Out Attack"],"picked":"Storm of Steel","floor":8},{"not_picked":["Sucker Punch","Flying Knee"],"picked":"Footwork","floor":13},{"not_picked":["Blade Dance","Distraction"],"picked":"Crippling Poison","floor":14},{"not_picked":["Tactician","Reflex"],"picked":"PiercingWail","floor":14},{"not_picked":["Phantasmal Killer","A Thousand Cuts"],"picked":"Malaise","floor":16},{"not_picked":["Prepared","Outmaneuver"],"picked":"Dash","floor":18},{"not_picked":["Deflect+1","Poisoned Stab"],"picked":"Backstab","floor":18},{"not_picked":["Venomology","Well Laid Plans"],"picked":"Slice","floor":19},{"not_picked":["Dodge and Roll","Outmaneuver"],"picked":"Blade Dance","floor":19},{"not_picked":["Crippling Poison","Flechettes"],"picked":"Footwork+1","floor":24},{"not_picked":["Reflex","Concentrate+1"],"picked":"Footwork+1","floor":27},{"not_picked":["Caltrops+1","Cloak And Dagger+1"],"picked":"Bouncing Flask","floor":28},{"not_picked":["Flying Knee","Masterful Stab","Poisoned Stab+1"],"picked":"SKIP","floor":28},{"not_picked":["Venomology","Night Terror"],"picked":"Adrenaline","floor":33},{"not_picked":["Dagger Spray+1","Blade Dance+1"],"picked":"Deflect+1","floor":35},{"not_picked":["Bane","Dagger Throw"],"picked":"Blade Dance+1","floor":35},{"not_picked":["Infinite Blades+1","Underhanded Strike+1"],"picked":"Riddle With Holes","floor":37},{"not_picked":["Eviscerate","Expertise","Quick Slash+1"],"picked":"SKIP","floor":37},{"not_picked":["Flying Knee","Outmaneuver+1"],"picked":"Dodge and Roll","floor":38},{"not_picked":["Backstab","Skewer+1"],"picked":"Backflip+1","floor":38},{"not_picked":["Dagger Throw","PiercingWail"],"picked":"Backflip","floor":39},{"not_picked":["Outmaneuver","Acrobatics+1","Flying Knee+1"],"picked":"SKIP","floor":39},{"not_picked":["Finisher","Tactician"],"picked":"Blur","floor":40},{"not_picked":["Tools of the Trade","Eviscerate"],"picked":"Calculated Gamble+1","floor":42},{"not_picked":["Prepared+1","Crippling Poison+1"],"picked":"Backstab+1","floor":44},{"not_picked":["Prepared+1","Bane"],"picked":"Heel Hook","floor":44},{"not_picked":["Bane+1","Underhanded Strike"],"picked":"Dodge and Roll+1","floor":45},{"not_picked":["Predator","Sucker Punch"],"picked":"Acrobatics+1","floor":47},{"not_picked":["Prepared","Dagger Spray+1"],"picked":"Glass Knife","floor":48},{"not_picked":["Leg Sweep","Dagger Spray"],"picked":"Deflect+1","floor":48}],"player_experience":2027431,"relics_obtained":[{"floor":8,"key":"Orichalcum"},{"floor":9,"key":"Snake Skull"},{"floor":13,"key":"White Beast Statue"},{"floor":24,"key":"FossilizedHelix"},{"floor":26,"key":"Eternal Feather"},{"floor":27,"key":"Bottled Lightning"},{"floor":30,"key":"Pocketwatch"},{"floor":40,"key":"Old Coin"},{"floor":42,"key":"Darkstone Periapt"},{"floor":43,"key":"Shovel"},{"floor":45,"key":"Dead Branch"},{"floor":47,"key":"Unceasing Top"}],"event_choices":[{"damage_healed":0,"gold_gain":75,"player_choice":"Gather Gold","damage_taken":11,"max_hp_gain":0,"max_hp_loss":0,"event_name":"World of Goop","floor":5,"gold_loss":0},{"damage_healed":21,"gold_gain":0,"player_choice":"Banana","damage_taken":0,"max_hp_gain":0,"max_hp_loss":0,"event_name":"Big Fish","floor":11,"gold_loss":0},{"cards_removed":["Strike_G"],"damage_healed":0,"gold_gain":0,"player_choice":"Gave Gold","damage_taken":0,"max_hp_gain":0,"max_hp_loss":0,"event_name":"Beggar","floor":20,"gold_loss":75},{"damage_healed":0,"gold_gain":0,"player_choice":"Ignored","damage_taken":0,"max_hp_gain":0,"max_hp_loss":0,"event_name":"Vampires","floor":21,"gold_loss":0},{"damage_healed":0,"gold_gain":0,"player_choice":"Ignored","damage_taken":0,"max_hp_gain":0,"max_hp_loss":0,"event_name":"Ghosts","floor":25,"gold_loss":0},{"damage_healed":0,"gold_gain":0,"player_choice":"Relic","damage_taken":0,"max_hp_gain":0,"max_hp_loss":0,"event_name":"Wheel of Change","floor":30,"gold_loss":0},{"damage_healed":0,"gold_gain":0,"player_choice":"Fight","damage_taken":0,"max_hp_gain":0,"max_hp_loss":0,"event_name":"MindBloom","floor":47,"gold_loss":0}],"is_beta":false,"boss_relics":[{"not_picked":["Astrolabe","Runic Dome"],"picked":"Sozu"},{"not_picked":["Snecko Eye","Empty Cage"],"picked":"Coffee Dripper"}],"items_purged_floors":[],"is_endless":false,"potions_floor_spawned":[1,4,13,14,16,18,19,24,27,28,33,35,37,38,39,40,42,44,45,47,48],"ascension_level":3}}