{"host":"uyp13icwa33nzjib","time":1608832776,"event":{"mods":["AchievementEnabler","BaseMod","BetterRewards","Colored Map","Colored Powertips","Defuse TimeMaze Blight","Infinite Spire","Mimic Mod","Minty Spire (QoL Compilation)","Quick Restart","Relic Stats","Replay The Spire","StSLib","UnlockEverythingMod"],"gold_per_floor":[109,128,138,138,43,76,94,94,94,114,126,143,143,156,156,255,255,255,255],"floor_reached":18,"playtime":385,"items_purged":[],"score":191,"play_id":"407f83a9-9b4a-4236-8f92-b163c59c4495","local_time":"20201224125936","daily_mods":["Red Cards","Green Cards","Blue Cards","Purple Cards","Heirloom","DeadlyEvents","Lethality","Uncertain Future"],"is_ascension_mode":false,"campfire_choices":[{"data":"Double Energy","floor":8,"key":"SMITH"},{"floor":15,"key":"REST"}],"circlet_count":0,"master_deck":["Strike_R","Strike_R","Strike_R","Strike_R","Strike_R","Defend_R","Defend_R","Defend_R","Bash","Blood for Blood","Double Energy+1","Conserve Battery","infinitespire:FutureSight","Twin Strike","Metallicize","FollowUp","Prepared","Leap","Metallicize","Beam Cell","Atom Bomb"],"relics":["Burning Blood","infinitespire:Golems Mask","Ice Cream","Letter Opener","Runic Cube"],"acts_visited":["Exordium","TheCity"],"potions_floor_usage":[16,16,16],"damage_taken":[{"damage":0,"enemies":"Cultist","floor":1,"turns":3},{"damage":13,"enemies":"Small Slimes","floor":2,"turns":3},{"damage":9,"enemies":"2 Louse","floor":3,"turns":3},{"damage":0,"enemies":"Gremlin Nob","floor":6,"turns":2},{"damage":10,"enemies":"Looter","floor":7,"turns":2},{"damage":11,"enemies":"Large Slime","floor":10,"turns":2},{"damage":13,"enemies":"2 Fungi Beasts","floor":11,"turns":3},{"damage":21,"enemies":"Exordium Thugs","floor":12,"turns":3},{"damage":0,"enemies":"Exordium Wildlife","floor":14,"turns":2},{"damage":32,"enemies":"The Guardian","floor":16,"turns":6},{"damage":0,"enemies":"3 Byrds","floor":18,"turns":1}],"seed_played":"-7049079804892717730","potions_obtained":[{"floor":2,"key":"Weak Potion"},{"floor":3,"key":"LiquidBronze"},{"floor":6,"key":"Explosive Potion"},{"floor":16,"key":"Swift Potion"}],"is_trial":true,"path_per_floor":["M","M","M","?","$","E","M","R","T","M","M","M","?","M","R","B",null,"M"],"character_chosen":"IRONCLAD","items_purchased":["Twin Strike","Metallicize"],"campfire_rested":1,"item_purchase_floors":[5,5],"current_hp_per_floor":[80,73,70,50,50,56,52,52,52,47,40,25,25,31,55,29,80,80,80],"gold":255,"neow_bonus":"","is_daily":false,"chose_seed":false,"campfire_upgraded":1,"win_rate":0.0,"timestamp":1608832776,"path_taken":["M","?","M","?","$","E","M","R","T","M","M","M","?","M","R","BOSS","M"],"items_purchased_type":["Card","Card"],"build_version":"2020-12-22","purchased_purges":0,"victory":false,"max_hp_per_floor":[80,80,80,80,80,80,80,80,80,80,80,80,80,80,80,80,80,80,80],"relic_stats":{"counters":[11,30],"Letter Opener":[5],"obtain_stats":[{"Ice Cream":6,"infinitespire:Golems Mask":0,"Letter Opener":9,"Burning Blood":0,"Runic Cube":17},{"Ice Cream":4,"infinitespire:Golems Mask":0,"Letter Opener":5,"Burning Blood":0,"Runic Cube":10},{"Ice Cream":11,"infinitespire:Golems Mask":0,"Letter Opener":13,"Burning Blood":0,"Runic Cube":29}],"Burning Blood":54,"Runic Cube":[0]},"card_choices":[{"not_picked":["Heavy Blade","EmptyMind"],"picked":"Blood for Blood","floor":1},{"not_picked":["Conclude","ReplayTheSpireMod:Strike From Hell"],"picked":"Double Energy","floor":2},{"not_picked":["Prepared","Noxious Fumes"],"picked":"Conserve Battery","floor":3},{"not_picked":["ReplayTheSpireMod:Black Plague","infinitespire:TheBestDefense"],"picked":"infinitespire:FutureSight","floor":4},{"not_picked":["Dodge and Roll","SignatureMove","Life Link"],"picked":"SKIP","floor":6},{"not_picked":["Prostrate","Turbo"],"picked":"FollowUp","floor":7},{"not_picked":["ThirdEye","ClearTheMind"],"picked":"Prepared","floor":10},{"not_picked":["Masterful Stab","Gash"],"picked":"Leap","floor":11},{"not_picked":["Backflip","True Grit"],"picked":"Metallicize","floor":12},{"not_picked":["Prepared","Consume"],"picked":"Beam Cell","floor":14},{"not_picked":["Unload","Thunder Strike"],"picked":"Atom Bomb","floor":16}],"player_experience":313506,"relics_obtained":[{"floor":6,"key":"Ice Cream"},{"floor":9,"key":"Letter Opener"}],"event_choices":[{"cards_removed":["Defend_R"],"damage_healed":0,"gold_gain":0,"player_choice":"Card Removal","damage_taken":0,"max_hp_gain":0,"max_hp_loss":0,"event_name":"Wheel of Change","floor":13,"gold_loss":0}],"is_beta":false,"boss_relics":[{"not_picked":["Ectoplasm","Snecko Eye"],"picked":"Runic Cube"}],"items_purged_floors":[],"is_endless":false,"potions_floor_spawned":[2,3,6,11,12,16],"killed_by":"3 Byrds","ascension_level":0}}