{"host":"kos1s9q8ffr8fqos","time":1608777596,"event":{"mods":["2.2 Compatiblity","AchievementEnabler","AlwaysNeverKeys","BaseMod","Bestiary","Better Altar","Better Match","Better Note","Better Sensory Stone","Better Skull","Better Third Choice","Better Vampires","Colored Map","Colored Powertips","Curses Come First","Downfall","Hermit","Infinite Spire","Jorbs\u0027s Wanderer Trilogy","Minty Spire (QoL Compilation)","Quick Restart","Random Character Button","Relic Stats","Replay The Spire","StSLib","The Blue Laboratory","The Disciple","The Hierophant"],"gold_per_floor":[99,99,99,60,60,60,86,86,24,24,24,38,49,64,80,178,178,178,189,205,224,224,224,224,324,324,343,363,375,300,318,318,417,517,517,531,531,531,542,102,127,137,467,494,344,355,372,383,397,397,397,424,424,424,424],"floor_reached":56,"playtime":4972,"items_purged":["Guardian:Strike_Guardian","Guardian:Aged"],"score":1323,"play_id":"56dc1f2d-13c9-4e9e-8f46-bef5ef4c47f9","local_time":"20201223203956","is_ascension_mode":false,"campfire_choices":[{"floor":1.0,"key":"DIG"},{"data":"Guardian:CurlUp","floor":8.0,"key":"SMITH"},{"data":"Guardian:RollAttack","floor":10.0,"key":"SMITH"},{"floor":26.0,"key":"RECALL"},{"data":"Pot Of Greed","floor":30.0,"key":"SMITH"},{"floor":45,"key":"REST"},{"floor":54,"key":"REST"}],"circlet_count":0,"master_deck":["Guardian:Strike_Guardian","Guardian:Defend_Guardian","Guardian:Defend_Guardian","Guardian:Defend_Guardian","Guardian:CurlUp+1","Guardian:TwinSlam","Guardian:HyperBeam_Guardian","Guardian:VentSteam+1","Guardian:RollAttack+1","Guardian:Incinerate","Replay:GuardianCast","Guardian:Preprogram","Guardian:PrismaticBarrier","Guardian:Harden","Guardian:RevengeProtocol","Guardian:ExploitGems","Guardian:SentryBeam+1","Guardian:SphericShield+1","Guardian:GuardianWhirl+1","Guardian:ArmoredProtocol","Guardian:Clone","Pot Of Greed+1","Pot Of Greed","Pot Of Greed","Guardian:Harden","Guardian:FloatingOrbs","Guardian:Emergency+1","Guardian:RevengeProtocol","Guardian:Preprogram+1","Guardian:TimeSifter","Guardian:ConstructionForm","Replay:SS_forest_6","infinitespire:FutureSight","Pot Of Greed","Guardian:ChargeCore+1","Guardian:SpikerProtocol","Guardian:DonusPower","Guardian:BronzeArmor+1","Guardian:Harden+1","infinitespire:DeathsTouch","Guardian:TimeBomb","Guardian:DonusPower+1","Guardian:ChargeUp+1","Guardian:TimeCapacitor","Pot Of Greed","Guardian:DecasProtection"],"relics":["downfall:HeartsMalice","Guardian:PickAxe","Lantern","Cracked Core","Astrolabe","Grinning Jar","Letter Opener","Potion Belt","downfall:HeartBlessingRed","Replay:Wanted Poster","Guardian:StasisEgg","ReplayTheSpireMod:TigerMarble","infinitespire:Lucky Rock","downfall:HeartBlessingBlue","downfall:HeartBlessingGreen","Centennial Puzzle"],"acts_visited":["Exordium","TheCity","TheBeyond","TheEnding"],"potions_floor_usage":[44,44,44,44,49,50,50,52,55],"damage_taken":[{"damage":0.0,"enemies":"Cultist","floor":2.0,"turns":1.0},{"damage":0.0,"enemies":"downfall:FleeingMerchant","floor":4.0,"turns":1.0},{"damage":0.0,"enemies":"Jaw Worm","floor":5.0,"turns":1.0},{"damage":8.0,"enemies":"downfall:FleeingMerchant","floor":9.0,"turns":4.0},{"damage":0.0,"enemies":"2 Louse","floor":12.0,"turns":1.0},{"damage":12.0,"enemies":"Large Slime","floor":13.0,"turns":5.0},{"damage":0.0,"enemies":"3 Louse","floor":14.0,"turns":2.0},{"damage":12.0,"enemies":"Blue Slaver","floor":15.0,"turns":3.0},{"damage":16.0,"enemies":"downfall:Watcher","floor":16.0,"turns":7.0},{"damage":0.0,"enemies":"Chosen","floor":19.0,"turns":5.0},{"damage":0.0,"enemies":"Snake Plant","floor":20.0,"turns":4.0},{"damage":8.0,"enemies":"Sentry and Sphere","floor":21.0,"turns":4.0},{"damage":0.0,"enemies":"downfall:LadyInBlue","floor":25.0,"turns":8.0},{"damage":0.0,"enemies":"Chosen and Byrds","floor":27.0,"turns":4.0},{"damage":3.0,"enemies":"Snecko","floor":28.0,"turns":4.0},{"damage":0.0,"enemies":"Centurion and Healer","floor":29.0,"turns":2.0},{"damage":0.0,"enemies":"Shelled Parasite and Fungi","floor":31.0,"turns":3.0},{"damage":0.0,"enemies":"Sentry and Sphere","floor":32.0,"turns":1.0},{"damage":25.0,"enemies":"downfall:Silent","floor":33.0,"turns":6.0},{"damage":38.0,"enemies":"3 Darklings","floor":36.0,"turns":6.0},{"damage":0.0,"enemies":"Orb Walker","floor":39.0,"turns":5.0},{"damage":0.0,"enemies":"downfall:FleeingMerchant","floor":40.0,"turns":4.0},{"damage":12,"enemies":"Jaw Worm Horde","floor":42,"turns":3},{"damage":0,"enemies":"downfall:FleeingMerchant","floor":43,"turns":3},{"damage":0,"enemies":"Nightmare","floor":44,"turns":6},{"damage":0,"enemies":"4 Shapes","floor":46,"turns":4},{"damage":0,"enemies":"Transient","floor":47,"turns":5},{"damage":0,"enemies":"Writhing Mass","floor":48,"turns":4},{"damage":3,"enemies":"4 Shapes","floor":49,"turns":3},{"damage":0,"enemies":"downfall:Ironclad","floor":50,"turns":4},{"damage":65,"enemies":"downfall:CharBossMerchant","floor":52,"turns":9},{"damage":0,"enemies":"downfall:NeowBoss","floor":55,"turns":19}],"seed_played":"-3324080819833523142","potions_obtained":[{"floor":12.0,"key":"blueLaboratory:Moonshine"},{"floor":13.0,"key":"hexamod:EctoCoolerPotion"},{"floor":15.0,"key":"blueLaboratory:CorrosionFlask"},{"floor":19.0,"key":"Ancient Potion"},{"floor":25.0,"key":"blueLaboratory:RecallPotion"},{"floor":25.0,"key":"blueLaboratory:StoneskinPotion"},{"floor":27.0,"key":"SmokeBomb"},{"floor":31.0,"key":"SpeedPotion"},{"floor":33.0,"key":"Adrenaline Potion"},{"floor":46,"key":"blueLaboratory:BottledHope"},{"floor":47,"key":"blueLaboratory:BubblePotion"},{"floor":48,"key":"SneckoOil"},{"floor":49,"key":"blueLaboratory:LouseDecoction"}],"is_trial":false,"path_per_floor":["R_BF","M","?","$","M","R","T","R","$","R","?","M","M","M","M","B",null,"R","M","M","M","?","AVR","T","?","R","M","M","M","R","M","M","B",null,"R_BF","M","?","?","M","$","T","M","$","NM","R","M","M","M","M","B",null,"E","$","R","B",null],"character_chosen":"GUARDIAN","items_purchased":["Guardian:VentSteam+1","Guardian:Incinerate","Guardian:SpikerProtocol","ReplayTheSpireMod:TigerMarble","Guardian:DonusPower","AttackPotion"],"campfire_rested":2,"item_purchase_floors":[4,9,40,40,40,40],"current_hp_per_floor":[80,80,68,68,68,68,68,68,60,60,60,60,48,48,36,20,80,80,80,80,72,72,72,72,72,72,72,69,69,69,69,69,44,80,80,50,30,30,38,46,46,34,34,42,79,79,87,87,84,84,90,25,25,52,52],"gold":424,"neow_bonus":"THREE_ENEMY_KILL","is_daily":false,"chose_seed":false,"campfire_upgraded":3,"win_rate":0.0,"timestamp":1608777596,"path_taken":["R_BF","M","?","$","M","R","T","R","$","R","?","M","M","M","M","BOSS","R","M","M","M","?","AVR","T","?","R","M","M","M","R","M","M","BOSS","R_BF","M","?","?","?","$","T","M","?","NM","R","M","M","M","M","BOSS","E","$","R","BOSS"],"items_purchased_type":["Card","Card","Card","Relic","Card","Potion"],"build_version":"2020-12-22","purchased_purges":2,"victory":true,"max_hp_per_floor":[80,80,80,80,80,80,80,80,80,80,80,80,80,80,80,80,80,80,80,80,80,80,80,80,80,80,80,80,80,80,80,80,80,80,80,80,80,80,80,80,80,80,80,80,90,90,90,90,90,90,90,90,90,90,90],"relic_stats":{"Centennial Puzzle":[0],"counters":[32,138],"Astrolabe":["Guardian:SentryBeam","Guardian:SphericShield","Guardian:GuardianWhirl"],"Letter Opener":[544],"obtain_stats":[{"Potion Belt":25,"Lantern":7,"downfall:HeartBlessingRed":30,"Guardian:StasisEgg":38,"Astrolabe":17,"Guardian:ModeShifter":0,"downfall:HeartsMalice":0,"downfall:HeartBlessingGreen":45,"Letter Opener":24,"infinitespire:Lucky Rock":44,"Guardian:PickAxe":3,"Replay:Wanted Poster":34,"Centennial Puzzle":52,"ReplayTheSpireMod:Shallot":1,"downfall:HeartBlessingBlue":45,"ReplayTheSpireMod:TigerMarble":40,"Grinning Jar":23,"Cracked Core":11},{"Potion Belt":13,"Lantern":3,"downfall:HeartBlessingRed":16,"Guardian:StasisEgg":20,"Astrolabe":9,"Guardian:ModeShifter":0,"downfall:HeartsMalice":0,"downfall:HeartBlessingGreen":25,"Letter Opener":12,"infinitespire:Lucky Rock":25,"Guardian:PickAxe":1,"Replay:Wanted Poster":19,"Centennial Puzzle":31,"ReplayTheSpireMod:Shallot":0,"downfall:HeartBlessingBlue":25,"ReplayTheSpireMod:TigerMarble":22,"Grinning Jar":12,"Cracked Core":4},{"Potion Belt":43,"Lantern":0,"downfall:HeartBlessingRed":53,"Guardian:StasisEgg":69,"Astrolabe":22,"Guardian:ModeShifter":0,"downfall:HeartsMalice":0,"downfall:HeartBlessingGreen":90,"Letter Opener":35,"infinitespire:Lucky Rock":90,"Guardian:PickAxe":0,"Replay:Wanted Poster":63,"Centennial Puzzle":119,"ReplayTheSpireMod:Shallot":0,"downfall:HeartBlessingBlue":90,"ReplayTheSpireMod:TigerMarble":78,"Grinning Jar":35,"Cracked Core":4}]},"card_choices":[{"not_picked":["Guardian:CrystalBeam","Guardian:Suspension"],"picked":"Guardian:Gem_Purple","floor":2.0},{"not_picked":["Guardian:Incinerate","Guardian:PiercingHide"],"picked":"Guardian:HyperBeam_Guardian","floor":4.0},{"not_picked":["Guardian:RefractedBeam","Guardian:WalkerClaw"],"picked":"Guardian:RollAttack","floor":5.0},{"not_picked":["Guardian:CrystalBeam","Guardian:WalkerClaw"],"picked":"Guardian:Gem_Crimson","floor":9.0},{"not_picked":["Guardian:ShieldCharger","Guardian:WalkerClaw"],"picked":"Guardian:Preprogram","floor":12.0},{"not_picked":["Guardian:Planning","Guardian:Gem_Purple"],"picked":"Guardian:PrismaticBarrier","floor":13.0},{"not_picked":["Guardian:CrystalBeam","Guardian:PrimingBeam"],"picked":"Guardian:Harden","floor":14.0},{"not_picked":["Guardian:PolyBeam","Guardian:Gem_Crimson"],"picked":"Guardian:RevengeProtocol","floor":15.0},{"not_picked":["Guardian:ConstructionForm","Guardian:Gem_Orange"],"picked":"Guardian:ExploitGems","floor":16.0},{"not_picked":["Guardian:RollAttack","Guardian:Gem_Purple"],"picked":"Guardian:Gem_Fragmented","floor":19.0},{"not_picked":["Guardian:Reroute","Guardian:Gem_Red"],"picked":"Guardian:ArmoredProtocol","floor":20.0},{"not_picked":["Guardian:PolyBeam","Guardian:Preprogram+1"],"picked":"Guardian:Clone","floor":21.0},{"not_picked":["Guardian:Gem_Red","Guardian:ArmoredProtocol"],"picked":"Guardian:Harden","floor":25.0},{"not_picked":["Guardian:TemporalStrike+1","Guardian:GuardianWhirl"],"picked":"Guardian:FloatingOrbs","floor":27.0},{"not_picked":["Guardian:Reroute","Guardian:Recover"],"picked":"Guardian:Emergency+1","floor":28.0},{"not_picked":["Guardian:Gem_Green","Guardian:ShieldCharger"],"picked":"Guardian:RevengeProtocol","floor":29.0},{"not_picked":["Guardian:Incinerate","Guardian:ChargeCore"],"picked":"Guardian:Preprogram+1","floor":31.0},{"not_picked":["Guardian:FastForward","Guardian:HyperBeam_Guardian"],"picked":"Guardian:TimeSifter","floor":33.0},{"not_picked":["Guardian:SentryBeam+1","Guardian:Recover","Guardian:RollAttack"],"picked":"SKIP","floor":36.0},{"not_picked":["infinitespire:NeuralNetwork","infinitespire:UltimateForm"],"picked":"infinitespire:FutureSight","floor":37.0},{"not_picked":["Guardian:GuardianWhirl","Guardian:TemporalStrike+1"],"picked":"Guardian:ChargeCore+1","floor":39.0},{"not_picked":["Guardian:PrimingBeam+1","Guardian:RollAttack"],"picked":"Guardian:Gem_Cyan","floor":40.0},{"not_picked":["Guardian:ChargeCore+1","Guardian:PrismaticBarrier+1"],"picked":"Guardian:Gem_Cyan","floor":42},{"not_picked":["Guardian:TemporalStrike+1","Guardian:RevengeProtocol"],"picked":"Guardian:BronzeArmor+1","floor":43},{"not_picked":["Guardian:EvasiveProtocol+1","Guardian:Recover"],"picked":"Guardian:Harden+1","floor":44},{"not_picked":["infinitespire:Starlight","infinitespire:Gouge"],"picked":"infinitespire:DeathsTouch","floor":44},{"not_picked":["Guardian:PolyBeam","Guardian:Recover"],"picked":"Guardian:TimeBomb","floor":46},{"not_picked":["Guardian:MultiBeam+1","Guardian:PrimingBeam"],"picked":"Guardian:DonusPower+1","floor":47},{"not_picked":["Guardian:SentryBeam+1","Guardian:Planning"],"picked":"Guardian:ChargeUp+1","floor":48},{"not_picked":["Guardian:Incinerate","Guardian:ChargeCore+1"],"picked":"Guardian:TimeCapacitor","floor":49},{"not_picked":["Guardian:Incinerate+1","Guardian:SpikerProtocol"],"picked":"Guardian:DecasProtection","floor":52}],"player_experience":1265355,"relics_obtained":[{"floor":1.0,"key":"ReplayTheSpireMod:Shallot"},{"floor":7.0,"key":"Lantern"},{"floor":24.0,"key":"Letter Opener"},{"floor":25.0,"key":"Potion Belt"},{"floor":44,"key":"infinitespire:Lucky Rock"},{"floor":52,"key":"Centennial Puzzle"}],"event_choices":[],"is_beta":false,"boss_relics":[{"not_picked":["Ring of Chaos","infinitespire:Cupcake"],"picked":"Astrolabe"},{"not_picked":["ChewingGum","Empty Cage"],"picked":"Replay:Wanted Poster"}],"items_purged_floors":[23,40],"is_endless":false,"potions_floor_spawned":[12,13,15,19,27,31,33,42,46,47,48,49],"ascension_level":0}}