{"host":"CarrotHands","time":1608785750,"event":{"mods":["BaseMod","Minty Spire (QoL Compilation)","Relic Stats","StSLib"],"gold_per_floor":[115,115,115,115,14,47,47,76,102,112,126,137,169,181,181,256,256,274,70,83,97,112,112,112],"floor_reached":23,"playtime":1420,"items_purged":["Strike_B"],"score":526,"play_id":"da8a32de-f9b3-4de0-b04a-90caf4a7ae8c","local_time":"20201223205550","is_ascension_mode":true,"campfire_choices":[{"data":"Zap","floor":7,"key":"SMITH"},{"data":"Consume","floor":15,"key":"SMITH"}],"circlet_count":0,"master_deck":["AscendersBane","Strike_B","Strike_B","Strike_B","Defend_B","Defend_B","Defend_B","Defend_B","Zap+1","Dualcast","FTL","Reinforced Body","Ball Lightning","Fission","Consume+1","Go for the Eyes","FTL","Cold Snap","Static Discharge+1","Biased Cognition+1","Capacitor+1","Chill","Reinforced Body+1","Defragment+1","Leap+1"],"relics":["Cracked Core","NeowsBlessing","Du-Vu Doll","Ancient Tea Set","Omamori","Dream Catcher","Frozen Egg 2","SlaversCollar"],"acts_visited":["Exordium","TheCity"],"potions_floor_usage":[16,18,23],"damage_taken":[{"damage":0,"enemies":"2 Louse","floor":1,"turns":1},{"damage":0,"enemies":"3 Sentries","floor":6,"turns":1},{"damage":0,"enemies":"Lagavulin","floor":8,"turns":1},{"damage":2,"enemies":"Jaw Worm","floor":10,"turns":2},{"damage":0,"enemies":"Small Slimes","floor":11,"turns":3},{"damage":1,"enemies":"Looter","floor":12,"turns":3},{"damage":36,"enemies":"Gremlin Nob","floor":13,"turns":4},{"damage":9,"enemies":"Exordium Wildlife","floor":14,"turns":3},{"damage":8,"enemies":"Hexaghost","floor":16,"turns":7},{"damage":16,"enemies":"Shell Parasite","floor":18,"turns":4},{"damage":8,"enemies":"3 Byrds","floor":20,"turns":6},{"damage":20,"enemies":"Shelled Parasite and Fungi","floor":21,"turns":4},{"damage":4,"enemies":"Centurion and Healer","floor":22,"turns":7},{"damage":11,"enemies":"Slavers","floor":23,"turns":4}],"seed_played":"4245386588121218440","potions_obtained":[{"floor":1,"key":"EssenceOfSteel"},{"floor":6,"key":"Explosive Potion"},{"floor":13,"key":"GamblersBrew"},{"floor":22,"key":"Swift Potion"}],"is_trial":false,"path_per_floor":["M","$","?","?","$","E","R","E","T","M","M","M","E","M","R","B",null,"M","$","M","M","M","E"],"character_chosen":"DEFECT","items_purchased":["Reinforced Body","Ball Lightning","Capacitor+1","Chill"],"campfire_rested":0,"item_purchase_floors":[5,5,19,19],"current_hp_per_floor":[64,64,64,57,57,57,57,57,57,55,55,54,18,9,9,1,54,38,38,30,10,6,0,0],"gold":112,"neow_bonus":"THREE_ENEMY_KILL","is_daily":false,"chose_seed":false,"campfire_upgraded":2,"win_rate":0.0,"timestamp":1608785750,"path_taken":["M","$","?","?","$","E","R","E","T","M","M","M","E","M","R","BOSS","M","$","M","M","M","E"],"items_purchased_type":["Card","Card","Card","Card"],"build_version":"2020-12-18","purchased_purges":1,"victory":false,"max_hp_per_floor":[71,71,71,71,71,71,71,71,71,71,71,71,71,71,71,71,71,71,71,71,71,71,71,71],"relic_stats":{"Dream Catcher":0,"counters":[14,50],"obtain_stats":[{"Du-Vu Doll":3,"SlaversCollar":17,"Dream Catcher":9,"NeowsBlessing":0,"Omamori":8,"Frozen Egg 2":13,"Cracked Core":0,"Ancient Tea Set":6},{"Du-Vu Doll":1,"SlaversCollar":9,"Dream Catcher":3,"NeowsBlessing":0,"Omamori":3,"Frozen Egg 2":7,"Cracked Core":0,"Ancient Tea Set":2},{"Du-Vu Doll":1,"SlaversCollar":25,"Dream Catcher":3,"NeowsBlessing":0,"Omamori":3,"Frozen Egg 2":15,"Cracked Core":0,"Ancient Tea Set":2}]},"card_choices":[{"not_picked":["Recycle","Steam"],"picked":"FTL","floor":1},{"not_picked":["Self Repair","Storm","Redo"],"picked":"SKIP","floor":6},{"not_picked":["Rebound","BootSequence"],"picked":"Fission","floor":8},{"not_picked":["Redo","Barrage"],"picked":"Consume","floor":10},{"not_picked":["Compile Driver","Force Field"],"picked":"Go for the Eyes","floor":11},{"not_picked":["Rebound","Leap"],"picked":"FTL","floor":12},{"not_picked":["Multi-Cast","Machine Learning+1"],"picked":"Cold Snap","floor":13},{"not_picked":["Conserve Battery","Storm+1"],"picked":"Static Discharge+1","floor":14},{"not_picked":["Fission","Reboot"],"picked":"Biased Cognition+1","floor":16},{"not_picked":["Beam Cell","Fusion+1","Gash"],"picked":"SKIP","floor":18},{"not_picked":["Rip and Tear","Ball Lightning"],"picked":"Reinforced Body+1","floor":20},{"not_picked":["Go for the Eyes","Barrage"],"picked":"Defragment+1","floor":21},{"not_picked":["Double Energy","White Noise+1"],"picked":"Leap+1","floor":22}],"player_experience":3008516,"relics_obtained":[{"floor":6,"key":"Ancient Tea Set"},{"floor":8,"key":"Omamori"},{"floor":9,"key":"Dream Catcher"},{"floor":13,"key":"Frozen Egg 2"}],"event_choices":[{"damage_healed":0,"gold_gain":0,"player_choice":"Box","damage_taken":0,"relics_obtained":["Du-Vu Doll"],"max_hp_gain":0,"max_hp_loss":0,"event_name":"Big Fish","floor":3,"gold_loss":0,"cards_obtained":["Regret"]},{"cards_removed":["Regret"],"damage_healed":0,"gold_gain":0,"player_choice":"Card Removal","damage_taken":7,"max_hp_gain":0,"max_hp_loss":0,"event_name":"Golden Wing","floor":4,"gold_loss":0}],"is_beta":true,"boss_relics":[{"not_picked":["Sozu","Velvet Choker"],"picked":"SlaversCollar"}],"items_purged_floors":[19],"is_endless":false,"potions_floor_spawned":[1,6,13,14,22],"killed_by":"Slavers","ascension_level":20}}