{"host":"wonp23fsqqcu31ie","time":1608787466,"event":{"mods":["2.2 Compatiblity","AchievementEnabler","Aspiration","BaseMod","Bestiary","Better Altar","Better Match","Better Sensory Stone","Better Skull","Better Third Choice","BetterRewards","Block Reminder","Colored Map","Colored Powertips","Conspire","DeckTracker","Displayed Cursed Tome","Downfall","Hermit","Highlight Path","Hubris","Minty Spire (QoL Compilation)","Permanent Neow","Quick Restart","Rare Cards Sparkle","Relic Stats","Replay The Spire","Shade Mod","Shop Mod","StSLib","SuperFastMode","The Animator","The Cursed","The Dragon Tamer","The Gatherer","The Necromancer","The Runesmith","The Servant 0.9.4"],"gold_per_floor":[121,121,134,134,36,82,115,115,191,216,249,312,312,331,331,331,331],"floor_reached":16,"playtime":448,"items_purged":["Amnesia"],"score":110,"play_id":"f7102643-9b4a-4110-9a0d-ffd63e24a771","local_time":"20201224162426","is_ascension_mode":false,"campfire_choices":[{"floor":8,"key":"RECALL"},{"floor":15,"key":"REST"}],"circlet_count":0,"master_deck":["animator:Strike_OnePunchMan","animator:Defend_OnePunchMan","animator:Strike","animator:Strike","animator:Strike","animator:Defend","animator:Defend","animator:Defend","animator:Genos","animator:MumenRider+1","animator:Shichika","animator:UneriGinkaku","animator:MumenRider","animator:SilverFang","animator:Nanami","animator:RoryMercury","animator:Togame","ReplayTheSpireMod:Splinters","animator:Tyuule","animator:Darkness","animator:Chris"],"relics":["animator:LivingPicture","animator:TheMissingPiece","Golden Idol","Dream Catcher","Replay:Mystery Machine","animator:ShionDessert","hubris:Towel"],"acts_visited":["Exordium"],"potions_floor_usage":[6,11,11,16,16,16],"damage_taken":[{"damage":2,"enemies":"Jaw Worm","floor":1,"turns":3},{"damage":0,"enemies":"Small Slimes","floor":3,"turns":2},{"damage":23,"enemies":"3 Sentries","floor":6,"turns":6},{"damage":0,"enemies":"Cultist","floor":7,"turns":3},{"damage":5,"enemies":"conspire:2 RoseBushes","floor":10,"turns":5},{"damage":19,"enemies":"Lagavulin","floor":11,"turns":6},{"damage":2,"enemies":"Looter","floor":14,"turns":3},{"damage":33,"enemies":"Fading Forest","floor":16,"turns":9}],"seed_played":"-445049352720430229","potions_obtained":[{"floor":3,"key":"Adrenaline Potion"},{"floor":6,"key":"Energy Potion"},{"floor":10,"key":"sneckomod:MuddlingPotion"},{"floor":12,"key":"Fire Potion"},{"floor":12,"key":"sneckomod:MuddlingPotion"},{"floor":14,"key":"SteroidPotion"}],"is_trial":false,"path_per_floor":["M","?","M","?","$","E","M","R","T","M","E","?","?","M","R","B"],"character_chosen":"THE_ANIMATOR","items_purchased":["animator:MumenRider"],"campfire_rested":1,"item_purchase_floors":[5],"current_hp_per_floor":[64,48,49,49,49,26,26,26,26,21,3,4,4,2,22,0,0],"gold":331,"neow_bonus":"RANDOM_EVENT","is_daily":false,"chose_seed":false,"campfire_upgraded":0,"win_rate":0.0,"timestamp":1608787466,"path_taken":["M","?","M","?","?","E","?","R","T","M","E","?","?","M","R","BOSS"],"items_purchased_type":["Card"],"build_version":"2020-12-22","purchased_purges":1,"victory":false,"max_hp_per_floor":[66,66,67,67,67,67,67,67,67,67,68,69,69,69,69,69,69],"relic_stats":{"Dream Catcher":1,"counters":[13,63],"Golden Idol":103,"obtain_stats":[{"Dream Catcher":6,"animator:ShionDessert":12,"aspiration:Nostalgia":0,"Golden Idol":2,"animator:TheMissingPiece":0,"animator:LivingPicture":0,"Slimebound:AbsorbEndCombat":0,"Replay:Mystery Machine":11,"hubris:Towel":13},{"Dream Catcher":8,"animator:ShionDessert":11,"aspiration:Nostalgia":0,"Golden Idol":6,"animator:TheMissingPiece":0,"animator:LivingPicture":0,"Slimebound:AbsorbEndCombat":0,"Replay:Mystery Machine":11,"hubris:Towel":11},{"Dream Catcher":37,"animator:ShionDessert":51,"aspiration:Nostalgia":0,"Golden Idol":29,"animator:TheMissingPiece":0,"animator:LivingPicture":0,"Slimebound:AbsorbEndCombat":0,"Replay:Mystery Machine":51,"hubris:Towel":51}]},"card_choices":[{"not_picked":["animator:Emonzaemon","animator:Sloth"],"picked":"animator:Shichika","floor":1},{"not_picked":["animator:LeleiLaLalena","animator:Scar"],"picked":"animator:UneriGinkaku","floor":3},{"not_picked":["animator:Kuribayashi","animator:Greed"],"picked":"animator:SilverFang","floor":6},{"not_picked":["animator:TsurugaMeisai","animator:Azekura"],"picked":"animator:Nanami","floor":7},{"not_picked":["animator:MaesHughes","animator:Shion"],"picked":"animator:RoryMercury","floor":10},{"not_picked":["animator:Pride","animator:Hakurou"],"picked":"animator:Togame","floor":11},{"not_picked":["animator:ElricEdward","animator:MaesHughes"],"picked":"animator:Tyuule","floor":12},{"not_picked":["animator:SakuraMatou","animator:ShinjiMatou"],"picked":"animator:Darkness","floor":14},{"not_picked":["animator:YunYun","animator:Caster"],"picked":"animator:Chris","floor":15}],"player_experience":390432,"relics_obtained":[{"floor":6,"key":"Dream Catcher"},{"floor":11,"key":"Replay:Mystery Machine"},{"floor":12,"key":"animator:ShionDessert"}],"event_choices":[{"damage_healed":0,"gold_gain":0,"player_choice":"Grow","damage_taken":0,"max_hp_gain":0,"max_hp_loss":0,"event_name":"Living Wall","floor":0,"gold_loss":0,"cards_upgraded":["animator:MumenRider"]},{"damage_healed":0,"gold_gain":0,"player_choice":"Take Damage","damage_taken":16,"relics_obtained":["Golden Idol"],"max_hp_gain":0,"max_hp_loss":0,"event_name":"Golden Idol","floor":2,"gold_loss":0}],"is_beta":false,"boss_relics":[],"items_purged_floors":[5],"is_endless":false,"potions_floor_spawned":[3,6,10,14],"killed_by":"Fading Forest","ascension_level":0}}