{"host":"avq773cl9g5msfol","time":1608808567,"event":{"mods":["AchievementEnabler","Act Like it!","Ascension Unlocker","Aspiration","Astrologer","Bard","Bartender","BaseMod","Better Altar","Better Match","Better Note","Better Sensory Stone","Better Skull","Better Third Choice","BetterRewards","CapriCore","Colored Map","Colored Powertips","Conspire","Dio Mod","Downfall","Elementarium","Energized Spire","Gensokyo","GifTheSpireLib","GungeonMod","Hallownest","Hermit","Highlight Path","Hubris","Humility","Infinite Spire","Jorbs\u0027s Wanderer Trilogy","Koishi","Magitek Elite","Marisa????????","Marked Mod","Menagerie","Minty Spire (QoL Compilation)","Pale of the Ancients","Potionbrewer","Quarter Circle Forward PUNCH!","Rare Cards Sparkle","Reimu??????","Relic Stats","Remilia??????","Replay The Spire","SacredBarkPlus","Somnambulant","Spicy Shops","StSLib","Synergy Search","The Blue Laboratory","The Bug Knight","The Construct","The Cursed","The Exalted","The Hayseed","The Hierophant","The Immortal","The Judge","The Marked","The Mystic","The Problem Sleuth","The Runesmith","The Senshi","The Vixen","The Wild Card","TheArtist","TheFirefly","TheVacant","Wandering Minibosses","vexMod"],"gold_per_floor":[118,136,136,136,413,438,438,472,497,532,552,552,585,251,251,330,330,350,228,103,103,123,123,123,156,180,200,233,233,233,233,233,312,312,324,341,341,216,216,245,245,256,330,330,330,355,191,191,191,191,191],"floor_reached":52,"playtime":4156,"items_purged":["theMarked:DeterminationOfTheMarked+1"],"score":3186,"play_id":"92e1e35a-d204-40e2-bf30-d92eeef1dc7f","local_time":"20201224181607","is_ascension_mode":true,"campfire_choices":[{"data":"theMarked:TwofoldDefense","floor":15,"key":"SMITH"},{"data":"infinitespire:SevenWalls","floor":23,"key":"SMITH"},{"data":"Backstab","floor":30,"key":"SMITH"},{"data":"theMarked:EnhancedHearing","floor":32,"key":"SMITH"},{"data":"ReplayTheSpireMod:Exploit Weakness","floor":41,"key":"SMITH"},{"data":"theMarked:ChainLightning","floor":45,"key":"SMITH"},{"floor":49,"key":"REST"}],"circlet_count":0,"master_deck":["AscendersBane","theMarked:SoldierOfQuellstein+1","theMarked:ChainLightning+1","theMarked:Convert+1","theMarked:Snap+1","theMarked:DeterminationOfTheMarked+1","theMarked:UnarmedFury+1","theMarked:HeightenedSenses+1","theMarked:StartUp+1","theMarked:WardOff+1","theMarked:BanishingStrike+1","theMarked:MaelstromOfLightning+1","theMarked:SelfDefenseTraining+1","expansioncontent:Corrupt+1","theMarked:SwordAndMagic+1","theMarked:Challenge+1","Backstab+1","ReplayTheSpireMod:Exploit Weakness+1","Underhanded Strike+1","theMarked:Parkour+1","theMarked:TwofoldDefense+1","theMarked:MuscleMemory+1","theMarked:SummonStrength+1","theMarked:ChainLightning+1","theMarked:Challenge+1","theMarked:EnhancedHearing+1","Finesse+1","theMarked:EternalStudent+1","infinitespire:SevenWalls+1","theMarked:Reabsorb+1","theMarked:MuscleMemory+1","theMarked:TakeOffHeels+1","theMarked:Indomitable+1","Madness+1","theMarked:DispelDoubt+1"],"relics":["theMarked:ArtifactOfAir","Golden Egg","Quantum Egg","DemoMod:SevenLeafClover","hubris:EmptyBottle","Lee\u0027s Waffle","Turnip","Juzu Bracelet","theMarked:Winder","RuthlessExorcism:ReiMu","qcfpunch:Wrestler\u0027s_Cloak","Calipers","potionbrewer:AlchemistFlask","OrangePellets","DemoMod:GlassGuonStoneRelic","Power_Wrist","Orichalcum","conspire:Boomerang","qcfpunch:Black_Training_Shirt","hubris:Towel","infinitespire:EmpoweringShard","Thread and Needle","aspiration:MobileForge","Elementarium:HuntersElixir","aspiration:Lifesprig","Gem_Box","ReplayTheSpireMod:TigerMarble","DemoMod:GreenGuonStone","Centennial Puzzle","hubris:MysteriousPyramids","Elementarium:ElementariumTrophy","Golden_Hairpin","DemoMod:MonsterBlood","hubris:CrystalStatue","conspire:GlowingRock","Pear","HollowMod:JonisBlessing"],"acts_visited":["Menagerie:Menagerie","Elementarium:Elementarium","Gensokyo:Gensokyoest"],"potions_floor_usage":[13,13,13,16,16,25,40],"damage_taken":[{"damage":0,"enemies":"Menagerie:2_RABBITS","floor":1,"turns":2},{"damage":0,"enemies":"Menagerie:WhisperingWraith","floor":2,"turns":1},{"damage":0,"enemies":"Menagerie:Hydra","floor":6,"turns":3},{"damage":0,"enemies":"Menagerie:VoidReaper","floor":8,"turns":4},{"damage":0,"enemies":"Menagerie:Hydra","floor":10,"turns":3},{"damage":1,"enemies":"Menagerie:MonstrousExperiment","floor":11,"turns":2},{"damage":0,"enemies":"Gensokyo:Cirno","floor":13,"turns":5},{"damage":0,"enemies":"Menagerie:Chimera","floor":16,"turns":5},{"damage":0,"enemies":"Elementarium:MUD_AND_TAR_GOLEMS","floor":18,"turns":2},{"damage":0,"enemies":"Elementarium:2_ELEMENTALS","floor":22,"turns":1},{"damage":0,"enemies":"Elementarium:WarGolem","floor":25,"turns":1},{"damage":3,"enemies":"Elementarium:VoidBeast","floor":27,"turns":2},{"damage":0,"enemies":"Elementarium:FIRE_NOBILITY","floor":28,"turns":1},{"damage":0,"enemies":"Elementarium:GoldenDragon","floor":33,"turns":4},{"damage":0,"enemies":"Gensokyo:3_Bats","floor":35,"turns":2},{"damage":0,"enemies":"Gensokyo:AncientGuardian","floor":36,"turns":2},{"damage":0,"enemies":"Gensokyo:Kasen","floor":40,"turns":3},{"damage":0,"enemies":"Gensokyo:Rafflesia","floor":42,"turns":2},{"damage":0,"enemies":"Gensokyo:Marisa","floor":46,"turns":1},{"damage":0,"enemies":"Gensokyo:Yuyuko","floor":50,"turns":3},{"damage":0,"enemies":"Gensokyo:Scarlet_Devils","floor":51,"turns":4}],"seed_played":"-2118506798017422047","potions_obtained":[{"floor":1,"key":"blueLaboratory:LouseDecoction"},{"floor":13,"key":"BlessingOfTheForge"},{"floor":22,"key":"SpeedPotion"},{"floor":33,"key":"SkillPotion"},{"floor":42,"key":"Elixir"},{"floor":46,"key":"blueLaboratory:BottledHope"}],"is_trial":false,"path_per_floor":["M","M","?","?","?","E","?","E","T","E","M","?","?","$","R","B",null,"M","?","?","AVR","M","R","?","E","T","M","E","?","R","?","R","B",null,"M","M","?","?","?","E","R","M","T","?","R","E","$","?","R","B","B",null],"character_chosen":"THE_DEFAULT","items_purchased":["DemoMod:SevenLeafClover","hubris:EmptyBottle","Lee\u0027s Waffle","Turnip","Juzu Bracelet","theMarked:HeightenedSenses","theMarked:StartUp","theMarked:WardOff","theMarked:BanishingStrike","theMarked:Winder","theMarked:MaelstromOfLightning","RuthlessExorcism:ReiMu","qcfpunch:Wrestler\u0027s_Cloak","theMarked:ChargePotion","Calipers","theMarked:SelfDefenseTraining","potionbrewer:AlchemistFlask","OrangePellets","Adrenaline Potion","expansioncontent:Corrupt","theMarked:SwordAndMagic","Thread and Needle","HollowMod:JonisBlessing"],"campfire_rested":1,"item_purchase_floors":[0,0,0,0,0,0,0,0,0,0,0,0,0,0,0,0,0,0,0,0,0,14,47],"current_hp_per_floor":[73,73,73,73,43,43,43,43,43,43,42,42,56,56,56,56,69,69,69,69,69,69,69,54,54,54,51,51,51,51,51,51,51,68,68,68,70,70,52,66,66,66,66,74,74,84,84,84,90,90,90],"gold":191,"neow_bonus":"","is_daily":false,"chose_seed":false,"campfire_upgraded":6,"win_rate":0.0,"timestamp":1608808567,"path_taken":["M","M","?","?","?","E","?","E","T","E","M","?","?","$","R","BOSS","M","?","?","AVR","M","R","?","E","T","M","E","?","R","?","R","BOSS","M","M","?","?","?","E","R","M","T","?","R","E","?","?","R","BOSS","BOSS"],"items_purchased_type":["Relic","Relic","Relic","Relic","Relic","Card","Card","Card","Card","Relic","Card","Relic","Relic","Potion","Relic","Card","Relic","Relic","Potion","Card","Card","Relic","Relic"],"build_version":"2020-12-22","purchased_purges":1,"victory":true,"max_hp_per_floor":[73,73,73,73,73,73,73,73,73,73,73,73,73,73,73,73,73,73,73,73,73,73,73,73,73,73,73,73,73,73,73,73,73,73,73,73,73,73,73,80,80,80,80,80,80,90,90,90,90,90,90],"relic_stats":{"OrangePellets":[1],"Lee\u0027s Waffle":14,"Centennial Puzzle":[3],"counters":[73,230],"Turnip":[6],"Juzu Bracelet":15,"Orichalcum":[60],"obtain_stats":[{"Ice Cream":0,"Bromod:ArcaneUltimatum":0,"DemoMod:GreenGuonStone":26,"Golden Egg":0,"Calipers":0,"hubris:CrystalStatue":43,"Bromod:ArcaneNullifier":46,"Hallownest:UnbreakableCardRelic":21,"potionbrewer:AlchemistFlask":0,"DemoMod:GlassGuonStoneRelic":1,"Whetstone":44,"hubris:MysteriousPyramids":28,"Blood Vial":12,"conspire:GlowingRock":5,"Centennial Puzzle":26,"HornCleat":30,"aspiration:MobileForge":17,"DemoMod:MonsterBlood":40,"MealTicket":45,"Philosopher\u0027s Stone":48,"qcfpunch:Handcuffs":0,"Pear":46,"Dead Branch":10,"HollowMod:JonisBlessing":55,"conspire:Boomerang":9,"Du-Vu Doll":0,"potionbrewer:Torch":0,"OrangePellets":0,"ReplayTheSpireMod:Shallot":26,"Elementarium:ElementariumTrophy":33,"Bronze Scales":46,"Snecko Eye":36,"Tintinnabulum":44,"Pandora\u0027s Box":0,"conspire:BottledYoYo":13,"ReplayTheSpireMod:TigerMarble":43,"infinitespire:EmpoweringShard":13,"Black Star":21,"Unceasing Top":27,"Elementarium:HuntersElixir":19,"vexMod:PlasmaPancake":0,"qcfpunch:Spiky_Bracers":0,"Lantern":28,"aspiration:Lifesprig":21,"Snecko Heart":34,"wanderingMiniBosses:AbyssPearl":20,"Juzu Bracelet":0,"Hallownest:DreamNailRelic":4,"hubris:SlimyHat":30,"hubris:EmptyBottle":0,"White_Cape":39,"Power_Wrist":6,"Pet Ghost":6,"Silver_Glasses":19,"ClockworkSouvenir":0,"DemoMod:SevenLeafClover":0,"Replay:Bandana":8,"Bromod:ArcaneTempo":56,"Genji_Glove":0,"WingedGreaves":24,"qcfpunch:Wrestler\u0027s_Cloak":0,"TheVixenMod:UmbreonRelic":39,"hubris:GlazedTorus":0,"Hallownest:BeastSealRelic":37,"Lee\u0027s Waffle":0,"Quantum Egg":0,"qcfpunch:Black_Training_Shirt":10,"DemoMod:PartiallyEatenCheese":10,"Thread and Needle":14,"The Courier":8,"Protect_Vest":55,"aspiration:SecretTechniqueScroll":17,"vexMod:FocusSash":19,"Orichalcum":8,"hubris:Towel":12,"Replay:Arrowhead":41,"Peace Pipe":25,"theMarked:ArtifactOfAir":0,"Anchor":24,"Golden_Hairpin":34,"potionbrewer:BoosterPack":43,"infinitespire:WardingShard":0,"vexMod:HeadHunter":0,"MokouMod:PhoenixFeather":0,"Turnip":0,"Bottled Lightning":49,"Gem_Box":24,"potionbrewer:Keyblade":0,"theMarked:Winder":0,"FossilizedHelix":0,"RuthlessExorcism:ReiMu":11},{"Ice Cream":29,"Bromod:ArcaneUltimatum":29,"DemoMod:GreenGuonStone":63,"Golden Egg":0,"Calipers":52,"hubris:CrystalStatue":70,"Bromod:ArcaneNullifier":23,"Hallownest:UnbreakableCardRelic":9,"potionbrewer:AlchemistFlask":52,"DemoMod:GlassGuonStoneRelic":1,"Whetstone":22,"hubris:MysteriousPyramids":65,"Blood Vial":5,"conspire:GlowingRock":1,"Centennial Puzzle":63,"HornCleat":14,"aspiration:MobileForge":60,"DemoMod:MonsterBlood":69,"MealTicket":22,"Philosopher\u0027s Stone":50,"qcfpunch:Handcuffs":0,"Pear":71,"Dead Branch":34,"HollowMod:JonisBlessing":27,"conspire:Boomerang":56,"Du-Vu Doll":0,"potionbrewer:Torch":0,"OrangePellets":0,"ReplayTheSpireMod:Shallot":41,"Elementarium:ElementariumTrophy":66,"Bronze Scales":49,"Snecko Eye":18,"Tintinnabulum":49,"Pandora\u0027s Box":0,"conspire:BottledYoYo":35,"ReplayTheSpireMod:TigerMarble":48,"infinitespire:EmpoweringShard":59,"Black Star":61,"Unceasing Top":12,"Elementarium:HuntersElixir":61,"vexMod:PlasmaPancake":29,"qcfpunch:Spiky_Bracers":29,"Lantern":12,"aspiration:Lifesprig":61,"Snecko Heart":44,"wanderingMiniBosses:AbyssPearl":9,"Juzu Bracelet":29,"Hallownest:DreamNailRelic":31,"hubris:SlimyHat":43,"hubris:EmptyBottle":0,"White_Cape":20,"Power_Wrist":55,"Pet Ghost":32,"Silver_Glasses":8,"ClockworkSouvenir":29,"DemoMod:SevenLeafClover":52,"Replay:Bandana":3,"Bromod:ArcaneTempo":28,"Genji_Glove":0,"WingedGreaves":10,"qcfpunch:Wrestler\u0027s_Cloak":52,"TheVixenMod:UmbreonRelic":45,"hubris:GlazedTorus":0,"Hallownest:BeastSealRelic":45,"Lee\u0027s Waffle":52,"Quantum Egg":29,"qcfpunch:Black_Training_Shirt":57,"DemoMod:PartiallyEatenCheese":4,"Thread and Needle":59,"The Courier":34,"Protect_Vest":27,"aspiration:SecretTechniqueScroll":37,"vexMod:FocusSash":39,"Orichalcum":56,"hubris:Towel":58,"Replay:Arrowhead":47,"Peace Pipe":11,"theMarked:ArtifactOfAir":52,"Anchor":41,"Golden_Hairpin":66,"potionbrewer:BoosterPack":21,"infinitespire:WardingShard":29,"vexMod:HeadHunter":0,"MokouMod:PhoenixFeather":0,"Turnip":52,"Bottled Lightning":25,"Gem_Box":62,"potionbrewer:Keyblade":0,"theMarked:Winder":52,"FossilizedHelix":0,"RuthlessExorcism:ReiMu":4},{"Ice Cream":91,"Bromod:ArcaneUltimatum":91,"DemoMod:GreenGuonStone":206,"Golden Egg":0,"Calipers":177,"hubris:CrystalStatue":222,"Bromod:ArcaneNullifier":61,"Hallownest:UnbreakableCardRelic":22,"potionbrewer:AlchemistFlask":177,"DemoMod:GlassGuonStoneRelic":2,"Whetstone":58,"hubris:MysteriousPyramids":209,"Blood Vial":14,"conspire:GlowingRock":2,"Centennial Puzzle":206,"HornCleat":39,"aspiration:MobileForge":202,"DemoMod:MonsterBlood":220,"MealTicket":58,"Philosopher\u0027s Stone":168,"qcfpunch:Handcuffs":0,"Pear":223,"Dead Branch":102,"HollowMod:JonisBlessing":79,"conspire:Boomerang":187,"Du-Vu Doll":0,"potionbrewer:Torch":0,"OrangePellets":0,"ReplayTheSpireMod:Shallot":135,"Elementarium:ElementariumTrophy":213,"Bronze Scales":165,"Snecko Eye":50,"Tintinnabulum":165,"Pandora\u0027s Box":0,"conspire:BottledYoYo":105,"ReplayTheSpireMod:TigerMarble":162,"infinitespire:EmpoweringShard":197,"Black Star":204,"Unceasing Top":34,"Elementarium:HuntersElixir":204,"vexMod:PlasmaPancake":91,"qcfpunch:Spiky_Bracers":91,"Lantern":34,"aspiration:Lifesprig":204,"Snecko Heart":150,"wanderingMiniBosses:AbyssPearl":22,"Juzu Bracelet":91,"Hallownest:DreamNailRelic":95,"hubris:SlimyHat":145,"hubris:EmptyBottle":0,"White_Cape":54,"Power_Wrist":183,"Pet Ghost":99,"Silver_Glasses":18,"ClockworkSouvenir":91,"DemoMod:SevenLeafClover":177,"Replay:Bandana":8,"Bromod:ArcaneTempo":84,"Genji_Glove":0,"WingedGreaves":24,"qcfpunch:Wrestler\u0027s_Cloak":177,"TheVixenMod:UmbreonRelic":153,"hubris:GlazedTorus":0,"Hallownest:BeastSealRelic":153,"Lee\u0027s Waffle":177,"Quantum Egg":91,"qcfpunch:Black_Training_Shirt":190,"DemoMod:PartiallyEatenCheese":12,"Thread and Needle":197,"The Courier":102,"Protect_Vest":79,"aspiration:SecretTechniqueScroll":113,"vexMod:FocusSash":124,"Orichalcum":187,"hubris:Towel":192,"Replay:Arrowhead":161,"Peace Pipe":27,"theMarked:ArtifactOfAir":177,"Anchor":135,"Golden_Hairpin":213,"potionbrewer:BoosterPack":56,"infinitespire:WardingShard":91,"vexMod:HeadHunter":0,"MokouMod:PhoenixFeather":0,"Turnip":177,"Bottled Lightning":69,"Gem_Box":205,"potionbrewer:Keyblade":0,"theMarked:Winder":177,"FossilizedHelix":0,"RuthlessExorcism:ReiMu":12}]},"card_choices":[{"not_picked":["theMarked:TunnelVision","theMarked:Frustration","theMarked:Improvise"],"picked":"SKIP","floor":1},{"not_picked":["theMarked:Parkour","theMarked:Frustration"],"picked":"theMarked:Challenge","floor":2},{"not_picked":["theMarked:Static+1","theMarked:Aftermath+1"],"picked":"theMarked:Parkour+1","floor":4},{"not_picked":["theMarked:Generate","theMarked:MaelstromOfLightning"],"picked":"theMarked:TwofoldDefense","floor":6},{"not_picked":["theMarked:TunnelVision","theMarked:EmpowerWeapon","theMarked:Frustration"],"picked":"SKIP","floor":8},{"not_picked":["theMarked:SoldierForm","theMarked:SuspiciousRaven"],"picked":"theMarked:MuscleMemory","floor":9},{"not_picked":["theMarked:MysticalArsenal","theMarked:BanishingStrike","theMarked:TakeCover"],"picked":"SKIP","floor":10},{"not_picked":["theMarked:Reabsorb","theMarked:StartUp"],"picked":"theMarked:SummonStrength","floor":11},{"not_picked":["theMarked:Improvise","theMarked:SwordAndMagic"],"picked":"theMarked:ChainLightning","floor":13},{"not_picked":["theMarked:SuspiciousRaven","theMarked:TurnInvisible"],"picked":"theMarked:Challenge","floor":16},{"not_picked":["theMarked:Static","theMarked:Electrocute"],"picked":"theMarked:EnhancedHearing","floor":18},{"not_picked":["expansioncontent:PrepareCrush+1","Replay:BasicMightCard+1"],"picked":"Finesse+1","floor":20},{"not_picked":["theMarked:DispelDoubt+1","theMarked:ChannelForce+1"],"picked":"theMarked:EternalStudent+1","floor":20},{"not_picked":["theMarked:HeightenedSenses","theMarked:Improvise"],"picked":"theMarked:Reabsorb+1","floor":22},{"not_picked":["theMarked:Aftermath","theMarked:ComboAttacks","theMarked:BanishingStrike"],"picked":"SKIP","floor":25},{"not_picked":["theMarked:UnarmedFury","theMarked:DispelDoubt"],"picked":"theMarked:MuscleMemory","floor":26},{"not_picked":["theMarked:Parkour+1","theMarked:Improvise+1","theMarked:Levitate"],"picked":"SKIP","floor":27},{"not_picked":["theMarked:BindingBlade","theMarked:RepellingDischarge","theMarked:BanishingStrike"],"picked":"SKIP","floor":28},{"not_picked":["theMarked:Levitate","theMarked:EternalStudent"],"picked":"theMarked:TakeOffHeels","floor":33},{"not_picked":["theMarked:EnhanceMovement+1","theMarked:Improvise+1"],"picked":"theMarked:Indomitable+1","floor":35},{"not_picked":["theMarked:HeightenedSenses","theMarked:ResourceFulStrike","theMarked:EmpowerWeapon+1"],"picked":"SKIP","floor":36},{"not_picked":["theMarked:Electrocute+1","theMarked:BanishingStrike+1","theMarked:WastefulDefense"],"picked":"SKIP","floor":40},{"not_picked":["theMarked:LightningStrikesTwice","theMarked:Polarize","theMarked:ParalyzingBlade"],"picked":"SKIP","floor":42},{"not_picked":["theMarked:MuscleMemory","theMarked:SuspiciousRaven"],"picked":"theMarked:DispelDoubt","floor":43},{"not_picked":["theMarked:Electrocute+1","theMarked:SoldierForm","theMarked:ChainLightning"],"picked":"SKIP","floor":46}],"player_experience":1187762,"relics_obtained":[{"floor":6,"key":"Power_Wrist"},{"floor":8,"key":"Orichalcum"},{"floor":9,"key":"conspire:Boomerang"},{"floor":10,"key":"qcfpunch:Black_Training_Shirt"},{"floor":13,"key":"infinitespire:EmpoweringShard"},{"floor":25,"key":"ReplayTheSpireMod:TigerMarble"},{"floor":26,"key":"DemoMod:GreenGuonStone"},{"floor":26,"key":"Centennial Puzzle"},{"floor":28,"key":"hubris:MysteriousPyramids"},{"floor":40,"key":"DemoMod:MonsterBlood"},{"floor":43,"key":"hubris:CrystalStatue"},{"floor":43,"key":"conspire:GlowingRock"},{"floor":46,"key":"Pear"}],"event_choices":[{"damage_healed":0,"gold_gain":0,"player_choice":"2","damage_taken":0,"max_hp_gain":0,"max_hp_loss":0,"event_name":"betterMatch:BetterMatch","floor":4,"gold_loss":0,"cards_obtained":["betterMatch:CommonCard"]},{"damage_healed":0,"gold_gain":277,"player_choice":"GO GO GO ","damage_taken":33,"relics_obtained":[],"max_hp_gain":0,"max_hp_loss":0,"event_name":"betterSkull:BetterSkull","floor":5,"gold_loss":0,"cards_upgraded":[]},{"damage_healed":0,"gold_gain":0,"player_choice":"Release","damage_taken":0,"max_hp_gain":0,"max_hp_loss":0,"event_name":"Menagerie:StasisChamber","floor":13,"gold_loss":0},{"damage_healed":0,"gold_gain":0,"player_choice":"Sling","damage_taken":0,"relics_obtained":["Elementarium:HuntersElixir"],"max_hp_gain":0,"max_hp_loss":0,"event_name":"Elementarium:BigGameHunter","floor":19,"gold_loss":122},{"damage_healed":0,"gold_gain":0,"player_choice":"2","damage_taken":0,"max_hp_gain":0,"max_hp_loss":0,"event_name":"betterMatch:BetterMatch","floor":20,"gold_loss":0,"cards_obtained":["betterMatch:ColorlessUncommonCard","betterMatch:RareCard"]},{"damage_healed":0,"gold_gain":0,"player_choice":"Offer","damage_taken":0,"relics_obtained":["Gem_Box"],"max_hp_gain":0,"max_hp_loss":0,"event_name":"Elementarium:GreatTreasure","floor":24,"relics_lost":["Black Star"],"gold_loss":0},{"damage_healed":0,"gold_gain":0,"player_choice":"Pray","damage_taken":0,"max_hp_gain":0,"max_hp_loss":0,"event_name":"Elementarium:VoidShrine","floor":31,"gold_loss":0,"cards_upgraded":["theMarked:SoldierOfQuellstein"]},{"damage_healed":2,"gold_gain":0,"player_choice":"LEAVE ","damage_taken":0,"relics_obtained":[],"max_hp_gain":0,"max_hp_loss":0,"event_name":"betterSkull:BetterSkull","floor":37,"gold_loss":0,"cards_upgraded":[]},{"damage_healed":0,"gold_gain":0,"player_choice":"2","damage_taken":0,"max_hp_gain":0,"max_hp_loss":0,"event_name":"betterMatch:BetterMatch","floor":38,"gold_loss":0,"cards_obtained":["betterMatch:CommonCard"]},{"damage_healed":0,"gold_gain":3,"player_choice":"2","damage_taken":0,"max_hp_gain":0,"max_hp_loss":18,"event_name":"betterStone:BetterStone","floor":39,"gold_loss":0}],"is_beta":false,"boss_relics":[{"not_picked":["Calling Bell","Painkiller Herb"],"picked":"aspiration:MobileForge"},{"not_picked":["conspire:SlowCooker","vexMod:EndlessSickness"],"picked":"Golden_Hairpin"}],"items_purged_floors":[0],"is_endless":false,"potions_floor_spawned":[1,2,13,22,28,33,42,46],"ascension_level":20}}