{"host":"f7rb14kzcw8hx1r1","time":1608806756,"event":{"mods":["BaseMod","Better Note","Better Third Choice","Colored Map","Highlight Path","Hubris","Minty Spire (QoL Compilation)","Replay The Spire","StSLib","The Forsaken"],"gold_per_floor":[118,128,128,149,167,266,278,309,321,333,389,26,42,42,42,171,471,494,494,494,508,331,331,367,380,405,74,93,93,93,114,114,114,114],"floor_reached":33,"playtime":1385,"items_purged":["Strike_B","Strike_B","Strike_B"],"score":317,"play_id":"a08b0faf-5b95-4816-b297-8c2c1b345b26","local_time":"20201224114556","is_ascension_mode":false,"campfire_choices":[{"data":"Zap","floor":7,"key":"SMITH"},{"data":"ReplayTheSpireMod:Calculation Training","floor":10,"key":"SMITH"},{"data":"Dualcast","floor":15,"key":"SMITH"},{"data":"Hologram","floor":23,"key":"SMITH"},{"data":"ReplayUltimateDefense","floor":29,"key":"SMITH"},{"floor":32,"key":"DIG"}],"circlet_count":0,"master_deck":["Defend_B","Defend_B","Defend_B","Defend_B","Zap+1","Dualcast+1","Coolheaded","ReplayTheSpireMod:Calculation Training+1","Blizzard","White Noise","Hologram+1","FTL","Creative AI+1","Conserve Battery","Core Surge","CurseOfTheBell","Self Repair+1","FIFO Queue","ReplayUltimateDefense+1","ReplayUltimateDefense","Leap","Cold Snap","Compile Driver"],"relics":["Cracked Core","Golden Idol","MawBank","Garlic","Gambling Chip","Strawberry","Calling Bell","Blue Doll","Cables","Old Coin","Vajra","Bag of Marbles","Girya"],"acts_visited":["Exordium","TheCity"],"potions_floor_usage":[11,24,24,31,31,33],"damage_taken":[{"damage":0,"enemies":"2 Louse","floor":1,"turns":2},{"damage":6,"enemies":"Small Slimes","floor":2,"turns":3},{"damage":0,"enemies":"Cultist","floor":4,"turns":4},{"damage":0,"enemies":"Large Slime","floor":5,"turns":5},{"damage":7,"enemies":"3 Louse","floor":8,"turns":3},{"damage":13,"enemies":"3 Sentries","floor":11,"turns":5},{"damage":0,"enemies":"Looter","floor":13,"turns":3},{"damage":0,"enemies":"Hexaghost","floor":16,"turns":10},{"damage":1,"enemies":"Spheric Guardian","floor":18,"turns":3},{"damage":9,"enemies":"Shell Parasite","floor":21,"turns":7},{"damage":52,"enemies":"Gremlin Leader","floor":24,"turns":7},{"damage":4,"enemies":"Snecko","floor":25,"turns":6},{"damage":24,"enemies":"Sentry and Sphere","floor":28,"turns":8},{"damage":29,"enemies":"3 Cultists","floor":31,"turns":7},{"damage":23,"enemies":"Collector","floor":33,"turns":3}],"seed_played":"2898428922605851133","potions_obtained":[{"floor":2,"key":"Dexterity Potion"},{"floor":8,"key":"Death Potion"},{"floor":13,"key":"EssenceOfSteel"},{"floor":16,"key":"Elixir"},{"floor":24,"key":"SpeedPotion"},{"floor":28,"key":"SkillPotion"}],"is_trial":false,"path_per_floor":["M","M","?","M","M","?","R","M","T","R","E","$","M","?","R","B",null,"M","?","?","M","$","R","E","M","T","$","M","R","?","M","R_BF","B"],"character_chosen":"DEFECT","items_purchased":["Strawberry","Creative AI","FIFO Queue","ReplayUltimateDefense","Regen Potion","Leap"],"campfire_rested":0,"item_purchase_floors":[12,12,22,27,27,27],"current_hp_per_floor":[75,69,51,51,51,33,33,26,26,26,13,20,20,20,20,20,82,81,81,81,82,82,82,40,46,46,46,32,32,32,28,28,5,5],"gold":114,"neow_bonus":"REMOVE_CARD","is_daily":false,"chose_seed":false,"campfire_upgraded":5,"win_rate":0.0,"timestamp":1608806756,"path_taken":["M","M","?","M","M","?","R","?","T","R","E","$","M","?","R","BOSS","M","?","?","M","$","R","E","M","T","$","M","R","?","M","R_BF","BOSS"],"items_purchased_type":["Relic","Card","Card","Card","Potion","Card"],"build_version":"2020-12-22","purchased_purges":3,"victory":false,"max_hp_per_floor":[75,75,75,75,75,75,75,75,75,75,75,82,82,82,82,82,82,82,82,82,82,82,82,82,82,82,82,82,82,82,82,82,82,82],"card_choices":[{"not_picked":["ReplayTheSpireMod:Repulse","Stack"],"picked":"Coolheaded","floor":1},{"not_picked":["Tempest","Cold Snap"],"picked":"ReplayTheSpireMod:Calculation Training","floor":2},{"not_picked":["Turbo","Go for the Eyes","Panic Button"],"picked":"SKIP","floor":4},{"not_picked":["hubris:Ukulele","Sunder"],"picked":"Blizzard","floor":5},{"not_picked":["Streamline","hubris:Ukulele"],"picked":"White Noise","floor":6},{"not_picked":["Go for the Eyes","Reinforced Body"],"picked":"Hologram","floor":6},{"not_picked":["Genetic Algorithm","Barrage","Stack"],"picked":"SKIP","floor":8},{"not_picked":["Doom and Gloom","Sweeping Beam"],"picked":"FTL","floor":11},{"not_picked":["Streamline","ReplayTheSpireMod:Calculation Training"],"picked":"Conserve Battery","floor":13},{"not_picked":["hubris:SpecializedCircuitry","hubris:Prefetch"],"picked":"Core Surge","floor":16},{"not_picked":["Streamline","Barrage+1"],"picked":"Self Repair","floor":18},{"not_picked":["Genetic Algorithm","Streamline","Stack"],"picked":"SKIP","floor":21},{"not_picked":["Panic Button","FIFO Queue+1","hubris:Prefetch"],"picked":"SKIP","floor":24},{"not_picked":["Redo+1","Go for the Eyes","Doom and Gloom"],"picked":"SKIP","floor":25},{"not_picked":["ReplaySolidLightProjector","Turbo"],"picked":"Cold Snap","floor":28},{"not_picked":["Rebound","Panic Button"],"picked":"Compile Driver","floor":31}],"player_experience":885147,"relics_obtained":[{"floor":6,"key":"MawBank"},{"floor":9,"key":"Garlic"},{"floor":11,"key":"Gambling Chip"},{"floor":17,"key":"Blue Doll"},{"floor":17,"key":"Cables"},{"floor":17,"key":"Old Coin"},{"floor":24,"key":"Vajra"},{"floor":26,"key":"Bag of Marbles"},{"floor":32,"key":"Girya"}],"event_choices":[{"damage_healed":0,"gold_gain":0,"player_choice":"Take Damage","damage_taken":18,"relics_obtained":["Golden Idol"],"max_hp_gain":0,"max_hp_loss":0,"event_name":"Golden Idol","floor":3,"gold_loss":0},{"damage_healed":0,"gold_gain":0,"player_choice":"Forge","damage_taken":0,"max_hp_gain":0,"max_hp_loss":0,"event_name":"Accursed Blacksmith","floor":19,"gold_loss":0,"cards_upgraded":["Self Repair"]},{"damage_healed":0,"gold_gain":0,"player_choice":"Bought 0 Potions","damage_taken":0,"max_hp_gain":0,"max_hp_loss":0,"event_name":"The Woman in Blue","floor":20,"gold_loss":0},{"damage_healed":0,"gold_gain":0,"player_choice":"0 cards matched","damage_taken":0,"max_hp_gain":0,"max_hp_loss":0,"event_name":"Match and Keep!","floor":30,"gold_loss":0,"cards_obtained":[]}],"is_beta":false,"boss_relics":[{"not_picked":["hubris:Stopwatch","Replay:Drink Me"],"picked":"Calling Bell"}],"items_purged_floors":[12,22,27],"is_endless":false,"potions_floor_spawned":[2,8,13,16,21,24,28],"killed_by":"Collector","ascension_level":0}}