{"host":"wwo1kwxjf4eyz37q","time":1608808798,"event":{"mods":["AchievementEnabler","BaseMod","Colored Map","Minty Spire (QoL Compilation)","Quick Restart","SuperFastMode"],"gold_per_floor":[112,11,22,22,22,56,72,72,151,76,76,105,121,137,137,239,239,252,252,252,44,44,75,75,109,109,127,140,40,40,59,59,59,59],"floor_reached":33,"playtime":973,"items_purged":["Strike_R","Strike_R"],"score":614,"play_id":"ad9244db-6ad4-48be-be7a-5152954b8e6e","local_time":"20201224201958","is_ascension_mode":true,"campfire_choices":[{"data":"Whirlwind","floor":8.0,"key":"SMITH"},{"data":"Inflame","floor":15.0,"key":"SMITH"},{"data":"Heavy Blade","floor":24.0,"key":"SMITH"},{"data":"Heavy Blade","floor":30,"key":"SMITH"},{"floor":32,"key":"REST"}],"circlet_count":0,"master_deck":["AscendersBane","Strike_R","Defend_R","Defend_R","Defend_R","Bash","Shrug It Off","Inflame+1","Whirlwind+1","Heavy Blade+1","Demon Form","Double Tap","Limit Break","Shrug It Off","Headbutt","Sword Boomerang","Heavy Blade+1"],"relics":["Burning Blood","NeowsBlessing","Blood Vial","Singing Bowl","Champion Belt","Runic Dome","Happy Flower","Letter Opener","Paper Frog"],"acts_visited":["Exordium","TheCity"],"potions_floor_usage":[],"damage_taken":[{"damage":0.0,"enemies":"Cultist","floor":1.0,"turns":1.0},{"damage":0.0,"enemies":"Small Slimes","floor":3.0,"turns":1.0},{"damage":0.0,"enemies":"3 Sentries","floor":6.0,"turns":1.0},{"damage":3.0,"enemies":"2 Louse","floor":7.0,"turns":2.0},{"damage":28.0,"enemies":"Gremlin Nob","floor":12.0,"turns":4.0},{"damage":31.0,"enemies":"Exordium Thugs","floor":13.0,"turns":3.0},{"damage":17.0,"enemies":"Large Slime","floor":14.0,"turns":5.0},{"damage":0.0,"enemies":"Slime Boss","floor":16.0,"turns":5.0},{"damage":19.0,"enemies":"Chosen","floor":18.0,"turns":4.0},{"damage":5.0,"enemies":"Book of Stabbing","floor":23.0,"turns":4.0},{"damage":25.0,"enemies":"Gremlin Leader","floor":25.0,"turns":5.0},{"damage":3,"enemies":"3 Byrds","floor":27,"turns":3},{"damage":24,"enemies":"Snake Plant","floor":28,"turns":2},{"damage":11,"enemies":"Centurion and Healer","floor":31,"turns":3},{"damage":73,"enemies":"Collector","floor":33,"turns":5}],"seed_played":"-1424527917913020022","potions_obtained":[{"floor":1.0,"key":"DistilledChaos"},{"floor":3.0,"key":"Dexterity Potion"},{"floor":16.0,"key":"FearPotion"},{"floor":25,"key":"CultistPotion"}],"is_trial":false,"path_per_floor":["M","$","M","$","?","E","M","R","T","$","?","E","M","M","R","B",null,"M","?","?","$","?","E","R","E","T","M","M","$","R","M","R","B"],"character_chosen":"IRONCLAD","items_purchased":["Shrug It Off","Inflame","Shrug It Off","Happy Flower"],"campfire_rested":1,"item_purchase_floors":[2,2,21,21],"current_hp_per_floor":[78,78,80,80,85,85,85,85,85,85,85,65,42,35,35,43,78,69,51,51,51,51,54,54,37,37,42,28,28,28,27,57,0,0],"gold":59,"neow_bonus":"THREE_ENEMY_KILL","is_daily":false,"chose_seed":false,"campfire_upgraded":4,"win_rate":0.0,"timestamp":1608808798,"path_taken":["M","?","M","$","?","E","M","R","T","$","?","E","M","?","R","BOSS","M","?","?","$","?","E","R","E","T","M","M","?","R","M","R","BOSS"],"items_purchased_type":["Card","Card","Card","Relic"],"build_version":"2020-12-22","purchased_purges":2,"victory":false,"max_hp_per_floor":[80,80,80,80,85,85,85,85,85,85,85,87,87,89,89,89,89,91,96,96,96,96,96,96,96,96,96,98,98,98,100,100,100,100],"card_choices":[{"not_picked":["Shockwave","Clothesline","Iron Wave"],"picked":"SKIP","floor":1.0},{"not_picked":["Spot Weakness","Blood for Blood","Hemokinesis"],"picked":"SKIP","floor":3.0},{"not_picked":["Hemokinesis","Heavy Blade"],"picked":"Whirlwind","floor":6.0},{"not_picked":["Metallicize","Hemokinesis","Intimidate"],"picked":"SKIP","floor":7.0},{"not_picked":["Power Through","Anger","True Grit"],"picked":"Singing Bowl","floor":12.0},{"not_picked":["Bloodletting","Perfected Strike"],"picked":"Heavy Blade","floor":13.0},{"not_picked":["Seeing Red","Body Slam","Berserk"],"picked":"Singing Bowl","floor":14.0},{"not_picked":["Feed","Fiend Fire"],"picked":"Demon Form","floor":16.0},{"not_picked":["Twin Strike","Thunderclap","Fire Breathing"],"picked":"Singing Bowl","floor":18.0},{"not_picked":["True Grit","Brutality"],"picked":"Headbutt","floor":23.0},{"not_picked":["Metallicize","Power Through"],"picked":"Sword Boomerang","floor":25},{"not_picked":["Shrug It Off","Blood for Blood"],"picked":"Heavy Blade","floor":27},{"not_picked":["Heavy Blade","Thunderclap","Entrench"],"picked":"Singing Bowl","floor":28},{"not_picked":["Cleave","Wild Strike","True Grit"],"picked":"Singing Bowl","floor":31}],"player_experience":138952,"relics_obtained":[{"floor":6.0,"key":"Blood Vial"},{"floor":9.0,"key":"Singing Bowl"},{"floor":12.0,"key":"Champion Belt"},{"floor":23.0,"key":"Letter Opener"},{"floor":26,"key":"Paper Frog"}],"event_choices":[{"damage_healed":0.0,"max_hp_gain":5.0,"max_hp_loss":0.0,"gold_gain":0.0,"event_name":"Big Fish","player_choice":"Donut","floor":5.0,"gold_loss":0.0,"damage_taken":0.0},{"damage_healed":0.0,"max_hp_gain":0.0,"max_hp_loss":0.0,"gold_gain":0.0,"event_name":"Wheel of Change","player_choice":"Full Heal","floor":11.0,"gold_loss":0.0,"damage_taken":0.0},{"damage_healed":0.0,"max_hp_gain":5.0,"max_hp_loss":0.0,"gold_gain":0.0,"event_name":"Forgotten Altar","player_choice":"Shed Blood","floor":19.0,"gold_loss":0.0,"damage_taken":23.0},{"damage_healed":0.0,"max_hp_gain":0.0,"max_hp_loss":0.0,"gold_gain":0.0,"cards_transformed":["Strike_R","Defend_R"],"event_name":"Drug Dealer","player_choice":"Became Test Subject","floor":20.0,"gold_loss":0.0,"damage_taken":0.0,"cards_obtained":["Double Tap","Limit Break"]},{"cards_removed":["Strike_R"],"damage_healed":0.0,"max_hp_gain":0.0,"max_hp_loss":0.0,"gold_gain":0.0,"event_name":"Back to Basics","player_choice":"Elegance","floor":22.0,"gold_loss":0.0,"damage_taken":0.0}],"is_beta":false,"boss_relics":[{"not_picked":["Runic Cube","Tiny House"],"picked":"Runic Dome"}],"items_purged_floors":[10,29],"is_endless":false,"potions_floor_spawned":[1,3,16,25],"killed_by":"Collector","ascension_level":12}}