{"host":"zzf13dk0jcen0ncv","time":1608791893,"event":{"mods":["AchievementEnabler","BaseMod","BetterRewards","Colored Map","Keyboard Shortcuts","Minty Spire (QoL Compilation)","Quick Restart","Shop Mod","StSLib","SuperFastMode","Waifu the Spire"],"gold_per_floor":[119,135,156,176,204,245,15,27,27,27,64,87,87,106,106,186,186,212,231,231,19,19,54,54,73,124,152,189,201,241,261,261,342,401,418,70,97,125,20,59,68,102,102,136,157,183,226,254,263,263,263,263,272,46,88,88,88],"floor_reached":56,"playtime":1852,"items_purged":["Strike_G","Strike_G","Strike_G","Strike_G","Strike_G"],"score":3076,"play_id":"fb99a840-0bc1-425e-9189-913625bf69bc","local_time":"20201224153813","is_ascension_mode":true,"campfire_choices":[{"data":"Apotheosis","floor":13,"key":"SMITH"},{"data":"Infinite Blades","floor":15,"key":"SMITH"},{"floor":32,"key":"RECALL"},{"floor":41,"key":"REST"},{"floor":49,"key":"REST"},{"floor":53,"key":"REST"}],"circlet_count":0,"master_deck":["AscendersBane","Defend_G","Defend_G+1","Defend_G+1","Defend_G","Survivor","Neutralize","Infinite Blades+1","Crippling Poison","Dramatic Entrance+1","Leg Sweep","Footwork","Outmaneuver","Glass Knife+1","Bandage Up+1","Footwork","Master of Strategy","All Out Attack+1","Night Terror","Tactician","Flechettes+1","Bane+1","Thinking Ahead","Noxious Fumes","Skewer+1","Dramatic Entrance+1","Noxious Fumes","Apotheosis+1","Calculated Gamble","Bouncing Flask","Blur","Footwork","Phantasmal Killer","Reinforced Body","Terror","Pommel Strike+1","Creative AI+1","Caltrops+1","Collect","White Noise","Sentinel","Envenom+1","Backstab+1","Predator+1","Poisoned Stab+1","Phantasmal Killer","Heel Hook+1","Backstab+1","Shockwave+1","Creative AI+1","Conserve Battery","After Image+1","Cold Snap+1","Accuracy+1","Doppelganger","Mayhem+1","Magnetism+1","Sadistic Nature+1","Dark Shackles","PiercingWail","Caltrops+1","Escape Plan","Flash of Steel+1","BattleHymn+1","Pray+1","Fasting2+1","SpiritShield","Second Wind","Violence","Fire Breathing+1","Intimidate","Static Discharge+1","After Image+1","Caltrops+1","Capacitor+1"],"relics":["Ring of the Snake","Molten Egg 2","War Paint","Happy Flower","Pantograph","PreservedInsect","Mango","HandDrill","CeramicFish","Question Card","StrikeDummy","TheAbacus","Lantern","Bag of Marbles","ClockworkSouvenir","Mercury Hourglass","Shuriken","PrismaticShard","Bottled Tornado","Tiny Chest","Ornamental Fan","Orichalcum","Frozen Egg 2","Regal Pillow","Nunchaku","Dream Catcher","Bag of Preparation","HoveringKite","OrangePellets","Mummified Hand","Bottled Lightning","Pen Nib","Art of War","Centennial Puzzle","Tiny House","Gremlin Horn","Toy Ornithopter","Tingsha","Vajra","DollysMirror","Pocketwatch"],"acts_visited":["Exordium","TheCity","TheBeyond","TheEnding"],"potions_floor_usage":[51,56],"damage_taken":[{"damage":0,"enemies":"Cultist","floor":1,"turns":1},{"damage":0,"enemies":"2 Louse","floor":2,"turns":1},{"damage":0,"enemies":"Jaw Worm","floor":3,"turns":1},{"damage":0,"enemies":"Large Slime","floor":4,"turns":4},{"damage":0,"enemies":"Exordium Thugs","floor":5,"turns":1},{"damage":4,"enemies":"Lagavulin","floor":6,"turns":3},{"damage":0,"enemies":"Blue Slaver","floor":8,"turns":1},{"damage":0,"enemies":"Gremlin Nob","floor":11,"turns":2},{"damage":0,"enemies":"Exordium Wildlife","floor":12,"turns":1},{"damage":0,"enemies":"Large Slime","floor":14,"turns":1},{"damage":29,"enemies":"Hexaghost","floor":16,"turns":6},{"damage":3,"enemies":"Shell Parasite","floor":18,"turns":4},{"damage":0,"enemies":"2 Thieves","floor":19,"turns":1},{"damage":0,"enemies":"Slavers","floor":23,"turns":1},{"damage":0,"enemies":"3 Cultists","floor":25,"turns":2},{"damage":3,"enemies":"Sentry and Sphere","floor":27,"turns":3},{"damage":0,"enemies":"Gremlin Leader","floor":28,"turns":1},{"damage":0,"enemies":"Centurion and Healer","floor":29,"turns":1},{"damage":0,"enemies":"Slavers","floor":30,"turns":1},{"damage":0,"enemies":"Cultist and Chosen","floor":31,"turns":1},{"damage":0,"enemies":"Automaton","floor":33,"turns":3},{"damage":0,"enemies":"3 Darklings","floor":35,"turns":1},{"damage":0,"enemies":"Orb Walker","floor":38,"turns":2},{"damage":0,"enemies":"Giant Head","floor":40,"turns":4},{"damage":2,"enemies":"Nemesis","floor":42,"turns":3},{"damage":5,"enemies":"Mind Bloom Boss Battle","floor":44,"turns":4},{"damage":26,"enemies":"Writhing Mass","floor":45,"turns":2},{"damage":0,"enemies":"Sphere and 2 Shapes","floor":46,"turns":1},{"damage":0,"enemies":"Reptomancer","floor":47,"turns":2},{"damage":0,"enemies":"3 Darklings","floor":48,"turns":2},{"damage":24,"enemies":"Awakened One","floor":50,"turns":5},{"damage":41,"enemies":"Time Eater","floor":51,"turns":9},{"damage":44,"enemies":"Shield and Spear","floor":55,"turns":4},{"damage":99,"enemies":"The Heart","floor":56,"turns":6}],"seed_played":"-34263617047283647","potions_obtained":[{"floor":1,"key":"Block Potion"},{"floor":5,"key":"AttackPotion"},{"floor":6,"key":"Energy Potion"},{"floor":11,"key":"Explosive Potion"},{"floor":23,"key":"AttackPotion"},{"floor":27,"key":"ColorlessPotion"},{"floor":33,"key":"ColorlessPotion"},{"floor":44,"key":"GamblersBrew"},{"floor":47,"key":"LiquidBronze"}],"is_trial":false,"path_per_floor":["M","M","M","M","M","E","$","M","T","?","E","M","R","M","R","B",null,"M","M","?","$","T","E","?","M","T","M","E","M","E","M","R","B",null,"M","$","?","M","$","E","R","E","T","?","M","M","E","M","R","B","B",null,"R","$","E","B"],"character_chosen":"THE_SILENT","items_purchased":["Molten Egg 2","Infinite Blades","Crippling Poison","Dramatic Entrance+1","War Paint","Leg Sweep","Happy Flower","Pantograph","Footwork","Outmaneuver","Glass Knife+1","Bandage Up","PreservedInsect","Mango","Footwork","Master of Strategy","All Out Attack+1","HandDrill","CeramicFish","Question Card","Night Terror","Tactician","Flechettes+1","Bane+1","Thinking Ahead","StrikeDummy","TheAbacus","Noxious Fumes","Skewer+1","Dramatic Entrance+1","Noxious Fumes","Apotheosis","Lantern","Bag of Marbles","Calculated Gamble","ClockworkSouvenir","Mercury Hourglass","Shuriken","PrismaticShard","Bottled Tornado","Bouncing Flask","Blur","Footwork","Tiny Chest","Ornamental Fan","Phantasmal Killer","Orichalcum","Regal Pillow","Caltrops+1","OrangePellets","Poisoned Stab+1","Accuracy+1","Doppelganger","Mayhem+1","Caltrops+1","Escape Plan","DollysMirror","Caltrops+1"],"campfire_rested":3,"item_purchase_floors":[0,0,0,0,0,0,0,0,0,0,0,0,0,0,0,0,0,0,0,0,0,0,0,0,0,0,0,0,0,0,0,0,0,0,0,0,0,0,0,0,0,0,0,0,0,0,0,7,7,21,21,36,36,36,39,39,54,54],"current_hp_per_floor":[73,73,73,77,77,76,76,76,76,76,76,76,76,76,76,57,74,77,77,77,77,77,77,77,77,77,74,80,80,80,80,80,80,85,85,85,75,75,75,75,85,83,83,80,54,54,54,54,85,67,55,78,85,85,41,0,0],"gold":88,"neow_bonus":"","is_daily":false,"chose_seed":false,"campfire_upgraded":2,"win_rate":0.0,"timestamp":1608791893,"path_taken":["M","?","M","M","M","E","$","M","T","?","E","M","R","M","R","BOSS","M","M","?","$","?","E","?","M","T","M","E","M","E","M","R","BOSS","M","$","?","M","$","E","R","E","T","?","M","M","E","M","R","BOSS","BOSS","R","$","E","BOSS"],"items_purchased_type":["Relic","Card","Card","Card","Relic","Card","Relic","Relic","Card","Card","Card","Card","Relic","Relic","Card","Card","Card","Relic","Relic","Relic","Card","Card","Card","Card","Card","Relic","Relic","Card","Card","Card","Card","Card","Relic","Relic","Card","Relic","Relic","Relic","Relic","Relic","Card","Card","Card","Relic","Relic","Card","Relic","Relic","Card","Relic","Card","Card","Card","Card","Card","Card","Relic","Card"],"build_version":"2020-12-22","purchased_purges":5,"victory":false,"max_hp_per_floor":[80,80,80,80,80,80,80,80,80,80,80,80,80,80,80,80,80,80,80,80,80,80,80,80,80,80,80,80,80,80,80,80,80,85,85,85,85,85,85,85,85,85,85,85,85,85,85,85,85,85,85,85,85,85,85,85,85],"card_choices":[{"not_picked":["Vengeance","Consecrate+1","Iron Wave+1"],"picked":"Reinforced Body","floor":1},{"not_picked":["JustLucky+1","Leg Sweep","FlurryOfBlows+1","Swivel"],"picked":"SKIP","floor":2},{"not_picked":["Coolheaded","Wild Strike+1","Power Through"],"picked":"Terror","floor":3},{"not_picked":["Quick Slash+1","Dodge and Roll","ForeignInfluence","Bloodletting"],"picked":"SKIP","floor":4},{"not_picked":["Dagger Spray+1","FlurryOfBlows+1","Shrug It Off"],"picked":"Pommel Strike+1","floor":5},{"not_picked":["ClearTheMind","Compile Driver+1","Dropkick+1"],"picked":"Creative AI+1","floor":6},{"not_picked":["Ball Lightning+1","Impatience","Nirvana+1","Warcry"],"picked":"SKIP","floor":8},{"not_picked":["White Noise","Chaos","Slice+1"],"picked":"Collect","floor":11},{"not_picked":["PathToVictory","SignatureMove+1","EmptyBody"],"picked":"White Noise","floor":12},{"not_picked":["Blade Dance","Backflip","Leap"],"picked":"Sentinel","floor":14},{"not_picked":["Fiend Fire+1","Brutality+1","Doppelganger"],"picked":"Envenom+1","floor":16},{"not_picked":["Heavy Blade+1","Steam","Sucker Punch+1"],"picked":"Backstab+1","floor":18},{"not_picked":["Underhanded Strike+1","Eviscerate+1","Loop+1"],"picked":"Predator+1","floor":19},{"not_picked":["Reinforced Body","Coolheaded","Beam Cell+1"],"picked":"Phantasmal Killer","floor":23},{"not_picked":["FlurryOfBlows+1","Force Field","Crippling Poison"],"picked":"Heel Hook+1","floor":25},{"not_picked":["Streamline+1","FlurryOfBlows+1","Perfected Strike+1"],"picked":"Backstab+1","floor":27},{"not_picked":["Bane+1","Thunderclap+1","FlyingSleeves+1"],"picked":"Shockwave+1","floor":28},{"not_picked":["Scrape+1","Sanctity","Hologram","Masterful Stab+1"],"picked":"SKIP","floor":29},{"not_picked":["Concentrate","Chill","Halt"],"picked":"Creative AI+1","floor":30},{"not_picked":["FlyingSleeves+1","Havoc","FlurryOfBlows+1"],"picked":"Conserve Battery","floor":31},{"not_picked":["Adrenaline","Envenom+1","Transmutation"],"picked":"After Image+1","floor":33},{"not_picked":["PathToVictory","Halt","Tactician"],"picked":"Cold Snap+1","floor":34},{"not_picked":["Flying Knee+1","Dagger Throw+1","Masterful Stab+1","Havoc"],"picked":"SKIP","floor":35},{"not_picked":["Secret Weapon","Apotheosis","Flash of Steel+1"],"picked":"Magnetism+1","floor":37},{"not_picked":["Dramatic Entrance+1","Blind","Deep Breath"],"picked":"Sadistic Nature+1","floor":37},{"not_picked":["Swift Strike+1","Jack Of All Trades","Mind Blast+1"],"picked":"Dark Shackles","floor":37},{"not_picked":["Prepared","Streamline+1","PanicButton"],"picked":"PiercingWail","floor":38},{"not_picked":["Streamline+1","Spot Weakness","Perfected Strike+1"],"picked":"Flash of Steel+1","floor":40},{"not_picked":["Clash+1","Aggregate","Barrage+1"],"picked":"BattleHymn+1","floor":41},{"not_picked":["Impatience+1","Pommel Strike+1","Calculated Gamble+1"],"picked":"Pray+1","floor":42},{"not_picked":["Discovery","PathToVictory","Wild Strike+1"],"picked":"Fasting2+1","floor":44},{"not_picked":["Nirvana+1","Reckless Charge+1","Wild Strike+1"],"picked":"SpiritShield","floor":45},{"not_picked":["Study+1","EmptyFist+1","Protect+1"],"picked":"Second Wind","floor":46},{"not_picked":["Sweeping Beam+1","Dropkick+1","Armaments"],"picked":"Violence","floor":47},{"not_picked":["Reflex","Burning Pact","Turbo"],"picked":"Fire Breathing+1","floor":48},{"not_picked":["Rebound+1","Steam+1","Flying Knee+1"],"picked":"Intimidate","floor":49},{"not_picked":["Cloak And Dagger","Rampage+1","Dodge and Roll+1"],"picked":"Static Discharge+1","floor":53},{"not_picked":["CutThroughFate+1","Flex","ClearTheMind"],"picked":"Capacitor+1","floor":55}],"player_experience":911215,"relics_obtained":[{"floor":6,"key":"Frozen Egg 2"},{"floor":9,"key":"Nunchaku"},{"floor":11,"key":"Bag of Preparation"},{"floor":22,"key":"Mummified Hand"},{"floor":23,"key":"Bottled Lightning"},{"floor":26,"key":"Pen Nib"},{"floor":28,"key":"Art of War"},{"floor":30,"key":"Centennial Puzzle"},{"floor":40,"key":"Gremlin Horn"},{"floor":42,"key":"Toy Ornithopter"},{"floor":44,"key":"Tingsha"},{"floor":47,"key":"Vajra"},{"floor":55,"key":"Pocketwatch"}],"event_choices":[{"damage_healed":0,"gold_gain":0,"player_choice":"Gave Potion","damage_taken":0,"relics_obtained":["Dream Catcher"],"max_hp_gain":0,"max_hp_loss":0,"event_name":"WeMeetAgain","floor":10,"gold_loss":0},{"damage_healed":0,"gold_gain":0,"player_choice":"Ignored","damage_taken":0,"max_hp_gain":0,"max_hp_loss":0,"event_name":"Ghosts","floor":20,"gold_loss":0},{"cards_removed":["Defend_G"],"damage_healed":0,"gold_gain":0,"player_choice":"Purged","damage_taken":0,"max_hp_gain":0,"max_hp_loss":0,"event_name":"Purifier","floor":24,"gold_loss":0},{"damage_healed":0,"gold_gain":0,"player_choice":"Memory 3","damage_taken":10,"max_hp_gain":0,"max_hp_loss":0,"event_name":"SensoryStone","floor":37,"gold_loss":0},{"damage_healed":0,"gold_gain":0,"player_choice":"Fight","damage_taken":0,"max_hp_gain":0,"max_hp_loss":0,"event_name":"MindBloom","floor":44,"gold_loss":0}],"is_beta":false,"boss_relics":[{"not_picked":["Ring of the Serpent","Empty Cage"],"picked":"HoveringKite"},{"not_picked":["Snecko Eye","Runic Dome"],"picked":"Tiny House"}],"items_purged_floors":[0,0,0,0,0],"is_endless":false,"potions_floor_spawned":[1,5,6,8,11,23,27,29,30,33,44,46,47],"killed_by":"The Heart","ascension_level":20}}