{"host":"e2ju6k0wppswbhbd","time":1608833406,"event":{"mods":["BaseMod","Minty Spire (QoL Compilation)","Rare Cards Sparkle","StSLib"],"gold_per_floor":[117,136,155,155,35,35,65,65,118,5,35,35,56,74,74,172,172,182,201,201,218,218,252,252,252,306,306,306,221,247,267,267,363,363,375,425,425,442,5,40,40,65,65,65,65,65,119,134,134,134,134,134,56,84,84,84],"floor_reached":55,"playtime":8995,"items_purged":[],"score":792,"play_id":"0444acd9-469b-4515-8023-665007f2ae1d","local_time":"20201224191006","is_ascension_mode":false,"campfire_choices":[{"floor":6.0,"key":"RECALL"},{"data":"Eruption","floor":8.0,"key":"SMITH"},{"data":"Vigilance","floor":12.0,"key":"SMITH"},{"data":"Study","floor":15.0,"key":"SMITH"},{"floor":24.0,"key":"REST"},{"floor":28.0,"key":"REST"},{"floor":32.0,"key":"REST"},{"floor":41.0,"key":"REST"},{"floor":44.0,"key":"REST"},{"floor":49.0,"key":"REST"},{"floor":52.0,"key":"REST"}],"circlet_count":0,"master_deck":["Strike_P","Strike_P","Strike_P","Defend_P","Defend_P","Defend_P","Eruption+1","Vigilance+1","FlyingSleeves","Prostrate","EmptyBody","Protect","SignatureMove","Study+1","Crescendo","Mind Blast","JustLucky","Meditate","PathToVictory","Alpha","FollowUp+1","CutThroughFate","MentalFortress","RitualDagger","ForeignInfluence+1","Meditate+1","Prostrate+1","Vault","TalkToTheHand+1","ClearTheMind","Protect+1","Secret Technique","CarveReality","Crescendo","Scrawl","ThirdEye+1","SandsOfTime+1","Injury","Panacea","Metamorphosis","Pain","DeceiveReality","DeusExMachina","Ragnarok"],"relics":["PureWater","Bag of Preparation","Eternal Feather","Odd Mushroom","Fusion Hammer","Ornamental Fan","Nunchaku","Pocketwatch","Singing Bowl","Question Card","Cursed Key","Mango","Darkstone Periapt","Bottled Flame","Gremlin Horn","Blood Vial","Pantograph"],"acts_visited":["Exordium","TheCity","TheBeyond","TheEnding"],"potions_floor_usage":[55],"damage_taken":[{"damage":0.0,"enemies":"2 Louse","floor":1.0,"turns":4.0},{"damage":0.0,"enemies":"Cultist","floor":2.0,"turns":3.0},{"damage":0.0,"enemies":"Small Slimes","floor":3.0,"turns":4.0},{"damage":11.0,"enemies":"Lagavulin","floor":7.0,"turns":7.0},{"damage":21.0,"enemies":"3 Sentries","floor":11.0,"turns":8.0},{"damage":7.0,"enemies":"The Mushroom Lair","floor":13.0,"turns":4.0},{"damage":2.0,"enemies":"Exordium Thugs","floor":14.0,"turns":5.0},{"damage":35.0,"enemies":"Slime Boss","floor":16.0,"turns":11.0},{"damage":5.0,"enemies":"Shell Parasite","floor":18.0,"turns":4.0},{"damage":0.0,"enemies":"Spheric Guardian","floor":19.0,"turns":3.0},{"damage":0.0,"enemies":"Centurion and Healer","floor":21.0,"turns":4.0},{"damage":39.0,"enemies":"Slavers","floor":23.0,"turns":4.0},{"damage":23.0,"enemies":"Book of Stabbing","floor":30.0,"turns":5.0},{"damage":11.0,"enemies":"Snecko","floor":31.0,"turns":7.0},{"damage":67.0,"enemies":"Collector","floor":33.0,"turns":8.0},{"damage":1.0,"enemies":"3 Shapes","floor":35.0,"turns":6.0},{"damage":0.0,"enemies":"Mind Bloom Boss Battle","floor":36.0,"turns":7.0},{"damage":18.0,"enemies":"3 Darklings","floor":38.0,"turns":9.0},{"damage":41.0,"enemies":"Reptomancer","floor":40.0,"turns":9.0},{"damage":9.0,"enemies":"Nemesis","floor":42.0,"turns":6.0},{"damage":17.0,"enemies":"Spire Growth","floor":48.0,"turns":4.0},{"damage":48.0,"enemies":"Awakened One","floor":50.0,"turns":11.0},{"damage":77,"enemies":"Shield and Spear","floor":54,"turns":7},{"damage":158,"enemies":"The Heart","floor":55,"turns":6}],"seed_played":"-8304573155448420308","potions_obtained":[{"floor":3.0,"key":"Ancient Potion"},{"floor":7.0,"key":"Weak Potion"},{"floor":11.0,"key":"Fruit Juice"},{"floor":13.0,"key":"FairyPotion"},{"floor":18.0,"key":"Block Potion"},{"floor":19.0,"key":"Ancient Potion"},{"floor":21.0,"key":"Explosive Potion"},{"floor":31.0,"key":"LiquidBronze"},{"floor":33.0,"key":"SpeedPotion"},{"floor":38.0,"key":"BottledMiracle"},{"floor":42.0,"key":"FearPotion"},{"floor":48.0,"key":"SpeedPotion"}],"is_trial":false,"path_per_floor":["M","M","M","?","$","R","E","R","T","$","E","R","?","M","R","B",null,"M","M","?","M","?","E","R","?","T","?","R","?","E","M","R","B",null,"M","?","?","M","$","E","R","E","T","R","?","?","T","M","R","B",null,"R","$","E","B"],"character_chosen":"WATCHER","items_purchased":["SignatureMove","Study","Mind Blast","FlurryOfBlows","Secret Technique","CarveReality","Crescendo","Scrawl","DeusExMachina"],"campfire_rested":7,"item_purchase_floors":[5,5,10,10,39,39,39,39,53],"current_hp_per_floor":[72,72,72,72,72,72,61,61,61,61,45,54,47,45,57,22,77,72,72,72,72,66,27,65,51,51,51,82,82,59,48,82,15,82,81,95,95,77,77,36,85,76,82,102,97,97,103,88,108,60,108,108,108,31,0,0],"gold":84,"neow_bonus":"TRANSFORM_CARD","is_daily":false,"chose_seed":false,"campfire_upgraded":3,"win_rate":0.0,"timestamp":1608833406,"path_taken":["M","M","M","?","?","R","E","R","T","$","E","R","?","M","R","BOSS","M","M","?","M","?","E","R","?","T","?","R","?","E","M","R","BOSS","M","?","?","M","$","E","R","E","T","R","?","?","?","?","R","BOSS","R","$","E","BOSS"],"items_purchased_type":["Card","Card","Card","Card","Card","Card","Card","Card","Card"],"build_version":"2020-12-22","purchased_purges":0,"victory":false,"max_hp_per_floor":[72,72,72,72,72,72,72,72,72,72,77,77,77,77,77,77,77,77,77,77,77,77,77,77,82,82,82,82,82,82,82,82,82,82,82,96,96,96,96,96,96,96,102,102,102,102,108,108,108,108,108,108,108,108,108,108],"card_choices":[{"not_picked":["EmptyBody","WindmillStrike"],"picked":"Prostrate","floor":1.0},{"not_picked":["BowlingBash","Crescendo"],"picked":"EmptyBody","floor":2.0},{"not_picked":["BattleHymn","TalkToTheHand"],"picked":"Protect","floor":3.0},{"not_picked":["BowlingBash","FlyingSleeves"],"picked":"Crescendo","floor":7.0},{"not_picked":["Study","ForeignInfluence"],"picked":"JustLucky","floor":11.0},{"not_picked":["Protect","JustLucky"],"picked":"Meditate","floor":13.0},{"not_picked":["Collect","Nirvana"],"picked":"PathToVictory","floor":14.0},{"not_picked":["Wish","MasterReality"],"picked":"Alpha","floor":16.0},{"not_picked":["FlyingSleeves","Halt"],"picked":"FollowUp+1","floor":18.0},{"not_picked":["Pray+1","Crescendo"],"picked":"CutThroughFate","floor":19.0},{"not_picked":["JustLucky","Crescendo"],"picked":"MentalFortress","floor":21.0},{"not_picked":["SignatureMove","EmptyFist"],"picked":"ForeignInfluence+1","floor":23.0},{"not_picked":["SandsOfTime","WreathOfFlame"],"picked":"Meditate+1","floor":30.0},{"not_picked":["EmptyMind","CutThroughFate","SashWhip"],"picked":"Prostrate+1","floor":31.0},{"not_picked":["Brilliance","ConjureBlade","Devotion"],"picked":"Vault","floor":33.0},{"not_picked":["ReachHeaven+1","CrushJoints","FlyingSleeves"],"picked":"TalkToTheHand+1","floor":35.0},{"not_picked":["EmptyFist","Crescendo+1","Tantrum+1"],"picked":"ClearTheMind","floor":36.0},{"not_picked":["SignatureMove+1","Evaluate+1","CrushJoints"],"picked":"Protect+1","floor":38.0},{"not_picked":["Vengeance","ConjureBlade","BowlingBash"],"picked":"ThirdEye+1","floor":40.0},{"not_picked":["Crescendo+1","CrushJoints+1","MentalFortress+1"],"picked":"SandsOfTime+1","floor":42.0},{"not_picked":["Enlightenment","Trip","Madness"],"picked":"Panacea","floor":45.0},{"not_picked":["Discovery","Panacea","Magnetism"],"picked":"Metamorphosis","floor":45.0},{"not_picked":["SashWhip","Crescendo","Consecrate+1"],"picked":"DeceiveReality","floor":48.0},{"not_picked":["Conclude","FlyingSleeves","EmptyFist"],"picked":"Ragnarok","floor":54}],"player_experience":2565677,"relics_obtained":[{"floor":7.0,"key":"Bag of Preparation"},{"floor":11.0,"key":"Eternal Feather"},{"floor":13.0,"key":"Odd Mushroom"},{"floor":23.0,"key":"Ornamental Fan"},{"floor":26.0,"key":"Nunchaku"},{"floor":30.0,"key":"Question Card"},{"floor":36.0,"key":"Mango"},{"floor":40.0,"key":"Darkstone Periapt"},{"floor":42.0,"key":"Bottled Flame"},{"floor":43.0,"key":"Gremlin Horn"},{"floor":47.0,"key":"Blood Vial"},{"floor":54,"key":"Pantograph"}],"event_choices":[{"cards_removed":["Defend_P"],"damage_healed":0.0,"max_hp_gain":0.0,"max_hp_loss":0.0,"gold_gain":0.0,"event_name":"Purifier","player_choice":"Purged","floor":4.0,"gold_loss":0.0,"damage_taken":0.0},{"damage_healed":0.0,"max_hp_gain":0.0,"max_hp_loss":0.0,"gold_gain":0.0,"event_name":"Mushrooms","player_choice":"Fought Mushrooms","floor":13.0,"gold_loss":0.0,"damage_taken":0.0},{"damage_healed":0.0,"max_hp_gain":0.0,"max_hp_loss":0.0,"gold_gain":0.0,"event_name":"Vampires","player_choice":"Ignored","floor":20.0,"gold_loss":0.0,"damage_taken":0.0},{"damage_healed":0.0,"max_hp_gain":0.0,"max_hp_loss":0.0,"gold_gain":0.0,"event_name":"Nest","player_choice":"Joined the Cult","floor":22.0,"gold_loss":0.0,"damage_taken":6.0,"cards_obtained":["RitualDagger"]},{"damage_healed":0.0,"max_hp_gain":5.0,"max_hp_loss":0.0,"gold_gain":0.0,"event_name":"Forgotten Altar","player_choice":"Shed Blood","floor":25.0,"gold_loss":0.0,"damage_taken":19.0},{"damage_healed":0.0,"max_hp_gain":0.0,"max_hp_loss":0.0,"gold_gain":0.0,"event_name":"The Mausoleum","player_choice":"Opened","floor":27.0,"gold_loss":0.0,"damage_taken":0.0,"relics_obtained":["Pocketwatch"]},{"damage_healed":0.0,"max_hp_gain":0.0,"max_hp_loss":0.0,"gold_gain":0.0,"event_name":"Addict","player_choice":"Obtained Relic","floor":29.0,"gold_loss":85.0,"damage_taken":0.0,"relics_obtained":["Singing Bowl"]},{"damage_healed":0.0,"max_hp_gain":0.0,"max_hp_loss":0.0,"gold_gain":0.0,"event_name":"MindBloom","player_choice":"Fight","floor":36.0,"gold_loss":0.0,"damage_taken":0.0},{"damage_healed":0.0,"max_hp_gain":0.0,"max_hp_loss":0.0,"gold_gain":0.0,"event_name":"Tomb of Lord Red Mask","player_choice":"Ignored","floor":37.0,"gold_loss":0.0,"damage_taken":0.0},{"damage_healed":0.0,"max_hp_gain":0.0,"max_hp_loss":0.0,"gold_gain":0.0,"event_name":"SensoryStone","player_choice":"Memory 2","floor":45.0,"gold_loss":0.0,"damage_taken":5.0},{"cards_removed":["FlurryOfBlows"],"damage_healed":0.0,"max_hp_gain":0.0,"max_hp_loss":0.0,"gold_gain":0.0,"event_name":"Falling","player_choice":"Removed Attack","floor":46.0,"gold_loss":0.0,"damage_taken":0.0}],"is_beta":false,"boss_relics":[{"not_picked":["SacredBark","Calling Bell"],"picked":"Fusion Hammer"},{"not_picked":["SlaversCollar","Coffee Dripper"],"picked":"Cursed Key"}],"items_purged_floors":[],"is_endless":false,"potions_floor_spawned":[3,7,11,13,18,19,21,31,33,38,42,48],"killed_by":"The Heart","ascension_level":0}}