{"host":"e4wnmsyty9uvvtwf","time":1608813745,"event":{"mods":["Aspiration","BaseMod","Colored Map","Colored Powertips","Marisa£®ÏF”Í°°ƒß¿Ì…≥£©","Minty Spire (QoL Compilation)","Rare Cards Sparkle","Replay The Spire","StSLib"],"gold_per_floor":[115,115,134,153,170,170,187,215,238,238,266,278,48,98,98,108,108],"floor_reached":16,"playtime":509,"items_purged":[],"score":202,"play_id":"12aa8408-182f-4904-a41a-28e2ec8f3290","local_time":"20201224204225","is_ascension_mode":true,"campfire_choices":[{"floor":6,"key":"REST"},{"data":"Eruption","floor":10,"key":"SMITH"},{"floor":15,"key":"REST"}],"circlet_count":0,"master_deck":["AscendersBane","Strike_P","Strike_P","Strike_P","Strike_P","Defend_P","Defend_P","Defend_P","Defend_P","Eruption+1","Vigilance","Swivel","BowlingBash","Prostrate","CutThroughFate","JustLucky","TalkToTheHand","Consecrate","Replay:DivineShield","LessonLearned","Halt"],"relics":["PureWater","Calipers","Akabeko","Juzu Bracelet","Bag of Preparation","Ring of Greed","Replay:Bandana","Membership Card","Ring of Panic"],"acts_visited":["Exordium"],"potions_floor_usage":[8],"damage_taken":[{"damage":13,"enemies":"Small Slimes","floor":1,"turns":3},{"damage":0,"enemies":"Cultist","floor":3,"turns":4},{"damage":3,"enemies":"Jaw Worm","floor":4,"turns":7},{"damage":12,"enemies":"Large Slime","floor":5,"turns":7},{"damage":7,"enemies":"2 Fungi Beasts","floor":7,"turns":4},{"damage":20,"enemies":"Gremlin Nob","floor":8,"turns":3},{"damage":19,"enemies":"3 Sentries","floor":11,"turns":6},{"damage":0,"enemies":"3 Louse","floor":12,"turns":2},{"damage":14,"enemies":"Hexaghost","floor":16,"turns":9}],"seed_played":"-4223035172267381742","potions_obtained":[{"floor":2,"key":"Milkshake"},{"floor":2,"key":"FairyPotion"},{"floor":5,"key":"Energy Potion"},{"floor":7,"key":"DuplicationPotion"},{"floor":11,"key":"Fire Potion"},{"floor":12,"key":"Ancient Potion"}],"is_trial":false,"path_per_floor":["M","?","M","M","M","R","M","E","T","R","E","M","$","?","R","B"],"character_chosen":"WATCHER","items_purchased":["LessonLearned","Halt"],"campfire_rested":2,"item_purchase_floors":[13,13],"current_hp_per_floor":[30,30,30,27,15,35,28,8,8,8,17,17,17,17,37,23,23],"gold":108,"neow_bonus":"ONE_RARE_RELIC","is_daily":false,"chose_seed":false,"campfire_upgraded":1,"win_rate":0.0,"timestamp":1608813745,"path_taken":["M","?","M","?","M","R","M","E","T","R","E","M","$","?","R","BOSS"],"items_purchased_type":["Card","Card"],"build_version":"2020-12-22","purchased_purges":0,"victory":false,"max_hp_per_floor":[68,68,68,68,68,68,68,68,68,68,68,68,68,68,68,68,68],"card_choices":[{"not_picked":["CrushJoints","Replay:Hum"],"picked":"Swivel","floor":1},{"not_picked":["MentalFortress","Pray"],"picked":"BowlingBash","floor":3},{"not_picked":["Perseverance","ThirdEye"],"picked":"Prostrate","floor":4},{"not_picked":["SashWhip","PathToVictory"],"picked":"CutThroughFate","floor":5},{"not_picked":["Collect","Crescendo"],"picked":"JustLucky","floor":7},{"not_picked":["Replay:Cycle","Wish"],"picked":"TalkToTheHand","floor":8},{"not_picked":["Evaluate","BowlingBash"],"picked":"Consecrate","floor":11},{"not_picked":["MentalFortress","Replay:BluntJabs"],"picked":"Replay:DivineShield","floor":12}],"player_experience":639162,"relics_obtained":[{"floor":8,"key":"Akabeko"},{"floor":9,"key":"Juzu Bracelet"},{"floor":11,"key":"Bag of Preparation"},{"floor":14,"key":"Ring of Greed"},{"floor":14,"key":"Replay:Bandana"},{"floor":14,"key":"Membership Card"},{"floor":14,"key":"Ring of Panic"}],"event_choices":[{"damage_healed":0,"gold_gain":0,"player_choice":"Got Potions","damage_taken":0,"max_hp_gain":0,"max_hp_loss":0,"event_name":"Lab","floor":2,"gold_loss":0}],"is_beta":false,"boss_relics":[],"items_purged_floors":[],"is_endless":false,"potions_floor_spawned":[4,5,7,11,12],"killed_by":"Hexaghost","ascension_level":16}}