{"host":"k5dhp0bkccqfauyu","time":1608810520,"event":{"mods":["BaseMod","Better Note","Better Skull","Better Vampires","Colored Map","Colored Powertips","DeckTracker","Minty Spire (QoL Compilation)","Permanent Neow","StSLib","SuperFastMode"],"gold_per_floor":[113,129,148,14,25,25,58,74,155,168,10,43,93,36,36,36,36],"floor_reached":16,"playtime":724,"items_purged":["Strike_B"],"score":224,"play_id":"ed9ae174-e10b-4d5e-8ac6-3eb2dc743f7e","local_time":"20201224224840","is_ascension_mode":true,"campfire_choices":[{"floor":6,"key":"REST"},{"data":"Creative AI","floor":15,"key":"SMITH"}],"circlet_count":0,"master_deck":["AscendersBane","Strike_B","Strike_B","Strike_B","Defend_B","Defend_B","Defend_B","Defend_B","Zap","Dualcast","Doom and Gloom","BootSequence","Compile Driver","Turbo","Redo","Defragment","Coolheaded","Sunder+1","Creative AI+1","Undo","Self Repair","Hologram","Conserve Battery"],"relics":["Inserter","Bottled Lightning","Molten Egg 2","Orrery","Incense Burner"],"acts_visited":["Exordium"],"potions_floor_usage":[7,7,12,16],"damage_taken":[{"damage":1,"enemies":"Cultist","floor":1,"turns":3},{"damage":10,"enemies":"Small Slimes","floor":2,"turns":3},{"damage":2,"enemies":"Jaw Worm","floor":3,"turns":3},{"damage":26,"enemies":"Lots of Slimes","floor":5,"turns":5},{"damage":29,"enemies":"Gremlin Nob","floor":7,"turns":4},{"damage":3,"enemies":"Large Slime","floor":8,"turns":5},{"damage":0,"enemies":"2 Fungi Beasts","floor":10,"turns":4},{"damage":7,"enemies":"Lagavulin","floor":12,"turns":10},{"damage":10,"enemies":"Hexaghost","floor":16,"turns":9}],"seed_played":"-565384390050761183","potions_obtained":[{"floor":1,"key":"Ancient Potion"},{"floor":5,"key":"FocusPotion"},{"floor":10,"key":"GamblersBrew"}],"is_trial":false,"path_per_floor":["M","M","M","$","M","R","E","M","T","M","$","E","?","$","R","B"],"character_chosen":"DEFECT","items_purchased":["Turbo","Orrery","FocusPotion"],"campfire_rested":1,"item_purchase_floors":[4,11,14],"current_hp_per_floor":[63,53,51,51,25,46,17,14,14,14,14,14,7,7,7,0,0],"gold":36,"neow_bonus":"BOSS_RELIC","is_daily":false,"chose_seed":false,"campfire_upgraded":1,"win_rate":0.0,"timestamp":1608810520,"path_taken":["M","M","M","$","M","R","E","M","T","?","?","E","?","$","R","BOSS"],"items_purchased_type":["Card","Relic","Potion"],"build_version":"2020-12-22","purchased_purges":1,"victory":false,"max_hp_per_floor":[71,71,71,71,71,71,71,71,71,71,71,71,71,71,71,71,71],"card_choices":[{"not_picked":["FTL","Cold Snap"],"picked":"Doom and Gloom","floor":1},{"not_picked":["Beam Cell","Loop"],"picked":"BootSequence","floor":2},{"not_picked":["Sweeping Beam","Gash"],"picked":"Compile Driver","floor":3},{"not_picked":["Reprogram","Loop"],"picked":"Redo","floor":5},{"not_picked":["Rebound","Fusion"],"picked":"Defragment","floor":7},{"not_picked":["Cold Snap","Go for the Eyes"],"picked":"Coolheaded","floor":8},{"not_picked":["Conserve Battery","Hello World"],"picked":"Sunder+1","floor":10},{"not_picked":["Coolheaded","Auto Shields"],"picked":"Creative AI","floor":11},{"not_picked":["Sweeping Beam+1","Compile Driver+1"],"picked":"Undo","floor":11},{"not_picked":["Sweeping Beam+1","Darkness"],"picked":"Self Repair","floor":11},{"not_picked":["Blizzard+1","Redo"],"picked":"Hologram","floor":11},{"not_picked":["All For One+1","Compile Driver+1"],"picked":"Conserve Battery","floor":11},{"not_picked":["Rip and Tear+1","Stack","Aggregate"],"picked":"SKIP","floor":12}],"player_experience":1820640,"relics_obtained":[{"floor":7,"key":"Bottled Lightning"},{"floor":9,"key":"Molten Egg 2"},{"floor":12,"key":"Incense Burner"}],"event_choices":[{"damage_healed":0,"gold_gain":50,"player_choice":"Touch","damage_taken":7,"max_hp_gain":0,"max_hp_loss":0,"event_name":"FaceTrader","floor":13,"gold_loss":0}],"is_beta":false,"boss_relics":[],"items_purged_floors":[4],"is_endless":false,"potions_floor_spawned":[1,5,10],"killed_by":"Hexaghost","ascension_level":20}}