{"host":"qy6st0zp32tctd9l","time":1608819941,"event":{"mods":["Act Like it!","BaseMod","Colored Map","Hallownest","Marisa£®ÏF”Í°°ƒß¿Ì…≥£©","Minty Spire (QoL Compilation)","StSLib","The Bug Knight","UnlockEverythingMod"],"gold_per_floor":[15,15,33,48,13,40,51,84,84,184,199,199,199,224,224,224,224],"floor_reached":16,"playtime":748,"items_purged":[],"score":151,"play_id":"7b9f19ba-a7fd-4a6d-b883-2acfd198e1b3","local_time":"20201224222541","is_ascension_mode":true,"campfire_choices":[{"data":"HollowMod:GreatSlash","floor":12.0,"key":"SMITH"},{"floor":15,"key":"RECALL"}],"circlet_count":0,"master_deck":["HollowMod:NailStrikeStart","HollowMod:NailStrikeStart","HollowMod:NailStrikeStart","HollowMod:NailStrikeStart","HollowMod:QuickDashStart","HollowMod:QuickDashStart","HollowMod:QuickDashStart","HollowMod:QuickDashStart","HollowMod:FocusHealStart","HollowMod:PogoStrike","HollowMod:CycloneSlash","HollowMod:PerfectDash","HollowMod:GreatSlash+1","HollowMod:GrimmsGift","HollowMod:AwokenDreamNail"],"relics":["HollowMod:VesselMask","FossilizedHelix","HollowMod:LumaflyLanternRelic","Question Card","Singing Bowl","Frozen Egg 2"],"acts_visited":["Exordium"],"potions_floor_usage":[],"damage_taken":[{"damage":0.0,"enemies":"Hallownest:2_Baldur","floor":1.0,"turns":4.0},{"damage":0.0,"enemies":"Hallownest:monsterHuskWarrior","floor":3.0,"turns":3.0},{"damage":0.0,"enemies":"Hallownest:2_MossCreeps","floor":4.0,"turns":4.0},{"damage":29.0,"enemies":"Hallownest:eliteCrystalGuardian","floor":6.0,"turns":8.0},{"damage":0.0,"enemies":"Hallownest:monsterMossCharger","floor":7.0,"turns":5.0},{"damage":11.0,"enemies":"Hallownest:eliteMossKnight","floor":8.0,"turns":14.0},{"damage":0.0,"enemies":"Hallownest:monsterFoolEater","floor":11.0,"turns":3.0},{"damage":0,"enemies":"Hallownest:eliteVengeflyKing","floor":14,"turns":5},{"damage":26,"enemies":"Hallownest:BossHornet","floor":16,"turns":7}],"seed_played":"185041832969810893","potions_obtained":[{"floor":1.0,"key":"FearPotion"},{"floor":11.0,"key":"Weak Potion"}],"is_trial":false,"path_per_floor":["M","$","M","M","?","E","M","E","T","?","M","R","?","E","R","B"],"character_chosen":"THE_BUGKNIGHT","items_purchased":[],"campfire_rested":0,"item_purchase_floors":[],"current_hp_per_floor":[75,75,75,75,80,57,63,62,62,62,62,62,62,62,62,42,42],"gold":224,"neow_bonus":"ONE_RARE_RELIC","is_daily":false,"chose_seed":false,"campfire_upgraded":1,"win_rate":0.0,"timestamp":1608819941,"path_taken":["M","$","M","M","?","E","M","E","T","?","M","R","?","E","R","BOSS"],"items_purchased_type":[],"build_version":"2020-12-22","purchased_purges":0,"victory":false,"max_hp_per_floor":[75,75,75,75,80,80,80,80,80,80,80,80,80,80,80,80,80],"card_choices":[{"not_picked":["HollowMod:FallenFury","HollowMod:SharpenedNail","HollowMod:SharpenedShadows"],"picked":"SKIP","floor":1.0},{"not_picked":["HollowMod:QuirrelsAssistance","HollowMod:VengefulVoid"],"picked":"HollowMod:CycloneSlash","floor":3.0},{"not_picked":["HollowMod:BaldurShell","HollowMod:SoulStrike"],"picked":"HollowMod:PerfectDash","floor":4.0},{"not_picked":["HollowMod:CrystalDash","HollowMod:DoubleDash","HollowMod:CycloneSlash"],"picked":"SKIP","floor":6.0},{"not_picked":["HollowMod:BlackTendrils","HollowMod:CoiledNail","HollowMod:CornifersMapStart"],"picked":"SKIP","floor":7.0},{"not_picked":["HollowMod:VengefulSpirit","HollowMod:ShadowDash"],"picked":"HollowMod:GreatSlash","floor":8.0},{"not_picked":["HollowMod:Grubsong","HollowMod:DashSlash","HollowMod:CornifersMapStart"],"picked":"HollowMod:GrimmsGift","floor":11.0},{"not_picked":["HollowMod:InfectedCysts","HollowMod:MantisMark","HollowMod:RecoilStrike"],"picked":"HollowMod:AwokenDreamNail","floor":14}],"player_experience":103832,"relics_obtained":[{"floor":6.0,"key":"HollowMod:LumaflyLanternRelic"},{"floor":8.0,"key":"Question Card"},{"floor":9.0,"key":"Singing Bowl"},{"floor":14,"key":"Frozen Egg 2"}],"event_choices":[],"is_beta":false,"boss_relics":[],"items_purged_floors":[],"is_endless":false,"potions_floor_spawned":[1,11,14],"killed_by":"Hallownest:BossHornet","ascension_level":1}}