{"host":"kh6fvhxn285ncg0o","time":1608793321,"event":{"mods":["Act Like it!","BaseMod","Colored Map","Friendly Minions","Keyboard Shortcuts","Minty Spire (QoL Compilation)","Quick Restart","Relic Stats","StSLib","SuperFastMode"],"gold_per_floor":[117,117,117,130,130,156,306,336,359,359,389,314,70,80,80,152,152,163,163,175,201,215,215,240,85,110,128,128,162,176,176,176,252,252,262,273,286,335,335,367,367,398,422,453,453,466,484,706,706,706,706,706,706,67,98,98],"floor_reached":57,"playtime":1768,"items_purged":["Strike_R","Strike_R","Strike_R+1"],"score":3217,"play_id":"02616c74-0ea1-4a8a-aba1-895ad5c6ded7","local_time":"20201224160201","is_ascension_mode":true,"campfire_choices":[{"data":"Fire Breathing","floor":10.0,"key":"SMITH"},{"data":"Battle Trance","floor":15,"key":"SMITH"},{"data":"Offering","floor":23,"key":"SMITH"},{"data":"Body Slam","floor":28,"key":"SMITH"},{"data":"Shrug It Off","floor":32,"key":"SMITH"},{"data":"Second Wind","floor":41,"key":"SMITH"},{"data":"Feel No Pain","floor":45,"key":"SMITH"},{"floor":49,"key":"RECALL"},{"data":"Shockwave","floor":53,"key":"SMITH"}],"circlet_count":0,"master_deck":["AscendersBane","Defend_R+1","Defend_R","Defend_R","Defend_R+1","Bash","Fire Breathing+1","Shockwave+1","Second Wind+1","Battle Trance+1","Offering+1","CurseOfTheBell","Seeing Red","Body Slam+1","Flash of Steel+1","Pommel Strike+1","Shrug It Off+1","Power Through+1","Parasite","Feel No Pain+1","Rage+1","Discovery","Impervious"],"relics":["Burning Blood","NeowsBlessing","HornCleat","Nunchaku","Oddly Smooth Stone","War Paint","Red Skull","Girya","Bronze Scales","Calling Bell","Potion Belt","Pantograph","Champion Belt","Smiling Mask","Red Mask","Strawberry","Ancient Tea Set","Akabeko","Coffee Dripper","Torii","Blood Vial","Whetstone","Happy Flower","TheAbacus","Paper Frog","Lantern"],"acts_visited":["Exordium","TheCity","TheBeyond","TheEnding"],"potions_floor_usage":[24,24,38,40,42,51,55,56,56],"damage_taken":[{"damage":0.0,"enemies":"Small Slimes","floor":1.0,"turns":1.0},{"damage":0.0,"enemies":"Jaw Worm","floor":4.0,"turns":1.0},{"damage":0.0,"enemies":"Gremlin Nob","floor":6.0,"turns":1.0},{"damage":12.0,"enemies":"3 Sentries","floor":8.0,"turns":5.0},{"damage":33,"enemies":"Lagavulin","floor":11,"turns":8},{"damage":0,"enemies":"2 Louse","floor":14,"turns":2},{"damage":6,"enemies":"Hexaghost","floor":16,"turns":8},{"damage":10,"enemies":"Shell Parasite","floor":18,"turns":7},{"damage":18,"enemies":"Spheric Guardian","floor":20,"turns":5},{"damage":6,"enemies":"Masked Bandits","floor":21,"turns":2},{"damage":3,"enemies":"Snake Plant","floor":22,"turns":4},{"damage":24,"enemies":"Gremlin Leader","floor":24,"turns":6},{"damage":15,"enemies":"Shelled Parasite and Fungi","floor":27,"turns":4},{"damage":18,"enemies":"Slavers","floor":29,"turns":5},{"damage":0,"enemies":"3 Cultists","floor":30,"turns":3},{"damage":13,"enemies":"Collector","floor":33,"turns":4},{"damage":0,"enemies":"Orb Walker","floor":35,"turns":3},{"damage":0,"enemies":"3 Darklings","floor":36,"turns":3},{"damage":6,"enemies":"Writhing Mass","floor":37,"turns":5},{"damage":15,"enemies":"2 Orb Walkers","floor":38,"turns":4},{"damage":53,"enemies":"Nemesis","floor":40,"turns":9},{"damage":6,"enemies":"Reptomancer","floor":42,"turns":3},{"damage":6,"enemies":"Giant Head","floor":44,"turns":4},{"damage":0,"enemies":"Maw","floor":46,"turns":5},{"damage":6,"enemies":"4 Shapes","floor":47,"turns":2},{"damage":6,"enemies":"Donu and Deca","floor":50,"turns":6},{"damage":55,"enemies":"Time Eater","floor":51,"turns":15},{"damage":9,"enemies":"Shield and Spear","floor":55,"turns":5},{"damage":33,"enemies":"The Heart","floor":56,"turns":6}],"seed_played":"4710962630936908102","potions_obtained":[{"floor":11,"key":"AttackPotion"},{"floor":20,"key":"Swift Potion"},{"floor":21,"key":"SpeedPotion"},{"floor":27,"key":"SteroidPotion"},{"floor":29,"key":"Regen Potion"},{"floor":30,"key":"BloodPotion"},{"floor":38,"key":"LiquidBronze"},{"floor":40,"key":"Explosive Potion"},{"floor":44,"key":"EssenceOfSteel"},{"floor":47,"key":"LiquidMemories"}],"is_trial":false,"path_per_floor":["M","?","T","M","?","E","?","E","T","R","E","?","$","M","R","B",null,"M","?","M","?","M","R","E","$","T","M","R","E","M","?","R","B",null,"M","M","M","?","?","E","R","E","T","E","R","M","M","?","R","B","B",null,"R","$","E","B",null],"character_chosen":"IRONCLAD","items_purchased":["Bronze Scales","Flash of Steel","TheAbacus","Swift Potion","Discovery","Paper Frog"],"campfire_rested":0,"item_purchase_floors":[13,25,54,54,54,54],"current_hp_per_floor":[74,74,74,75,40,46,46,40,40,40,13,13,13,19,19,19,61,57,57,45,45,48,48,37,37,37,28,28,16,22,22,22,40,72,78,82,82,73,73,41,41,52,52,54,54,62,64,64,64,78,29,66,66,66,65,51],"gold":98,"neow_bonus":"THREE_ENEMY_KILL","is_daily":false,"chose_seed":false,"campfire_upgraded":8,"win_rate":0.0,"timestamp":1608793321,"path_taken":["M","?","?","M","?","E","?","E","T","R","E","?","$","M","R","BOSS","M","?","M","?","M","R","E","$","T","M","R","E","M","?","R","BOSS","M","M","M","?","?","E","R","E","T","E","R","M","M","?","R","BOSS","BOSS","R","$","E","BOSS"],"items_purchased_type":["Relic","Card","Relic","Potion","Card","Relic"],"build_version":"2020-12-22","purchased_purges":3,"victory":true,"max_hp_per_floor":[75,75,75,75,75,75,75,75,75,75,75,75,75,75,75,75,75,75,75,75,75,75,75,82,82,82,82,82,82,82,82,82,82,82,82,82,82,82,78,78,78,78,78,78,78,78,78,78,78,78,78,78,78,78,78,78],"relic_stats":{"Torii":14,"Happy Flower":[13],"counters":[29,136],"Whetstone":["Strike_R","Flash of Steel"],"War Paint":["Defend_R","Defend_R"],"Smiling Mask":125,"Burning Blood":167,"Blood Vial":14,"Nunchaku":[25],"TheAbacus":[108],"Bronze Scales":[422],"Pantograph":48,"Champion Belt":[67],"obtain_stats":[{"Lantern":55,"Torii":38,"Whetstone":42,"Smiling Mask":19,"Ancient Tea Set":26,"Burning Blood":0,"Blood Vial":40,"Nunchaku":5,"HornCleat":3,"TheAbacus":54,"Pantograph":17,"Strawberry":24,"Red Mask":21,"Red Skull":9,"Paper Frog":54,"Potion Belt":17,"Girya":11,"NeowsBlessing":0,"Happy Flower":44,"Oddly Smooth Stone":6,"War Paint":8,"Akabeko":29,"Calling Bell":17,"Bronze Scales":13,"Coffee Dripper":34,"Champion Belt":17},{"Lantern":28,"Torii":20,"Whetstone":22,"Smiling Mask":8,"Ancient Tea Set":12,"Burning Blood":0,"Blood Vial":21,"Nunchaku":2,"HornCleat":1,"TheAbacus":27,"Pantograph":7,"Strawberry":12,"Red Mask":10,"Red Skull":4,"Paper Frog":27,"Potion Belt":7,"Girya":5,"NeowsBlessing":0,"Happy Flower":23,"Oddly Smooth Stone":3,"War Paint":4,"Akabeko":14,"Calling Bell":7,"Bronze Scales":5,"Coffee Dripper":16,"Champion Belt":7},{"Lantern":130,"Torii":81,"Whetstone":93,"Smiling Mask":33,"Ancient Tea Set":50,"Burning Blood":0,"Blood Vial":90,"Nunchaku":2,"HornCleat":1,"TheAbacus":125,"Pantograph":26,"Strawberry":50,"Red Mask":40,"Red Skull":8,"Paper Frog":125,"Potion Belt":26,"Girya":16,"NeowsBlessing":0,"Happy Flower":97,"Oddly Smooth Stone":3,"War Paint":8,"Akabeko":59,"Calling Bell":26,"Bronze Scales":16,"Coffee Dripper":66,"Champion Belt":26}]},"card_choices":[{"not_picked":["Seeing Red","Combust"],"picked":"Fire Breathing","floor":4.0},{"not_picked":["Burning Pact","Flex"],"picked":"Shockwave","floor":6.0},{"not_picked":["Ghostly Armor","Corruption"],"picked":"Second Wind","floor":8.0},{"not_picked":["Fiend Fire","Inflame"],"picked":"Battle Trance","floor":11},{"not_picked":["Searing Blow","Warcry","Shockwave"],"picked":"SKIP","floor":14},{"not_picked":["Immolate","Exhume"],"picked":"Offering","floor":16},{"not_picked":["Anger","Blood for Blood","Wild Strike"],"picked":"SKIP","floor":18},{"not_picked":["Warcry","Headbutt","Flex"],"picked":"SKIP","floor":20},{"not_picked":["Shockwave","Ghostly Armor"],"picked":"Seeing Red","floor":21},{"not_picked":["Shockwave","Clothesline","Twin Strike"],"picked":"SKIP","floor":22},{"not_picked":["Twin Strike","Clash"],"picked":"Body Slam","floor":24},{"not_picked":["Flex","Thunderclap"],"picked":"Pommel Strike+1","floor":27},{"not_picked":["Headbutt","Flex"],"picked":"Shrug It Off","floor":29},{"not_picked":["Searing Blow","Intimidate","Blood for Blood"],"picked":"SKIP","floor":30},{"not_picked":["Cleave","Pommel Strike","Shrug It Off+1"],"picked":"SKIP","floor":35},{"not_picked":["Perfected Strike+1","Headbutt"],"picked":"Power Through+1","floor":36},{"not_picked":["True Grit+1","Twin Strike+1","Cleave"],"picked":"SKIP","floor":37},{"not_picked":["Warcry","Wild Strike","Cleave"],"picked":"SKIP","floor":40},{"not_picked":["Rupture+1","Sever Soul+1","True Grit+1"],"picked":"SKIP","floor":42},{"not_picked":["Double Tap","Headbutt+1"],"picked":"Feel No Pain","floor":44},{"not_picked":["Intimidate","Armaments"],"picked":"Rage+1","floor":46},{"not_picked":["Dual Wield","Spot Weakness+1","Havoc"],"picked":"SKIP","floor":47},{"not_picked":["Havoc+1","Pommel Strike"],"picked":"Impervious","floor":55}],"player_experience":3237100,"relics_obtained":[{"floor":3.0,"key":"HornCleat"},{"floor":6.0,"key":"Oddly Smooth Stone"},{"floor":8.0,"key":"War Paint"},{"floor":9.0,"key":"Red Skull"},{"floor":11,"key":"Girya"},{"floor":17,"key":"Potion Belt"},{"floor":17,"key":"Pantograph"},{"floor":17,"key":"Champion Belt"},{"floor":21,"key":"Red Mask"},{"floor":24,"key":"Strawberry"},{"floor":26,"key":"Ancient Tea Set"},{"floor":29,"key":"Akabeko"},{"floor":38,"key":"Torii"},{"floor":40,"key":"Blood Vial"},{"floor":42,"key":"Whetstone"},{"floor":44,"key":"Happy Flower"},{"floor":55,"key":"Lantern"}],"event_choices":[{"cards_removed":["Strike_R"],"damage_healed":0.0,"max_hp_gain":0.0,"max_hp_loss":0.0,"gold_gain":0.0,"event_name":"Living Wall","player_choice":"Forget","floor":2.0,"gold_loss":0.0,"damage_taken":0.0},{"damage_healed":0.0,"max_hp_gain":0.0,"max_hp_loss":0.0,"gold_gain":0.0,"event_name":"Scrap Ooze","player_choice":"Success","floor":5.0,"gold_loss":0.0,"damage_taken":35.0,"relics_obtained":["Nunchaku"]},{"damage_healed":0.0,"max_hp_gain":0.0,"max_hp_loss":0.0,"gold_gain":150.0,"event_name":"Liars Game","player_choice":"AGREE","floor":7.0,"gold_loss":0.0,"damage_taken":0.0,"cards_obtained":["Doubt"]},{"cards_removed":["Strike_R"],"damage_healed":0,"gold_gain":0,"player_choice":"Card Removal","damage_taken":0,"max_hp_gain":0,"max_hp_loss":0,"event_name":"The Cleric","floor":12,"gold_loss":75},{"damage_healed":0,"gold_gain":0,"player_choice":"Stole Relic","damage_taken":0,"relics_obtained":["Smiling Mask"],"max_hp_gain":0,"max_hp_loss":0,"event_name":"Addict","floor":19,"gold_loss":0,"cards_obtained":["Shame"]},{"damage_healed":0,"gold_gain":0,"player_choice":"Fought Bandits","damage_taken":0,"max_hp_gain":0,"max_hp_loss":0,"event_name":"Masked Bandits","floor":21,"gold_loss":0},{"cards_removed":["Shame","Doubt"],"damage_healed":0,"gold_gain":0,"player_choice":"Removed Curses","damage_taken":0,"max_hp_gain":0,"max_hp_loss":0,"event_name":"Fountain of Cleansing","floor":31,"gold_loss":0},{"damage_healed":0,"gold_gain":0,"player_choice":"Fight","damage_taken":0,"max_hp_gain":0,"max_hp_loss":0,"event_name":"Mysterious Sphere","floor":38,"gold_loss":0},{"damage_healed":0,"gold_gain":0,"player_choice":"Max HP","damage_taken":0,"max_hp_gain":0,"max_hp_loss":4,"event_name":"Winding Halls","floor":39,"gold_loss":0},{"damage_healed":0,"gold_gain":222,"player_choice":"Wore Mask","damage_taken":0,"max_hp_gain":0,"max_hp_loss":0,"event_name":"Tomb of Lord Red Mask","floor":48,"gold_loss":0}],"is_beta":false,"boss_relics":[{"not_picked":["Sozu","Tiny House"],"picked":"Calling Bell"},{"not_picked":["Cursed Key","Velvet Choker"],"picked":"Coffee Dripper"}],"items_purged_floors":[13,25,54],"is_endless":false,"potions_floor_spawned":[11,20,21,27,29,30,38,40,44,47],"ascension_level":20}}