{"host":"ue7jlgf7uv134an9","time":1608815572,"event":{"mods":["BaseMod","Better Third Choice","Defuse TimeMaze Blight","Minty Spire (QoL Compilation)","Quick Restart","Rare Cards Sparkle","Relic Stats","StSLib","UnlockEverythingMod"],"gold_per_floor":[116,116,116,129,140,168,186,218,218,230,261,36,36,51,51,128,128,140,140,140,160,160,188,188,188,188,25,44,78,92,110,110,181,181,192,212,231,250,150,150,178,178,178,178,197,232,244,275,287,299,311],"floor_reached":52,"playtime":3365,"items_purged":["Defend_G","Defend_G"],"score":2073,"play_id":"b29a6333-b2bf-4140-8da0-6d907360ec8c","local_time":"20201224081252","is_ascension_mode":true,"campfire_choices":[{"data":"Dash","floor":13.0,"key":"SMITH"},{"data":"Predator","floor":15.0,"key":"SMITH"},{"floor":24.0,"key":"REST"},{"data":"Wraith Form v2","floor":32.0,"key":"SMITH"},{"floor":40.0,"key":"REST"},{"data":"Wraith Form v2","floor":42.0,"key":"SMITH"},{"data":"Night Terror","floor":47,"key":"SMITH"},{"data":"Venomology","floor":49,"key":"SMITH"}],"circlet_count":0,"master_deck":["AscendersBane","Strike_G","Strike_G","Strike_G","Strike_G","Defend_G","Defend_G","Survivor","Neutralize","Slice","Venomology+1","Predator+1","Sucker Punch","Backflip","Deadly Poison","Dash+1","Adrenaline","Blade Dance","PiercingWail","Night Terror+1","Blade Dance","Cloak And Dagger","Ghostly","Ghostly","Ghostly","Corpse Explosion","Wraith Form v2+1","Crippling Poison","Wraith Form v2+1","Dagger Spray+1","Dodge and Roll"],"relics":["Ring of the Snake","NeowsBlessing","Oddly Smooth Stone","Singing Bowl","Kunai","Pear","Lee\u0027s Waffle","Cursed Key","Thread and Needle","Ancient Tea Set","Busted Crown","Centennial Puzzle","MawBank"],"acts_visited":["Exordium","TheCity","TheBeyond"],"potions_floor_usage":[46,50,51,51],"damage_taken":[{"damage":0.0,"enemies":"Jaw Worm","floor":1.0,"turns":1.0},{"damage":0.0,"enemies":"2 Louse","floor":4.0,"turns":1.0},{"damage":0.0,"enemies":"Cultist","floor":5.0,"turns":1.0},{"damage":20.0,"enemies":"3 Sentries","floor":6.0,"turns":8.0},{"damage":1.0,"enemies":"Exordium Wildlife","floor":7.0,"turns":5.0},{"damage":7.0,"enemies":"Gremlin Nob","floor":8.0,"turns":3.0},{"damage":7.0,"enemies":"3 Louse","floor":10.0,"turns":3.0},{"damage":27.0,"enemies":"3 Sentries","floor":11.0,"turns":10.0},{"damage":0.0,"enemies":"2 Fungi Beasts","floor":14.0,"turns":3.0},{"damage":7.0,"enemies":"The Guardian","floor":16.0,"turns":16.0},{"damage":1.0,"enemies":"Chosen","floor":18.0,"turns":5.0},{"damage":1.0,"enemies":"Spheric Guardian","floor":21.0,"turns":3.0},{"damage":25.0,"enemies":"Gremlin Leader","floor":23.0,"turns":10.0},{"damage":0.0,"enemies":"Snecko","floor":28.0,"turns":5.0},{"damage":4.0,"enemies":"Book of Stabbing","floor":29.0,"turns":9.0},{"damage":1.0,"enemies":"Centurion and Healer","floor":30.0,"turns":11.0},{"damage":0.0,"enemies":"Cultist and Chosen","floor":31.0,"turns":11.0},{"damage":14.0,"enemies":"Automaton","floor":33.0,"turns":19.0},{"damage":0.0,"enemies":"3 Darklings","floor":35.0,"turns":4.0},{"damage":0.0,"enemies":"Orb Walker","floor":36.0,"turns":6.0},{"damage":1.0,"enemies":"4 Shapes","floor":37.0,"turns":4.0},{"damage":13.0,"enemies":"Maw","floor":38.0,"turns":12.0},{"damage":0.0,"enemies":"Reptomancer","floor":41.0,"turns":9.0},{"damage":0.0,"enemies":"Spire Growth","floor":45.0,"turns":8.0},{"damage":2,"enemies":"Nemesis","floor":46,"turns":11},{"damage":0,"enemies":"3 Darklings","floor":48,"turns":5},{"damage":0,"enemies":"Time Eater","floor":50,"turns":19},{"damage":35,"enemies":"Awakened One","floor":51,"turns":31}],"seed_played":"557192686853791049","potions_obtained":[{"floor":1.0,"key":"AttackPotion"},{"floor":5.0,"key":"SteroidPotion"},{"floor":11.0,"key":"Ancient Potion"},{"floor":14.0,"key":"SkillPotion"},{"floor":21.0,"key":"CunningPotion"},{"floor":31.0,"key":"PowerPotion"},{"floor":45.0,"key":"Strength Potion"}],"is_trial":false,"path_per_floor":["M","?","?","M","M","E","M","E","T","M","E","$","R","M","R","B",null,"M","?","?","M","?","E","R","T","T","$","M","E","M","M","R","B",null,"M","M","M","M","$","R","E","R","T","?","M","E","R","M","R","B","B",null],"character_chosen":"THE_SILENT","items_purchased":["Lee\u0027s Waffle","Blade Dance","Corpse Explosion"],"campfire_rested":2,"item_purchase_floors":[12,12,27],"current_hp_per_floor":[59,64,64,64,64,44,43,36,36,31,14,90,90,90,90,83,88,89,89,62,61,48,25,40,40,40,40,40,38,39,39,39,25,47,47,49,50,39,39,57,59,59,59,59,61,61,61,63,63,63,28],"gold":323,"neow_bonus":"THREE_ENEMY_KILL","is_daily":false,"chose_seed":false,"campfire_upgraded":6,"win_rate":0.0,"timestamp":1608815572,"path_taken":["M","?","?","?","M","E","M","E","T","M","E","$","R","M","R","BOSS","M","?","?","M","?","E","R","?","T","$","M","E","M","M","R","BOSS","M","M","M","M","$","R","E","R","T","?","M","E","R","M","R","BOSS","BOSS"],"items_purchased_type":["Relic","Card","Card"],"build_version":"2020-12-22","purchased_purges":2,"victory":true,"max_hp_per_floor":[66,71,71,71,71,71,71,71,71,73,83,90,90,90,90,90,90,92,92,97,97,48,50,50,50,50,50,50,52,54,54,54,54,54,54,56,58,60,60,60,62,62,62,62,64,66,66,68,68,68,68],"relic_stats":{"Lee\u0027s Waffle":76,"Centennial Puzzle":[6],"Busted Crown":16,"Singing Bowl":24,"counters":[28,233],"Kunai":[138],"Cursed Key":0,"MawBank":72,"obtain_stats":[{"Lee\u0027s Waffle":12,"Pear":11,"NeowsBlessing":0,"Singing Bowl":8,"Oddly Smooth Stone":6,"Thread and Needle":23,"Cursed Key":17,"Ancient Tea Set":29,"MawBank":46,"Centennial Puzzle":41,"Busted Crown":34,"Kunai":9,"Ring of the Snake":0},{"Lee\u0027s Waffle":8,"Pear":8,"NeowsBlessing":0,"Singing Bowl":6,"Oddly Smooth Stone":4,"Thread and Needle":13,"Cursed Key":10,"Ancient Tea Set":15,"MawBank":25,"Centennial Puzzle":23,"Busted Crown":18,"Kunai":6,"Ring of the Snake":0},{"Lee\u0027s Waffle":32,"Pear":32,"NeowsBlessing":0,"Singing Bowl":19,"Oddly Smooth Stone":11,"Thread and Needle":69,"Cursed Key":51,"Ancient Tea Set":83,"MawBank":178,"Centennial Puzzle":159,"Busted Crown":124,"Kunai":19,"Ring of the Snake":0}],"Ring of the Snake":[56]},"card_choices":[{"not_picked":["Concentrate","Noxious Fumes"],"picked":"Slice","floor":1.0},{"not_picked":["Blade Dance","Bane"],"picked":"Predator","floor":4.0},{"not_picked":["Bane","Riddle With Holes"],"picked":"Sucker Punch","floor":5.0},{"not_picked":["Venomology","Distraction"],"picked":"Backflip","floor":6.0},{"not_picked":["Backflip","Expertise"],"picked":"Deadly Poison","floor":7.0},{"not_picked":["Deflect","Acrobatics"],"picked":"Dash","floor":8.0},{"not_picked":["Acrobatics","Dash","Underhanded Strike"],"picked":"Singing Bowl","floor":10.0},{"not_picked":["Dash","Reflex"],"picked":"Adrenaline","floor":11.0},{"not_picked":["Dodge and Roll","Dagger Spray"],"picked":"PiercingWail","floor":14.0},{"not_picked":["A Thousand Cuts","Malaise"],"picked":"Night Terror","floor":16.0},{"not_picked":["Finisher","Acrobatics+1","Deadly Poison"],"picked":"Singing Bowl","floor":18.0},{"not_picked":["Poisoned Stab","Finisher"],"picked":"Cloak And Dagger","floor":21.0},{"not_picked":["Blade Dance","Sucker Punch","Infinite Blades"],"picked":"Singing Bowl","floor":23.0},{"not_picked":["Cloak And Dagger","Deflect"],"picked":"Wraith Form v2","floor":28.0},{"not_picked":["Deadly Poison","Riddle With Holes","Reflex+1"],"picked":"Singing Bowl","floor":29.0},{"not_picked":["Dash","PiercingWail","Underhanded Strike"],"picked":"Singing Bowl","floor":30.0},{"not_picked":["Backflip","Quick Slash"],"picked":"Crippling Poison","floor":31.0},{"not_picked":["Malaise","Storm of Steel"],"picked":"Wraith Form v2","floor":33.0},{"not_picked":[],"picked":"Dagger Spray+1","floor":35.0},{"not_picked":["Blade Dance"],"picked":"Singing Bowl","floor":36.0},{"not_picked":["Deflect"],"picked":"Singing Bowl","floor":37.0},{"not_picked":["Tactician"],"picked":"Singing Bowl","floor":38.0},{"not_picked":["Sucker Punch+1"],"picked":"Singing Bowl","floor":41.0},{"not_picked":["Sucker Punch"],"picked":"Singing Bowl","floor":45.0},{"not_picked":["Poisoned Stab"],"picked":"Singing Bowl","floor":46},{"not_picked":["Blade Dance"],"picked":"Singing Bowl","floor":48}],"player_experience":43317,"relics_obtained":[{"floor":6.0,"key":"Oddly Smooth Stone"},{"floor":8.0,"key":"Singing Bowl"},{"floor":9.0,"key":"Kunai"},{"floor":11.0,"key":"Pear"},{"floor":23.0,"key":"Thread and Needle"},{"floor":29.0,"key":"Ancient Tea Set"},{"floor":41.0,"key":"Centennial Puzzle"},{"floor":46,"key":"MawBank"}],"event_choices":[{"damage_healed":0.0,"max_hp_gain":5.0,"max_hp_loss":0.0,"gold_gain":0.0,"event_name":"Big Fish","player_choice":"Donut","floor":2.0,"gold_loss":0.0,"damage_taken":0.0},{"damage_healed":0.0,"max_hp_gain":0.0,"max_hp_loss":0.0,"gold_gain":0.0,"cards_transformed":["Strike_G"],"event_name":"Transmorgrifier","player_choice":"Transformed","floor":3.0,"gold_loss":0.0,"damage_taken":0.0,"cards_obtained":["Venomology"]},{"damage_healed":0.0,"max_hp_gain":0.0,"max_hp_loss":0.0,"gold_gain":0.0,"event_name":"The Library","player_choice":"Read","floor":19.0,"gold_loss":0.0,"damage_taken":0.0,"cards_obtained":["Blade Dance"]},{"damage_healed":0.0,"max_hp_gain":5.0,"max_hp_loss":0.0,"gold_gain":0.0,"event_name":"Forgotten Altar","player_choice":"Shed Blood","floor":20.0,"gold_loss":0.0,"damage_taken":32.0},{"damage_healed":0.0,"max_hp_gain":0.0,"max_hp_loss":49.0,"gold_gain":0.0,"event_name":"Ghosts","player_choice":"Became a Ghost","floor":22.0,"gold_loss":0.0,"damage_taken":0.0,"cards_obtained":["Ghostly","Ghostly","Ghostly"]},{"damage_healed":0.0,"max_hp_gain":0.0,"max_hp_loss":0.0,"gold_gain":0.0,"cards_transformed":["Defend_G"],"event_name":"Transmorgrifier","player_choice":"Transformed","floor":44.0,"gold_loss":0.0,"damage_taken":0.0,"cards_obtained":["Dodge and Roll"]}],"is_beta":false,"boss_relics":[{"not_picked":["Black Star","Velvet Choker"],"picked":"Cursed Key"},{"not_picked":["Ring of the Serpent","Fusion Hammer"],"picked":"Busted Crown"}],"items_purged_floors":[27,39],"is_endless":false,"potions_floor_spawned":[1,5,11,14,18,21,30,31,37,45],"ascension_level":20}}