{"host":"jn0ak8pel44mihsi","time":1608805538,"event":{"mods":["BaseMod","Downfall","Minty Spire (QoL Compilation)","StSLib"],"gold_per_floor":[99,99,99,60,123,123,148,160,185,204,204,231,37,52,69,168,168,168,188,273,284,301,301,301,301],"floor_reached":23,"playtime":1797,"items_purged":[],"score":189,"play_id":"888757a8-e334-4493-bc0d-f9f53fcdd839","local_time":"20201224042538","is_ascension_mode":false,"campfire_choices":[{"data":"hexamod:Float","floor":1,"key":"SMITH"},{"data":"hexamod:GhostflameBarrier","floor":11,"key":"SMITH"},{"data":"hexamod:VolcanoVisage","floor":18,"key":"SMITH"}],"circlet_count":0,"master_deck":["hexamod:Strike","hexamod:Strike","hexamod:Strike","hexamod:Defend","hexamod:Defend","hexamod:Defend","hexamod:Defend","hexamod:Sear","hexamod:Float+1","hexamod:EmpoweredFlame","hexamod:NecessarySacrifice","hexamod:BurningTouch","hexamod:RadiantFlame","hexamod:GhostflameBarrier+1","hexamod:FastForward","hexamod:BurningTouch","hexamod:NightmareGuise","hexamod:Incineration","hexamod:RecurringNightmare","expansioncontent:StudyTheSpire","hexamod:Hexaguard","hexamod:Rewind","hexamod:VolcanoVisage+1","hexamod:Firestarter+1","hexamod:BacktrackSmack+1"],"relics":["hexamod:SpiritBrand","downfall:HeartsMalice","Blood Vial","Nunchaku","Regal Pillow","Odd Mushroom","hexamod:IceCube"],"acts_visited":["Exordium","TheCity"],"potions_floor_usage":[16,16,23],"damage_taken":[{"damage":0,"enemies":"Cultist","floor":2,"turns":1},{"damage":0,"enemies":"2 Louse","floor":3,"turns":1},{"damage":0,"enemies":"downfall:FleeingMerchant","floor":4,"turns":1},{"damage":12,"enemies":"Lagavulin Event","floor":5,"turns":6},{"damage":6,"enemies":"Jaw Worm","floor":8,"turns":3},{"damage":1,"enemies":"Lagavulin","floor":9,"turns":7},{"damage":0,"enemies":"Large Slime","floor":10,"turns":3},{"damage":13,"enemies":"The Mushroom Lair","floor":12,"turns":6},{"damage":5,"enemies":"downfall:FleeingMerchant","floor":13,"turns":4},{"damage":0,"enemies":"Blue Slaver","floor":14,"turns":3},{"damage":5,"enemies":"2 Fungi Beasts","floor":15,"turns":6},{"damage":45,"enemies":"downfall:Defect","floor":16,"turns":8},{"damage":10,"enemies":"Chosen","floor":19,"turns":5},{"damage":12,"enemies":"Shell Parasite","floor":21,"turns":4},{"damage":22,"enemies":"Snake Plant","floor":22,"turns":4},{"damage":18,"enemies":"Slavers","floor":23,"turns":2}],"seed_played":"-4996706001574490492","potions_obtained":[{"floor":8,"key":"LiquidBronze"},{"floor":9,"key":"Slimebound:ThreeZeroPotion"},{"floor":14,"key":"CultistPotion"}],"is_trial":false,"path_per_floor":["R","M","M","$","?","?","T","M","E","M","R","?","$","M","M","B",null,"R","M","?","M","M","E"],"character_chosen":"THE_SPIRIT","items_purchased":["hexamod:RadiantFlame","expansioncontent:StudyTheSpire"],"campfire_rested":0,"item_purchase_floors":[4,13],"current_hp_per_floor":[70,70,70,70,58,58,58,54,55,57,57,46,43,45,42,20,70,70,60,46,36,16,0,0,0],"gold":301,"neow_bonus":"THREE_ENEMY_KILL","is_daily":false,"chose_seed":false,"campfire_upgraded":3,"win_rate":0.0,"timestamp":1608805538,"path_taken":["R","M","M","?","?","?","T","M","E","?","R","?","$","M","M","BOSS","R","M","?","M","M","E"],"items_purchased_type":["Card","Card"],"build_version":"2020-12-22","purchased_purges":0,"victory":false,"max_hp_per_floor":[70,70,70,70,70,70,70,70,70,70,70,70,70,70,70,70,70,70,70,70,70,70,70,70,70],"card_choices":[{"not_picked":["hexamod:GhostShield","hexamod:RadiantFlame"],"picked":"hexamod:EmpoweredFlame","floor":2},{"not_picked":["hexamod:FastForward","hexamod:NightmareStrike"],"picked":"hexamod:NecessarySacrifice","floor":3},{"not_picked":["hexamod:GhostShield","hexamod:SwordOfDarkness"],"picked":"hexamod:BurningTouch","floor":4},{"not_picked":["hexamod:ShieldOfDarkness","hexamod:SpectersWail"],"picked":"hexamod:GhostflameBarrier","floor":5},{"not_picked":["hexamod:GhostLash","hexamod:NightmareStrike"],"picked":"hexamod:FastForward","floor":8},{"not_picked":["hexamod:RetreatToShadows","hexamod:GhostOfSpirePresent"],"picked":"hexamod:BurningTouch","floor":9},{"not_picked":["hexamod:GhostLash","hexamod:BacktrackSmack"],"picked":"hexamod:NightmareGuise","floor":10},{"not_picked":["hexamod:GhostShield","hexamod:ShieldOfDarkness"],"picked":"hexamod:Incineration","floor":12},{"not_picked":["hexamod:AdvancingGuard","hexamod:GhostflameInferno"],"picked":"hexamod:RecurringNightmare","floor":13},{"not_picked":["hexamod:SwordOfDarkness","hexamod:RainOfEmbers"],"picked":"hexamod:Hexaguard","floor":14},{"not_picked":["hexamod:NightmareStrike","hexamod:BurningTouch"],"picked":"hexamod:Rewind","floor":15},{"not_picked":["hexamod:TimeWarp","hexamod:FifthSeal"],"picked":"hexamod:VolcanoVisage","floor":16},{"not_picked":["hexamod:HauntingEcho","hexamod:FastForward"],"picked":"hexamod:Firestarter+1","floor":19},{"not_picked":["hexamod:SwordOfDarkness","hexamod:NightmareStrike"],"picked":"hexamod:BacktrackSmack+1","floor":21},{"not_picked":["hexamod:HeatCrush+1","hexamod:FastForward+1","hexamod:Again"],"picked":"SKIP","floor":22}],"player_experience":473999,"relics_obtained":[{"floor":5,"key":"Blood Vial"},{"floor":7,"key":"Nunchaku"},{"floor":9,"key":"Regal Pillow"},{"floor":12,"key":"Odd Mushroom"}],"event_choices":[{"damage_healed":0,"gold_gain":0,"player_choice":"Fought Mushrooms","damage_taken":0,"max_hp_gain":0,"max_hp_loss":0,"event_name":"Mushrooms","floor":12,"gold_loss":0}],"is_beta":false,"boss_relics":[{"not_picked":["Fusion Hammer","Coffee Dripper"],"picked":"hexamod:IceCube"}],"items_purged_floors":[],"is_endless":false,"potions_floor_spawned":[8,9,14],"killed_by":"Slavers","ascension_level":0}}