{"host":"ci7ivtocgfxh0ueo","time":1608812953,"event":{"mods":["BaseMod","GifTheSpireLib","Minty Spire (QoL Compilation)","StSLib"],"gold_per_floor":[115,131,131,281,281,281,300,89,113,113,113,128,128,140,140,217,217,229,229,229,229,49,49,49,49],"floor_reached":24,"playtime":588,"items_purged":["Doubt","Decay"],"score":337,"play_id":"ad934646-c959-4463-8fd3-44129c9aad79","local_time":"20201224202913","is_ascension_mode":true,"campfire_choices":[{"floor":6,"key":"REST"},{"data":"Adrenaline","floor":10,"key":"SMITH"},{"data":"Caltrops","floor":15,"key":"SMITH"},{"floor":23,"key":"REST"}],"circlet_count":0,"master_deck":["AscendersBane","Strike_G","Strike_G","Defend_G","Defend_G","Defend_G","Defend_G","Defend_G","Survivor","Neutralize+1","Adrenaline+1","Caltrops+1","Setup+1","PiercingWail","Backstab","Acrobatics","Sucker Punch","Bullet Time","Grand Finale+1","Infinite Blades+1","Dagger Spray+1","Accuracy"],"relics":["Ring of the Snake","Orichalcum","Bottled Lightning","Astrolabe"],"acts_visited":["Exordium","TheCity"],"potions_floor_usage":[16,16,18,24],"damage_taken":[{"damage":17,"enemies":"Jaw Worm","floor":1,"turns":6},{"damage":4,"enemies":"Small Slimes","floor":2,"turns":4},{"damage":0,"enemies":"2 Louse","floor":7,"turns":4},{"damage":5,"enemies":"Exordium Thugs","floor":12,"turns":6},{"damage":2,"enemies":"2 Fungi Beasts","floor":14,"turns":3},{"damage":22,"enemies":"Hexaghost","floor":16,"turns":12},{"damage":23,"enemies":"Spheric Guardian","floor":18,"turns":6},{"damage":65,"enemies":"Slavers","floor":24,"turns":5}],"seed_played":"3693794683440734965","potions_obtained":[{"floor":1,"key":"ColorlessPotion"},{"floor":16,"key":"Weak Potion"}],"is_trial":false,"path_per_floor":["M","M","?","?","?","R","M","$","T","R","T","M","?","M","R","B",null,"M","?","?","?","$","R","E"],"character_chosen":"THE_SILENT","items_purchased":["Backstab","ColorlessPotion","Regen Potion"],"campfire_rested":2,"item_purchase_floors":[8,8,22],"current_hp_per_floor":[42,38,18,18,18,37,37,37,37,37,37,32,32,30,30,8,52,29,29,29,29,29,48,0,0],"gold":49,"neow_bonus":"ONE_RANDOM_RARE_CARD","is_daily":false,"chose_seed":false,"campfire_upgraded":2,"win_rate":0.0,"timestamp":1608812953,"path_taken":["M","M","?","?","?","R","M","$","T","R","?","M","?","?","R","BOSS","M","?","?","?","$","R","E"],"items_purchased_type":["Card","Potion","Potion"],"build_version":"2020-12-22","purchased_purges":2,"victory":false,"max_hp_per_floor":[66,66,66,66,66,66,66,66,66,66,66,66,66,66,66,66,66,66,66,66,66,66,66,66,66],"card_choices":[{"not_picked":["Bane","Well Laid Plans"],"picked":"Caltrops","floor":1},{"not_picked":["Bouncing Flask","Underhanded Strike"],"picked":"Setup","floor":2},{"not_picked":["Catalyst","Cloak And Dagger"],"picked":"PiercingWail","floor":7},{"not_picked":["Prepared","Outmaneuver"],"picked":"Acrobatics","floor":12},{"not_picked":["Reflex","Cloak And Dagger"],"picked":"Sucker Punch","floor":14},{"not_picked":["Storm of Steel","Night Terror"],"picked":"Bullet Time","floor":16},{"not_picked":["Dagger Throw","Choke+1"],"picked":"Accuracy","floor":18}],"player_experience":1289559,"relics_obtained":[{"floor":9,"key":"Orichalcum"},{"floor":11,"key":"Bottled Lightning"}],"event_choices":[{"damage_healed":0,"gold_gain":0,"player_choice":"Entered Light","damage_taken":20,"max_hp_gain":0,"max_hp_loss":0,"event_name":"Shining Light","floor":3,"gold_loss":0,"cards_upgraded":["Setup","Neutralize"]},{"damage_healed":0,"gold_gain":150,"player_choice":"AGREE","damage_taken":0,"max_hp_gain":0,"max_hp_loss":0,"event_name":"Liars Game","floor":4,"gold_loss":0,"cards_obtained":["Doubt"]},{"damage_healed":0,"gold_gain":0,"player_choice":"Ignored","damage_taken":0,"max_hp_gain":0,"max_hp_loss":0,"event_name":"Golden Wing","floor":5,"gold_loss":0},{"damage_healed":0,"gold_gain":0,"player_choice":"Ignored","damage_taken":0,"max_hp_gain":0,"max_hp_loss":0,"event_name":"Golden Idol","floor":13,"gold_loss":0},{"damage_healed":0,"gold_gain":0,"player_choice":"Ignored","damage_taken":0,"max_hp_gain":0,"max_hp_loss":0,"event_name":"Vampires","floor":19,"gold_loss":0},{"damage_healed":0,"gold_gain":0,"player_choice":"Ignored","damage_taken":0,"max_hp_gain":0,"max_hp_loss":0,"event_name":"Beggar","floor":20,"gold_loss":0},{"damage_healed":0,"gold_gain":0,"player_choice":"Smashed Altar","damage_taken":0,"max_hp_gain":0,"max_hp_loss":0,"event_name":"Forgotten Altar","floor":21,"gold_loss":0,"cards_obtained":["Decay"]}],"is_beta":false,"boss_relics":[{"not_picked":["Snecko Eye","Tiny House"],"picked":"Astrolabe"}],"items_purged_floors":[8,22],"is_endless":false,"potions_floor_spawned":[1,16],"killed_by":"Slavers","ascension_level":17}}