{"host":"9nt1zhl3k8mtcf72","time":1608795475,"event":{"mods":["Aspiration","BaseMod","BetterRewards","Conjunction","Conspire","Downfall","Energized Spire","Friendly Minions","GifTheSpireLib","Halation","Hubris","Infinite Spire","Jedi Mod","Mimic Mod","Minty Spire (QoL Compilation)","RatMod","Replay The Spire","Spikes Relics","StSLib","Stuff the Spire","Trackpad","Useless Jewels Mod","Wandering Minibosses","vexMod"],"gold_per_floor":[99,99,99,49,49,75,114,129,54,67,67,110,35,65,111,218,218,143,171,183,183,203,203,252,298,317,317,317,317],"floor_reached":27,"playtime":1335,"items_purged":[],"score":246,"play_id":"fe3f259e-6d16-4395-8be3-2926e9c8fae7","local_time":"20201224023755","is_ascension_mode":false,"campfire_choices":[{"floor":1,"key":"RECALL"},{"floor":9,"key":"REST"},{"data":"ReplayTheSpireMod:Book of Names","floor":11,"key":"SMITH"},{"floor":13,"key":"REST"},{"data":"hexamod:SearingWound","floor":18,"key":"SMITH"},{"floor":23,"key":"REST"}],"circlet_count":0,"master_deck":["hexamod:Strike","hexamod:Strike","hexamod:Strike","hexamod:Strike","hexamod:Defend","hexamod:Defend","hexamod:Defend","hexamod:Defend","hexamod:Sear","hexamod:Float","hexamod:RadiantFlame","ReplayTheSpireMod:Book of Names+1","conspire:SpireCoStock","hexamod:SuperheatedStrike","hexamod:SuperheatedStrike","hexamod:Hexaguard","hexamod:GhostflameBarrier","hexamod:BurningTouch","hexamod:SearingWound+1","hexamod:Incineration","hexamod:RainOfEmbers","hexamod:TimeOfNeed","hexamod:DynamicBlow","hexamod:RainOfEmbers","hexamod:ExtraCrispy+1","hexamod:SixthSeal"],"relics":["hexamod:SpiritBrand","downfall:HeartsMalice","hubris:CrystalStatue","downfall:HeartBlessingBlue","CeramicFish","downfall:HeartBlessingRed","Odd Mushroom","SlaversCollar","downfall:HeartBlessingGreen","Frozen Egg 2"],"acts_visited":["Exordium","TheCity"],"potions_floor_usage":[26,26,27,27],"damage_taken":[{"damage":0,"enemies":"Jaw Worm","floor":2,"turns":1},{"damage":0,"enemies":"conspire:RoseBush","floor":5,"turns":1},{"damage":0,"enemies":"Gremlin Nob","floor":6,"turns":1},{"damage":12,"enemies":"Small Slimes","floor":7,"turns":6},{"damage":2,"enemies":"Small Slimes","floor":8,"turns":3},{"damage":1,"enemies":"Blue Slaver","floor":10,"turns":3},{"damage":5,"enemies":"Lagavulin","floor":12,"turns":6},{"damage":7,"enemies":"The Mushroom Lair","floor":14,"turns":3},{"damage":0,"enemies":"Exordium Wildlife","floor":15,"turns":2},{"damage":23,"enemies":"downfall:Silent","floor":16,"turns":7},{"damage":6,"enemies":"3 Byrds","floor":19,"turns":4},{"damage":51,"enemies":"conspire:FuzzyDice","floor":20,"turns":5},{"damage":11,"enemies":"Snake Plant","floor":22,"turns":3},{"damage":11,"enemies":"Centurion and Healer","floor":24,"turns":5},{"damage":21,"enemies":"Centurion and Healer","floor":25,"turns":7},{"damage":23,"enemies":"Chosen and Byrds","floor":26,"turns":6},{"damage":12,"enemies":"Snecko","floor":27,"turns":3}],"seed_played":"-4251328856901789866","potions_obtained":[{"floor":6,"key":"hexamod:DoubleChargePotion"},{"floor":10,"key":"hexamod:InfernoChargePotion"},{"floor":12,"key":"sneckomod:MuddlingPotion"},{"floor":19,"key":"Venom Potion"},{"floor":26,"key":"Conjunction:LightningMarble"}],"is_trial":false,"path_per_floor":["R","M","?","?","M","E","MIM","M","R","M","R","E","R","?","M","B",null,"R","M","M","?","M","R","MIM","M","M","M"],"character_chosen":"THE_SPIRIT","items_purchased":[],"campfire_rested":3,"item_purchase_floors":[],"current_hp_per_floor":[70,70,53,53,53,53,41,39,73,72,72,67,80,73,73,50,80,80,74,23,49,38,62,51,30,7,0,0,0],"gold":317,"neow_bonus":"THREE_ENEMY_KILL","is_daily":false,"chose_seed":false,"campfire_upgraded":2,"win_rate":0.0,"timestamp":1608795475,"path_taken":["R","M","?","?","?","E","MIM","M","R","M","R","E","R","?","M","BOSS","R","M","M","?","M","R","MIM","?","?","M"],"items_purchased_type":[],"build_version":"2020-12-22","purchased_purges":0,"victory":false,"max_hp_per_floor":[70,70,70,70,70,70,70,70,80,80,80,80,80,80,80,80,80,80,80,80,80,80,80,80,80,80,80,80,80],"card_choices":[{"not_picked":["hexamod:RecurringNightmare","hexamod:ShieldOfDarkness"],"picked":"hexamod:RadiantFlame","floor":2},{"not_picked":["ReplayTheSpireMod:Chaos Vortex","ReplayTheSpireMod:Black Plague"],"picked":"ReplayTheSpireMod:Book of Names","floor":3},{"not_picked":["hexamod:GhostOfSpirePresent","hexamod:HauntingEcho"],"picked":"hexamod:SuperheatedStrike","floor":5},{"not_picked":["hexamod:GhostLash","hexamod:RainOfEmbers"],"picked":"hexamod:SuperheatedStrike","floor":6},{"not_picked":["hexamod:NightmareStrike","hexamod:StepThrough"],"picked":"hexamod:Hexaguard","floor":7},{"not_picked":["hexamod:Firestarter","hexamod:Rewind"],"picked":"hexamod:GhostflameBarrier","floor":8},{"not_picked":["hexamod:NightmareStrike","hexamod:AdvancingGuard"],"picked":"hexamod:BurningTouch","floor":10},{"not_picked":["hexamod:HeatMetal","hexamod:Firestarter"],"picked":"hexamod:SearingWound","floor":12},{"not_picked":["hexamod:InspiringFlames","hexamod:AdvancingGuard"],"picked":"hexamod:Incineration","floor":14},{"not_picked":["hexamod:GhostOfSpireFuture","hexamod:SecondSeal"],"picked":"hexamod:RainOfEmbers","floor":15},{"not_picked":["hexamod:CrushingStance","hexamod:TimeWarp"],"picked":"hexamod:TimeOfNeed","floor":16},{"not_picked":["hexamod:EtherealExpedition+1","hexamod:Hexaguard"],"picked":"hexamod:DynamicBlow","floor":19},{"not_picked":["hexamod:StepThrough","hexamod:ShieldOfDarkness","hexamod:FastForward+1"],"picked":"SKIP","floor":20},{"not_picked":["hexamod:AdvancingGuard","hexamod:HauntingEcho","hexamod:FastForward+1"],"picked":"SKIP","floor":22},{"not_picked":["hexamod:ChargedBarrage","hexamod:SwordOfDarkness+1"],"picked":"hexamod:RainOfEmbers","floor":24},{"not_picked":["hexamod:RainOfEmbers+1","hexamod:Hexaguard"],"picked":"hexamod:ExtraCrispy+1","floor":25},{"not_picked":["hexamod:GhostflameBarrier","hexamod:SpectersWail"],"picked":"hexamod:SixthSeal","floor":26}],"player_experience":455478,"relics_obtained":[{"floor":6,"key":"hubris:CrystalStatue"},{"floor":12,"key":"CeramicFish"},{"floor":14,"key":"Odd Mushroom"},{"floor":24,"key":"Frozen Egg 2"}],"event_choices":[{"damage_healed":0,"gold_gain":0,"player_choice":"Invest 1","damage_taken":0,"max_hp_gain":0,"max_hp_loss":0,"event_name":"conspire:Investor","floor":4,"gold_loss":0},{"damage_healed":0,"gold_gain":0,"player_choice":"Fought Mushrooms","damage_taken":0,"max_hp_gain":0,"max_hp_loss":0,"event_name":"Mushrooms","floor":14,"gold_loss":0},{"damage_healed":26,"gold_gain":0,"player_choice":"Heal","damage_taken":0,"max_hp_gain":0,"max_hp_loss":0,"event_name":"The Library","floor":21,"gold_loss":0}],"is_beta":false,"boss_relics":[{"not_picked":["trackpad:StolenKidneys","Pandora\u0027s Box"],"picked":"SlaversCollar"}],"items_purged_floors":[],"is_endless":false,"potions_floor_spawned":[6,10,12,14,16,19,26],"killed_by":"Snecko","ascension_level":0}}