{"host":"63rwe7p34ct1i0qu","time":1608849561,"event":{"mods":["BaseMod","Colored Map","DeckTracker","Minty Spire (QoL Compilation)","Permanent Neow","Quick Restart","StSLib"],"gold_per_floor":[118,118,132,142,142,142,142,171,171,171,190,190,115,126,126,227,227,240,251,251,251,262,262,162,162,162,162,162],"floor_reached":27,"playtime":1407,"items_purged":["Strike_R","Strike_R"],"score":309,"play_id":"fc81c507-caeb-444f-9ece-0d49ab8d403a","local_time":"20201225073921","is_ascension_mode":true,"campfire_choices":[{"data":"Body Slam","floor":6.0,"key":"SMITH"},{"data":"True Grit","floor":15.0,"key":"SMITH"},{"data":"Barricade","floor":23.0,"key":"SMITH"},{"data":"True Grit","floor":25.0,"key":"SMITH"}],"circlet_count":0,"master_deck":["Defend_R","Defend_R","Defend_R","Defend_R","Bash","Body Slam+1","Burning Pact","True Grit+1","Battle Trance","Battle Trance","Sentinel","Barricade+1","True Grit+1","Pommel Strike+1"],"relics":["Burning Blood","Mercury Hourglass","Darkstone Periapt","Runic Pyramid","Happy Flower","Toxic Egg 2"],"acts_visited":["Exordium","TheCity"],"potions_floor_usage":[27],"damage_taken":[{"damage":11.0,"enemies":"Cultist","floor":1.0,"turns":4.0},{"damage":14.0,"enemies":"Jaw Worm","floor":3.0,"turns":4.0},{"damage":0.0,"enemies":"2 Louse","floor":4.0,"turns":4.0},{"damage":3.0,"enemies":"3 Sentries","floor":8.0,"turns":10.0},{"damage":0.0,"enemies":"Exordium Thugs","floor":10.0,"turns":1.0},{"damage":0.0,"enemies":"3 Louse","floor":11.0,"turns":3.0},{"damage":3.0,"enemies":"Gremlin Gang","floor":14.0,"turns":5.0},{"damage":84.0,"enemies":"Slime Boss","floor":16.0,"turns":14.0},{"damage":0.0,"enemies":"Chosen","floor":18.0,"turns":4.0},{"damage":15.0,"enemies":"Shell Parasite","floor":19.0,"turns":8.0},{"damage":4.0,"enemies":"Centurion and Healer","floor":22.0,"turns":4.0},{"damage":45,"enemies":"Snecko","floor":27,"turns":7}],"seed_played":"-2403809380721699248","potions_obtained":[{"floor":4.0,"key":"SkillPotion"},{"floor":7.0,"key":"DistilledChaos"},{"floor":7.0,"key":"SmokeBomb"},{"floor":14.0,"key":"AttackPotion"},{"floor":19.0,"key":"ColorlessPotion"},{"floor":22.0,"key":"SneckoOil"}],"is_trial":false,"path_per_floor":["M","?","M","M","?","R","?","E","T","M","M","?","$","M","R","B",null,"M","M","?","?","M","R","$","R","T","M"],"character_chosen":"IRONCLAD","items_purchased":[],"campfire_rested":0,"item_purchase_floors":[],"current_hp_per_floor":[67,67,59,65,70,70,70,73,73,79,85,85,85,85,85,7,66,72,63,63,63,65,65,65,65,65,20,20],"gold":162,"neow_bonus":"REMOVE_CARD","is_daily":false,"chose_seed":false,"campfire_upgraded":4,"win_rate":0.0,"timestamp":1608849561,"path_taken":["M","?","M","?","?","R","?","E","T","M","?","?","$","M","R","BOSS","M","?","?","?","M","R","$","R","T","M"],"items_purchased_type":[],"build_version":"2020-12-22","purchased_purges":2,"victory":false,"max_hp_per_floor":[80,80,80,80,85,85,85,85,85,85,85,85,85,85,85,85,85,85,85,85,85,85,85,85,85,85,85,85],"card_choices":[{"not_picked":["Sword Boomerang","Wild Strike"],"picked":"Body Slam","floor":1.0},{"not_picked":["Cleave","Sword Boomerang"],"picked":"True Grit","floor":3.0},{"not_picked":["Clash","Sentinel"],"picked":"Battle Trance","floor":4.0},{"not_picked":["Cleave","Infernal Blade","Headbutt"],"picked":"SKIP","floor":8.0},{"not_picked":["Rampage","Twin Strike"],"picked":"Battle Trance","floor":11.0},{"not_picked":["Limit Break","Warcry","Armaments"],"picked":"SKIP","floor":14.0},{"not_picked":["Exhume","Impervious"],"picked":"Barricade","floor":16.0},{"not_picked":["Heavy Blade","Armaments+1"],"picked":"True Grit","floor":18.0},{"not_picked":["Flex","Intimidate","Perfected Strike"],"picked":"SKIP","floor":19.0},{"not_picked":["Dropkick","Evolve+1"],"picked":"Pommel Strike+1","floor":22.0}],"player_experience":810769,"relics_obtained":[{"floor":8.0,"key":"Mercury Hourglass"},{"floor":9.0,"key":"Darkstone Periapt"},{"floor":26.0,"key":"Toxic Egg 2"}],"event_choices":[{"damage_healed":0.0,"max_hp_gain":0.0,"max_hp_loss":0.0,"gold_gain":0.0,"event_name":"Match and Keep!","player_choice":"1 cards matched","floor":2.0,"gold_loss":0.0,"damage_taken":0.0,"cards_obtained":["Burning Pact"]},{"damage_healed":0.0,"max_hp_gain":5.0,"max_hp_loss":0.0,"gold_gain":0.0,"event_name":"Big Fish","player_choice":"Donut","floor":5.0,"gold_loss":0.0,"damage_taken":0.0},{"damage_healed":0.0,"max_hp_gain":0.0,"max_hp_loss":0.0,"gold_gain":0.0,"event_name":"Lab","player_choice":"Got Potions","floor":7.0,"gold_loss":0.0,"damage_taken":0.0},{"damage_healed":0.0,"max_hp_gain":0.0,"max_hp_loss":0.0,"gold_gain":0.0,"cards_transformed":["Strike_R"],"event_name":"Transmorgrifier","player_choice":"Transformed","floor":12.0,"gold_loss":0.0,"damage_taken":0.0,"cards_obtained":["Sentinel"]},{"damage_healed":0.0,"max_hp_gain":0.0,"max_hp_loss":0.0,"gold_gain":0.0,"event_name":"The Mausoleum","player_choice":"Opened","floor":20.0,"gold_loss":0.0,"damage_taken":0.0,"relics_obtained":["Happy Flower"]},{"cards_removed":["Strike_R"],"damage_healed":0.0,"max_hp_gain":0.0,"max_hp_loss":0.0,"gold_gain":0.0,"event_name":"Back to Basics","player_choice":"Elegance","floor":21.0,"gold_loss":0.0,"damage_taken":0.0}],"is_beta":false,"boss_relics":[{"not_picked":["Runic Cube","Cursed Key"],"picked":"Runic Pyramid"}],"items_purged_floors":[13,24],"is_endless":false,"potions_floor_spawned":[4,10,14,19,22],"killed_by":"Snecko","ascension_level":9}}