{"host":"wna8kqr6yweggo4i","time":1608792998,"event":{"mods":["BaseMod","Colored Powertips","Hermit","Hubris","Marisa????????","Minty Spire (QoL Compilation)","StSLib"],"gold_per_floor":[116,116,191,204,47,47,63,63,63,63,73,86,86,104,104,207,207,222,236,13,28,28,28,47,73,73,73,348,348,348],"floor_reached":29,"playtime":932,"items_purged":[],"score":235,"play_id":"45524db2-e786-4902-9fb3-df9b6b0231f7","local_time":"20201224005638","is_ascension_mode":false,"campfire_choices":[{"data":"hermit:GoldenBullet","floor":6,"key":"SMITH"},{"data":"hermit:Roughhouse","floor":8,"key":"SMITH"},{"floor":15,"key":"REST"}],"circlet_count":0,"master_deck":["hermit:Strike_Hermit","hermit:Strike_Hermit","hermit:Strike_Hermit","hermit:Strike_Hermit","hermit:Defend_Hermit","hermit:Defend_Hermit","hermit:Defend_Hermit","hermit:Defend_Hermit","hermit:Snapshot","hermit:Covet","hermit:Roughhouse+1","hermit:Headshot","hermit:Desperado","hermit:GoldenBullet+1","hermit:GhostlyPresence","hermit:TrackingShot","hermit:Brawl","hermit:TrackingShot","hermit:Gambit","hermit:Misfire","hermit:Headshot","hermit:BigShot","hermit:Ricochet","hermit:Enervate+1","hermit:Ricochet","Regret"],"relics":["hermit:Momento","Medical Kit","Pantograph","Sozu","Tiny Chest","MutagenicStrength","Nunchaku","Bottled Lightning","hubris:CrystalStatue"],"acts_visited":["Exordium","TheCity"],"potions_floor_usage":[12,16],"damage_taken":[{"damage":0,"enemies":"Small Slimes","floor":1,"turns":3},{"damage":8,"enemies":"Jaw Worm","floor":4,"turns":2},{"damage":0,"enemies":"Cultist","floor":7,"turns":2},{"damage":21,"enemies":"3 Louse","floor":11,"turns":3},{"damage":0,"enemies":"Exordium Wildlife","floor":12,"turns":2},{"damage":12,"enemies":"2 Fungi Beasts","floor":14,"turns":3},{"damage":66,"enemies":"Hexaghost","floor":16,"turns":9},{"damage":0,"enemies":"Spheric Guardian","floor":18,"turns":2},{"damage":5,"enemies":"3 Byrds","floor":19,"turns":5},{"damage":62,"enemies":"Shelled Parasite and Fungi","floor":21,"turns":6},{"damage":16,"enemies":"Snake Plant","floor":24,"turns":2},{"damage":20,"enemies":"Gremlin Leader","floor":25,"turns":6},{"damage":25,"enemies":"Book of Stabbing","floor":29,"turns":2}],"seed_played":"-8373893615471092637","potions_obtained":[{"floor":7,"key":"FairyPotion"},{"floor":12,"key":"Fruit Juice"},{"floor":14,"key":"SteroidPotion"}],"is_trial":false,"path_per_floor":["M","?","?","M","$","R","M","R","T","?","M","M","?","M","R","B",null,"M","M","$","M","?","?","M","E","T","T","?","E"],"character_chosen":"HERMIT","items_purchased":["Medical Kit","hermit:BigShot","Tiny Chest"],"campfire_rested":1,"item_purchase_floors":[5,20,20],"current_hp_per_floor":[75,75,75,67,67,67,67,67,67,75,54,59,59,47,70,11,77,77,72,72,10,10,35,19,23,23,23,23,0,0],"gold":348,"neow_bonus":"ONE_RANDOM_RARE_CARD","is_daily":false,"chose_seed":false,"campfire_upgraded":2,"win_rate":0.0,"timestamp":1608792998,"path_taken":["M","?","?","M","$","R","M","R","T","?","M","M","?","M","R","BOSS","M","M","$","?","?","?","M","E","T","?","?","E"],"items_purchased_type":["Relic","Card","Relic"],"build_version":"2020-12-22","purchased_purges":0,"victory":false,"max_hp_per_floor":[75,75,75,75,75,75,75,75,75,75,75,80,77,77,77,77,77,77,77,77,77,77,77,77,77,77,77,77,77,77],"card_choices":[{"not_picked":["hermit:Coalescence","hermit:Spite"],"picked":"hermit:Headshot","floor":1},{"not_picked":["hermit:BodyArmor","hermit:HoleUp"],"picked":"hermit:GoldenBullet","floor":4},{"not_picked":["hermit:HighCaliber","hermit:Deadeye"],"picked":"hermit:GhostlyPresence","floor":7},{"not_picked":["hermit:Combo","hermit:Manifest"],"picked":"hermit:TrackingShot","floor":11},{"not_picked":["hermit:Horror","hermit:ItchyTrigger"],"picked":"hermit:Brawl","floor":12},{"not_picked":["hermit:Manifest","hermit:HighCaliber"],"picked":"hermit:TrackingShot","floor":14},{"not_picked":["hermit:FromBeyond","hermit:HighNoon"],"picked":"hermit:Gambit","floor":16},{"not_picked":["hermit:Malice","hermit:Midnight"],"picked":"hermit:Misfire","floor":18},{"not_picked":["hermit:Feint","hermit:Showdown"],"picked":"hermit:Headshot","floor":19},{"not_picked":["hermit:NoHoldsBarred+1","hermit:LuckOfTheDraw"],"picked":"hermit:Ricochet","floor":21},{"not_picked":["hermit:Dive+1","hermit:Vantage"],"picked":"hermit:Enervate+1","floor":24},{"not_picked":["hermit:EternalForm","hermit:Feint"],"picked":"hermit:Ricochet","floor":25}],"player_experience":371043,"relics_obtained":[{"floor":9,"key":"Pantograph"},{"floor":25,"key":"Nunchaku"},{"floor":26,"key":"Bottled Lightning"},{"floor":27,"key":"hubris:CrystalStatue"}],"event_choices":[{"damage_healed":0,"gold_gain":75,"player_choice":"Gained Gold","damage_taken":0,"max_hp_gain":0,"max_hp_loss":0,"event_name":"Golden Wing","floor":3,"gold_loss":0},{"damage_healed":18,"gold_gain":0,"player_choice":"Healed and dodged fight","damage_taken":0,"max_hp_gain":0,"max_hp_loss":0,"event_name":"Mushrooms","floor":10,"gold_loss":0,"cards_obtained":["Parasite"]},{"cards_removed":["Parasite"],"damage_healed":0,"gold_gain":0,"player_choice":"Purged","damage_taken":0,"max_hp_gain":0,"max_hp_loss":0,"event_name":"Purifier","floor":13,"gold_loss":0},{"damage_healed":0,"gold_gain":0,"player_choice":"Inject Mutagens","damage_taken":0,"relics_obtained":["MutagenicStrength"],"max_hp_gain":0,"max_hp_loss":0,"event_name":"Drug Dealer","floor":22,"gold_loss":0},{"damage_healed":25,"gold_gain":0,"player_choice":"Heal","damage_taken":0,"max_hp_gain":0,"max_hp_loss":0,"event_name":"The Library","floor":23,"gold_loss":0},{"damage_healed":0,"gold_gain":275,"player_choice":"Desecrate","damage_taken":0,"max_hp_gain":0,"max_hp_loss":0,"event_name":"Golden Shrine","floor":28,"gold_loss":0,"cards_obtained":["Regret"]}],"is_beta":false,"boss_relics":[{"not_picked":["Runic Dome","Ectoplasm"],"picked":"Sozu"}],"items_purged_floors":[],"is_endless":false,"potions_floor_spawned":[7,12,14,24],"killed_by":"Book of Stabbing","ascension_level":0}}