{"host":"unahupgi85cj6bxp","time":1608832577,"event":{"mods":["Act Like it!","Aspiration","BaseMod","Card Forge","Conspire","Downfall","Energized Spire","Hubris","Infinite Spire","Minty Spire (QoL Compilation)","Replay The Spire","StSLib","The Animator"],"gold_per_floor":[99,116,216,227,227,245,245,264,114,99,99,128,141,154,189,286,286,286,322,353,469,502,502,502,502],"floor_reached":23,"playtime":2761,"items_purged":[],"score":220,"play_id":"18c84fcc-d928-485f-a523-e40d24660387","local_time":"20201224095617","is_ascension_mode":false,"campfire_choices":[{"floor":1.0,"key":"RECALL"},{"floor":9.0,"key":"REST"},{"floor":11.0,"key":"REST"}],"circlet_count":0,"master_deck":["hexamod:Strike+1","hexamod:Strike+1","hexamod:Strike+1","hexamod:Defend+1","hexamod:Defend+1","hexamod:Defend+1","hexamod:Defend+1","hexamod:Sear+1","hexamod:Float+1","hexamod:NightmareStrike+1","hexamod:SpectersWail+1","hexamod:WildfireWeapon+1","hexamod:AdvancingGuard+1","hexamod:FifthSeal","hexamod:FirstSeal","hexamod:FirstSeal","hexamod:SecondSeal","hexamod:SkipABeat+1","hexamod:Firestarter+1","hexamod:SecondSeal","hexamod:EtherealExpedition+1","hexamod:InspiringFlames+1","hexamod:TimeWarp+1","sneckomod:Bewildered","m_Survivalism+1","hexamod:ParanormalForm+1","ReplayTheSpireMod:Trickstab+1","infinitespire:DeathsTouch+1","hexamod:FourthSeal","hexamod:SpectralAdrenaline+1","hexamod:FastForward","hexamod:NightmareStrike","hexamod:GhostflameInferno"],"relics":["hexamod:SpiritBrand","Hammer of Thor","Seething Fire","Anvil of the Gods","downfall:HeartBlessingRed","downfall:HeartBlessingBlue","Bottled Flame","ReplayTheSpireMod:SealedPack","Potion Belt"],"acts_visited":["Exordium","TheCity"],"potions_floor_usage":[23,23,23,23],"damage_taken":[{"damage":0.0,"enemies":"2 Louse","floor":2.0,"turns":4.0},{"damage":0.0,"enemies":"Small Slimes","floor":4.0,"turns":3.0},{"damage":0.0,"enemies":"Cultist","floor":6.0,"turns":3.0},{"damage":0.0,"enemies":"3 Louse","floor":8.0,"turns":3.0},{"damage":0.0,"enemies":"downfall:FleeingMerchant","floor":10.0,"turns":4.0},{"damage":11.0,"enemies":"3 Sentries","floor":12.0,"turns":8.0},{"damage":2.0,"enemies":"Gremlin Gang","floor":13.0,"turns":3.0},{"damage":14.0,"enemies":"Large Slime","floor":14.0,"turns":9.0},{"damage":6.0,"enemies":"2 Fungi Beasts","floor":15.0,"turns":3.0},{"damage":21.0,"enemies":"downfall:Silent","floor":16.0,"turns":13.0},{"damage":30.0,"enemies":"Shell Parasite","floor":19.0,"turns":7.0},{"damage":41.0,"enemies":"3 Byrds","floor":20.0,"turns":5.0},{"damage":27.0,"enemies":"downfall:LadyInBlue","floor":21.0,"turns":8.0},{"damage":16,"enemies":"Snake Plant","floor":22,"turns":5},{"damage":8,"enemies":"3 Cultists","floor":23,"turns":2}],"seed_played":"-4587420319069737672","potions_obtained":[{"floor":2.0,"key":"Adrenaline Potion"},{"floor":13.0,"key":"PowerPotion"},{"floor":14.0,"key":"Weak Potion"},{"floor":15.0,"key":"AttackPotion"},{"floor":16.0,"key":"Weak Potion"},{"floor":21,"key":"Fire Potion"},{"floor":21,"key":"LiquidBronze"}],"is_trial":false,"path_per_floor":["R","M","?","M","?","M","T","M","R","$","R","E","M","M","M","B",null,"R","M","M","?","M","M"],"character_chosen":"THE_SPIRIT","items_purchased":[],"campfire_rested":2,"item_purchase_floors":[],"current_hp_per_floor":[77,77,77,77,77,77,77,77,87,87,87,76,81,74,75,61,87,87,71,37,24,8,0,0,0],"gold":502,"neow_bonus":"TEN_PERCENT_HP_BONUS","is_daily":false,"chose_seed":false,"campfire_upgraded":0,"win_rate":0.0,"timestamp":1608832577,"path_taken":["R","M","?","M","?","M","T","M","R","$","R","E","?","M","M","BOSS","R","M","M","?","M","M"],"items_purchased_type":[],"build_version":"2020-12-22","purchased_purges":0,"victory":false,"max_hp_per_floor":[77,77,77,77,77,77,77,77,87,87,87,87,87,87,87,87,87,87,87,87,87,87,87,87,87],"card_choices":[{"not_picked":["hexamod:GhostLash","hexamod:PhantomCloak"],"picked":"hexamod:NightmareStrike","floor":2.0},{"not_picked":["hexamod:BacktrackSmack","hexamod:RetreatToShadows"],"picked":"hexamod:SpectersWail","floor":4.0},{"not_picked":["hexamod:RecurringNightmare","hexamod:GhostLash"],"picked":"hexamod:AdvancingGuard","floor":6.0},{"not_picked":["hexamod:HeatCrush","hexamod:HauntingEcho"],"picked":"hexamod:FifthSeal","floor":8.0},{"not_picked":["hexamod:ThirdSeal","hexamod:SecondSeal"],"picked":"hexamod:FirstSeal","floor":10.0},{"not_picked":["hexamod:GhostOfSpireFuture","hexamod:FastForward"],"picked":"hexamod:FirstSeal","floor":10.0},{"not_picked":["hexamod:SixthSeal","hexamod:FourthSeal"],"picked":"hexamod:SecondSeal","floor":12.0},{"not_picked":["hexamod:SpectralAdrenaline","hexamod:NecessarySacrifice"],"picked":"hexamod:SkipABeat","floor":12.0},{"not_picked":["hexamod:WildfireWeapon","hexamod:AdvancingGuard"],"picked":"hexamod:Firestarter","floor":13.0},{"not_picked":["hexamod:ThirdSeal","hexamod:SixthSeal"],"picked":"hexamod:SecondSeal","floor":14.0},{"not_picked":["hexamod:HeatShield","hexamod:FastForward"],"picked":"hexamod:EtherealExpedition","floor":14.0},{"not_picked":["hexamod:RainOfEmbers","hexamod:GhostShield"],"picked":"hexamod:InspiringFlames","floor":15.0},{"not_picked":["hexamod:UnleashSpirits","hexamod:TurnItUp"],"picked":"hexamod:TimeWarp","floor":16.0},{"not_picked":["sneckomod:SnekBite","Vigilance"],"picked":"m_Survivalism","floor":17.0},{"not_picked":["hexamod:GhostflameInferno","hexamod:WildfireWeapon"],"picked":"hexamod:ParanormalForm","floor":17.0},{"not_picked":["expansioncontent:ManipulateTime","Trip"],"picked":"ReplayTheSpireMod:Trickstab","floor":17.0},{"not_picked":["ReplayTheSpireMod:Black Plague","infinitespire:Fortify"],"picked":"infinitespire:DeathsTouch","floor":17.0},{"not_picked":["hexamod:SecondSeal","hexamod:ThirdSeal"],"picked":"hexamod:FourthSeal","floor":19.0},{"not_picked":["hexamod:RecurringNightmare+1","hexamod:HauntingEcho+1"],"picked":"hexamod:SpectralAdrenaline+1","floor":19.0},{"not_picked":["hexamod:HauntingEcho","hexamod:InspiringFlames"],"picked":"hexamod:FastForward","floor":20.0},{"not_picked":["hexamod:HauntingEcho","hexamod:NightmareGuise"],"picked":"hexamod:NightmareStrike","floor":21},{"not_picked":["hexamod:RecurringNightmare+1","hexamod:FastForward+1"],"picked":"hexamod:GhostflameInferno","floor":22}],"player_experience":799572,"relics_obtained":[{"floor":12.0,"key":"Bottled Flame"},{"floor":21,"key":"Potion Belt"}],"event_choices":[{"damage_healed":0.0,"max_hp_gain":0.0,"max_hp_loss":0.0,"gold_gain":0.0,"cards_transformed":["hexamod:Strike"],"event_name":"Transmorgrifier","player_choice":"Transformed","floor":5.0,"gold_loss":0.0,"damage_taken":0.0,"cards_obtained":["hexamod:WildfireWeapon"]}],"is_beta":false,"boss_relics":[{"not_picked":["Busted Crown","Abe\u0027s Treasure"],"picked":"ReplayTheSpireMod:SealedPack"}],"items_purged_floors":[],"is_endless":false,"potions_floor_spawned":[2,13,14,15,16],"killed_by":"3 Cultists","ascension_level":0}}