{"host":"f5gffvlv6a66yqkd","time":1608821740,"event":{"mods":["2.2 Compatiblity","BaseMod","Colored Map","DeckTracker","Keyboard Shortcuts","Minty Spire (QoL Compilation)","Permanent Neow","Quick Restart","Relic Stats","StSLib","SuperFastMode"],"gold_per_floor":[111,36,36,53,67,67,85,111,111,122,122,22,41,59,59,131,131,144,163,78,78,78],"floor_reached":21,"playtime":502,"items_purged":["Strike_B","Strike_B"],"score":346,"play_id":"800df71b-833d-4aff-8837-6f7362a8922e","local_time":"20201224235540","is_ascension_mode":true,"campfire_choices":[{"data":"Redo","floor":6.0,"key":"SMITH"},{"floor":11.0,"key":"REST"},{"data":"Darkness","floor":15.0,"key":"SMITH"}],"circlet_count":0,"master_deck":["AscendersBane","Strike_B","Strike_B","Defend_B","Defend_B","Defend_B","Defend_B","Zap","Dualcast","Streamline","Darkness+1","Redo+1","Glacier","Compile Driver","Undo","Echo Form","Conserve Battery+1"],"relics":["Cracked Core","Turnip","Shuriken","Odd Mushroom","Lantern","Inserter","Mummified Hand"],"acts_visited":["Exordium","TheCity"],"potions_floor_usage":[],"damage_taken":[{"damage":2.0,"enemies":"Cultist","floor":1.0,"turns":4.0},{"damage":6.0,"enemies":"2 Louse","floor":4.0,"turns":2.0},{"damage":0.0,"enemies":"Jaw Worm","floor":5.0,"turns":3.0},{"damage":10.0,"enemies":"Large Slime","floor":7.0,"turns":5.0},{"damage":18.0,"enemies":"The Mushroom Lair","floor":8.0,"turns":5.0},{"damage":3.0,"enemies":"2 Fungi Beasts","floor":10.0,"turns":3.0},{"damage":0.0,"enemies":"Looter","floor":13.0,"turns":4.0},{"damage":0.0,"enemies":"Large Slime","floor":14.0,"turns":4.0},{"damage":24.0,"enemies":"Slime Boss","floor":16.0,"turns":8.0},{"damage":32,"enemies":"3 Byrds","floor":18,"turns":5},{"damage":0,"enemies":"Chosen","floor":19,"turns":7},{"damage":28,"enemies":"3 Cultists","floor":21,"turns":4}],"seed_played":"-5726169373387651003","potions_obtained":[{"floor":5.0,"key":"BlessingOfTheForge"},{"floor":14.0,"key":"EssenceOfDarkness"},{"floor":18,"key":"FocusPotion"}],"is_trial":false,"path_per_floor":["M","$","T","M","M","R","M","?","T","M","R","$","M","M","R","B",null,"M","M","?","M"],"character_chosen":"DEFECT","items_purchased":[],"campfire_rested":1,"item_purchase_floors":[],"current_hp_per_floor":[44,44,44,38,38,38,28,10,10,7,28,28,28,28,28,4,54,22,22,22,0,0],"gold":78,"neow_bonus":"ONE_RARE_RELIC","is_daily":false,"chose_seed":false,"campfire_upgraded":2,"win_rate":0.0,"timestamp":1608821740,"path_taken":["M","?","?","M","M","R","?","?","T","M","R","$","M","M","R","BOSS","M","M","?","M"],"items_purchased_type":[],"build_version":"2020-12-22","purchased_purges":2,"victory":false,"max_hp_per_floor":[71,71,71,71,71,71,71,71,71,71,71,71,71,71,71,71,71,71,71,71,71,71],"relic_stats":{"Inserter":[8],"counters":[12,54],"Shuriken":[0],"Mummified Hand":[0],"Turnip":[12],"obtain_stats":[{"Lantern":9,"Inserter":17,"Shuriken":3,"Mummified Hand":20,"Turnip":0,"Odd Mushroom":8,"Cracked Core":0},{"Lantern":5,"Inserter":9,"Shuriken":1,"Mummified Hand":11,"Turnip":0,"Odd Mushroom":5,"Cracked Core":0},{"Lantern":19,"Inserter":38,"Shuriken":4,"Mummified Hand":50,"Turnip":0,"Odd Mushroom":19,"Cracked Core":0}]},"card_choices":[{"not_picked":["Stack","Coolheaded"],"picked":"Streamline","floor":1.0},{"not_picked":["Barrage","Conserve Battery"],"picked":"Darkness","floor":4.0},{"not_picked":["Go for the Eyes","Fusion"],"picked":"Redo","floor":5.0},{"not_picked":["Hello World","Chaos"],"picked":"Glacier","floor":7.0},{"not_picked":["Leap","Loop"],"picked":"Compile Driver","floor":8.0},{"not_picked":["Sweeping Beam","Cold Snap","Streamline"],"picked":"SKIP","floor":10.0},{"not_picked":["Reprogram","Redo","Go for the Eyes"],"picked":"SKIP","floor":13.0},{"not_picked":["Leap","Ball Lightning"],"picked":"Undo","floor":14.0},{"not_picked":["Amplify","Meteor Strike"],"picked":"Echo Form","floor":16.0},{"not_picked":["Gash","Genetic Algorithm"],"picked":"Conserve Battery+1","floor":18},{"not_picked":["Beam Cell","Gash","Cold Snap"],"picked":"SKIP","floor":19}],"player_experience":1479242,"relics_obtained":[{"floor":3.0,"key":"Shuriken"},{"floor":8.0,"key":"Odd Mushroom"},{"floor":9.0,"key":"Lantern"}],"event_choices":[{"damage_healed":0.0,"max_hp_gain":0.0,"max_hp_loss":0.0,"gold_gain":0.0,"event_name":"Mushrooms","player_choice":"Fought Mushrooms","floor":8.0,"gold_loss":0.0,"damage_taken":0.0},{"damage_healed":0,"gold_gain":0,"player_choice":"Obtained Relic","damage_taken":0,"relics_obtained":["Mummified Hand"],"max_hp_gain":0,"max_hp_loss":0,"event_name":"Addict","floor":20,"gold_loss":85}],"is_beta":false,"boss_relics":[{"not_picked":["Velvet Choker","Calling Bell"],"picked":"Inserter"}],"items_purged_floors":[2,12],"is_endless":false,"potions_floor_spawned":[5,14,18],"killed_by":"3 Cultists","ascension_level":20}}