{"host":"jpcy2bclvs7juczu","time":1608844171,"event":{"mods":["AchievementEnabler","Alarm Clock","BaseMod","Block Reminder","Colored Map","Colored Powertips","Curses Come First","Filter the Spire","Minty Spire (QoL Compilation)","Quick Restart","Relic Stats","StSLib","ojb\u0027s Better Paths Mod","ojb\u0027s Info Mod","slay the spire mod where everything is the same but ironclad has a cowboy hat"],"gold_per_floor":[119,119,136,25,37,37,0,33,33,33,45,45,2,19,19,97,97,116,166,166,166],"floor_reached":20,"playtime":597,"items_purged":[],"score":444,"play_id":"572f7c53-bf51-42cb-89e0-f24bb8b8b9ef","local_time":"20201224210931","is_ascension_mode":true,"campfire_choices":[{"data":"Fire Breathing","floor":6.0,"key":"SMITH"},{"data":"Perfected Strike","floor":10.0,"key":"SMITH"},{"data":"Fiend Fire","floor":12.0,"key":"SMITH"},{"data":"Whirlwind","floor":15.0,"key":"SMITH"}],"circlet_count":0,"master_deck":["AscendersBane","Strike_R","Strike_R","Strike_R","Strike_R","Defend_R","Defend_R","Defend_R","Defend_R","Bash","Fire Breathing+1","Wild Strike","Perfected Strike+1","Whirlwind+1","Fiend Fire+1","Feel No Pain","Corruption","Hemokinesis+1"],"relics":["SlaversCollar","Question Card","Pen Nib","Runic Dome"],"acts_visited":["Exordium","TheCity"],"potions_floor_usage":[],"damage_taken":[{"damage":12.0,"enemies":"Cultist","floor":1.0,"turns":4.0},{"damage":4.0,"enemies":"Jaw Worm","floor":3.0,"turns":5.0},{"damage":5.0,"enemies":"Small Slimes","floor":5.0,"turns":3.0},{"damage":8.0,"enemies":"Gremlin Nob","floor":8.0,"turns":3.0},{"damage":11.0,"enemies":"2 Fungi Beasts","floor":11.0,"turns":3.0},{"damage":1.0,"enemies":"Blue Slaver","floor":14.0,"turns":2.0},{"damage":0.0,"enemies":"Slime Boss","floor":16.0,"turns":6.0},{"damage":47,"enemies":"Shell Parasite","floor":18,"turns":6},{"damage":21,"enemies":"Spheric Guardian","floor":20,"turns":4}],"seed_played":"9204870113390874520","potions_obtained":[{"floor":5.0,"key":"ColorlessPotion"},{"floor":11.0,"key":"FearPotion"}],"is_trial":false,"path_per_floor":["M","?","M","$","M","R","?","E","T","R","M","R","$","M","R","B",null,"M","?","M"],"character_chosen":"IRONCLAD","items_purchased":["Perfected Strike","SteroidPotion","Feel No Pain"],"campfire_rested":0,"item_purchase_floors":[4,4,13],"current_hp_per_floor":[56,49,45,45,40,40,40,32,32,32,21,21,21,20,20,20,61,14,14,0,0],"gold":166,"neow_bonus":"BOSS_RELIC","is_daily":false,"chose_seed":false,"campfire_upgraded":4,"win_rate":0.0,"timestamp":1608844171,"path_taken":["M","?","M","$","M","R","?","E","T","R","M","R","?","M","R","BOSS","M","?","M"],"items_purchased_type":["Card","Potion","Card"],"build_version":"2020-12-22","purchased_purges":0,"victory":false,"max_hp_per_floor":[75,75,75,75,75,75,75,75,75,75,75,75,75,75,75,75,75,75,75,75,75],"relic_stats":{"counters":[9,36],"Pen Nib":[2],"Question Card":4,"obtain_stats":[{"SlaversCollar":0,"Runic Dome":17,"Pen Nib":9,"Question Card":8,"Burning Blood":0},{"SlaversCollar":0,"Runic Dome":7,"Pen Nib":4,"Question Card":4,"Burning Blood":0},{"SlaversCollar":0,"Runic Dome":26,"Pen Nib":15,"Question Card":15,"Burning Blood":0}]},"card_choices":[{"not_picked":["Clothesline","Iron Wave"],"picked":"Fire Breathing","floor":1.0},{"not_picked":["Headbutt","True Grit"],"picked":"Wild Strike","floor":3.0},{"not_picked":["Searing Blow","Pummel"],"picked":"Whirlwind","floor":5.0},{"not_picked":["Heavy Blade","Perfected Strike","Disarm"],"picked":"SKIP","floor":8.0},{"not_picked":["True Grit","Ghostly Armor","Sword Boomerang"],"picked":"Fiend Fire","floor":11.0},{"not_picked":["Thunderclap","Uppercut","True Grit","Shrug It Off"],"picked":"SKIP","floor":14.0},{"not_picked":["Impervious","Double Tap","Feed"],"picked":"Corruption","floor":16.0},{"not_picked":["Cleave","Perfected Strike","Anger+1"],"picked":"Hemokinesis+1","floor":18}],"player_experience":179089,"relics_obtained":[{"floor":8.0,"key":"Question Card"},{"floor":9.0,"key":"Pen Nib"}],"event_choices":[{"cards_removed":["Strike_R"],"damage_healed":0.0,"max_hp_gain":0.0,"max_hp_loss":0.0,"gold_gain":0.0,"event_name":"Golden Wing","player_choice":"Card Removal","floor":2.0,"gold_loss":0.0,"damage_taken":7.0},{"damage_healed":0.0,"max_hp_gain":0.0,"max_hp_loss":0.0,"gold_gain":0.0,"event_name":"World of Goop","player_choice":"Left Gold","floor":7.0,"gold_loss":37.0,"damage_taken":0.0},{"damage_healed":0,"gold_gain":50,"player_choice":"Stole From Cult","damage_taken":0,"max_hp_gain":0,"max_hp_loss":0,"event_name":"Nest","floor":19,"gold_loss":0}],"is_beta":false,"boss_relics":[{"not_picked":["Empty Cage","Sozu"],"picked":"Runic Dome"}],"items_purged_floors":[],"is_endless":false,"potions_floor_spawned":[5,11],"killed_by":"Spheric Guardian","ascension_level":20}}