{"host":"1a32ffxog1zcqoh0","time":1608778870,"event":{"mods":["BaseMod","Block Reminder","Colored Map","Colored Powertips","Googly Eyes","Minty Spire (QoL Compilation)","Quick Restart","Rare Cards Sparkle","Relic Stats","StSLib","Unceasing Turn Reminder","everything is the same but u backflip on backflip","slay the spire mod where everything is the same but ironclad has a cowboy hat"],"gold_per_floor":[113,113,113,38,58,58,88,88,88,88,116,116,144,162,162,264,264,282,282,307,6,6,37,50,67,67,98,108,140,151,165,165,165,165],"floor_reached":33,"playtime":1970,"items_purged":["Regret","Strike_G"],"score":404,"play_id":"de9f469d-0e5f-4571-a971-2effd64f0526","local_time":"20201223220110","is_ascension_mode":true,"campfire_choices":[{"data":"Poisoned Stab","floor":6,"key":"SMITH"},{"data":"Bane","floor":10,"key":"SMITH"},{"data":"Crippling Poison","floor":12,"key":"SMITH"},{"floor":15,"key":"REST"},{"floor":32,"key":"REST"}],"circlet_count":0,"master_deck":["Strike_G","Strike_G","Strike_G","Defend_G","Defend_G","Defend_G","Defend_G","Defend_G","Survivor","Neutralize","Poisoned Stab+1","Bane+1","Crippling Poison+1","Backstab","Infinite Blades","Adrenaline","Slice","Bane","Poisoned Stab+1","Bane","Bouncing Flask","Deadly Poison","Sucker Punch","Bane","Deadly Poison","Prepared","Poisoned Stab"],"relics":["Ring of the Snake","Bag of Marbles","Mercury Hourglass","Sundial","Darkstone Periapt","Centennial Puzzle","Velvet Choker","Vajra","Blood Vial","Smiling Mask","Blue Candle","Red Mask","Pen Nib"],"acts_visited":["Exordium","TheCity"],"potions_floor_usage":[7,11,11,11,11,13,18,23,24,25,25,30,33],"damage_taken":[{"damage":2,"enemies":"Jaw Worm","floor":1,"turns":6},{"damage":1,"enemies":"Small Slimes","floor":5,"turns":3},{"damage":16,"enemies":"Gremlin Nob","floor":7,"turns":4},{"damage":10,"enemies":"Lagavulin","floor":11,"turns":4},{"damage":8,"enemies":"Gremlin Nob","floor":13,"turns":3},{"damage":0,"enemies":"Cultist","floor":14,"turns":1},{"damage":22,"enemies":"Hexaghost","floor":16,"turns":7},{"damage":0,"enemies":"3 Byrds","floor":18,"turns":3},{"damage":21,"enemies":"Slavers","floor":23,"turns":3},{"damage":9,"enemies":"2 Thieves","floor":24,"turns":3},{"damage":2,"enemies":"Centurion and Healer","floor":25,"turns":2},{"damage":0,"enemies":"Masked Bandits","floor":27,"turns":2},{"damage":18,"enemies":"Snake Plant","floor":28,"turns":2},{"damage":21,"enemies":"Book of Stabbing","floor":29,"turns":4},{"damage":0,"enemies":"Snecko","floor":30,"turns":3},{"damage":0,"enemies":"Centurion and Healer","floor":31,"turns":2},{"damage":58,"enemies":"Collector","floor":33,"turns":5}],"seed_played":"-2389181767897311146","potions_obtained":[{"floor":0,"key":"Dexterity Potion"},{"floor":0,"key":"EntropicBrew"},{"floor":0,"key":"CultistPotion"},{"floor":7,"key":"EssenceOfSteel"},{"floor":14,"key":"Weak Potion"},{"floor":16,"key":"Weak Potion"},{"floor":18,"key":"Energy Potion"},{"floor":23,"key":"Weak Potion"},{"floor":30,"key":"Fruit Juice"},{"floor":31,"key":"Explosive Potion"}],"is_trial":false,"path_per_floor":["M","?","?","$","M","R","E","?","T","R","E","R","E","M","R","B",null,"M","?","T","$","?","E","M","M","T","?","M","E","M","M","R","B"],"character_chosen":"THE_SILENT","items_purchased":["Bane","Blood Vial"],"campfire_rested":2,"item_purchase_floors":[21,21],"current_hp_per_floor":[68,68,68,68,67,67,51,51,51,51,41,41,33,33,54,32,61,61,61,61,61,61,42,35,35,35,37,21,2,9,11,33,0,0],"gold":165,"neow_bonus":"THREE_SMALL_POTIONS","is_daily":false,"chose_seed":false,"campfire_upgraded":3,"win_rate":0.0,"timestamp":1608778870,"path_taken":["M","?","?","$","?","R","E","?","T","R","E","R","E","M","R","BOSS","M","?","?","?","?","E","M","?","T","?","M","E","M","M","R","BOSS"],"items_purchased_type":["Card","Relic"],"build_version":"2020-12-22","purchased_purges":2,"victory":false,"max_hp_per_floor":[70,70,70,70,70,70,70,70,70,70,70,70,70,70,70,70,70,70,70,70,70,70,70,70,70,70,70,70,70,75,75,75,75,75],"relic_stats":{"Darkstone Periapt":0,"Blood Vial":18,"Centennial Puzzle":[21],"counters":[17,57],"Sundial":[4],"Blue Candle":[0],"Pen Nib":[3],"Smiling Mask":0,"obtain_stats":[{"Darkstone Periapt":11,"Blue Candle":26,"Velvet Choker":17,"Vajra":20,"Pen Nib":29,"Smiling Mask":23,"Mercury Hourglass":7,"Blood Vial":21,"Centennial Puzzle":13,"Sundial":9,"Bag of Marbles":2,"Red Mask":27,"Ring of the Snake":0},{"Darkstone Periapt":4,"Blue Candle":11,"Velvet Choker":7,"Vajra":8,"Pen Nib":14,"Smiling Mask":9,"Mercury Hourglass":3,"Blood Vial":8,"Centennial Puzzle":5,"Sundial":3,"Bag of Marbles":1,"Red Mask":12,"Ring of the Snake":0},{"Darkstone Periapt":17,"Blue Candle":39,"Velvet Choker":28,"Vajra":31,"Pen Nib":47,"Smiling Mask":34,"Mercury Hourglass":13,"Blood Vial":31,"Centennial Puzzle":20,"Sundial":13,"Bag of Marbles":6,"Red Mask":41,"Ring of the Snake":0}],"Ring of the Snake":[34],"Mercury Hourglass":[171]},"card_choices":[{"not_picked":["Calculated Gamble","Accuracy"],"picked":"Poisoned Stab","floor":1},{"not_picked":["Riddle With Holes","Dagger Spray"],"picked":"Bane","floor":5},{"not_picked":["Slice","Riddle With Holes"],"picked":"Crippling Poison","floor":7},{"not_picked":["Venomology","Malaise"],"picked":"Choke","floor":11},{"not_picked":["Terror","Blur"],"picked":"Backstab","floor":13},{"not_picked":["Dodge and Roll","Predator"],"picked":"Infinite Blades","floor":14},{"not_picked":["A Thousand Cuts","Phantasmal Killer"],"picked":"Adrenaline","floor":16},{"not_picked":["Sucker Punch","Reflex"],"picked":"Slice","floor":18},{"not_picked":["Sucker Punch","Skewer+1"],"picked":"Bane","floor":23},{"not_picked":["Acrobatics","Cloak And Dagger"],"picked":"Bouncing Flask","floor":24},{"not_picked":["Leg Sweep","Setup"],"picked":"Deadly Poison","floor":25},{"not_picked":["Backflip+1","Deflect"],"picked":"Sucker Punch","floor":27},{"not_picked":["Tools of the Trade","Terror"],"picked":"Bane","floor":28},{"not_picked":["Caltrops+1","Underhanded Strike"],"picked":"Deadly Poison","floor":29},{"not_picked":["Finisher","Infinite Blades"],"picked":"Prepared","floor":30},{"not_picked":["PiercingWail+1","Cloak And Dagger"],"picked":"Poisoned Stab","floor":31}],"player_experience":260732,"relics_obtained":[{"floor":7,"key":"Mercury Hourglass"},{"floor":9,"key":"Sundial"},{"floor":11,"key":"Darkstone Periapt"},{"floor":13,"key":"Centennial Puzzle"},{"floor":20,"key":"Vajra"},{"floor":23,"key":"Smiling Mask"},{"floor":26,"key":"Blue Candle"},{"floor":27,"key":"Red Mask"},{"floor":29,"key":"Pen Nib"}],"event_choices":[{"damage_healed":0,"gold_gain":0,"player_choice":"Box","damage_taken":0,"relics_obtained":["Bag of Marbles"],"max_hp_gain":0,"max_hp_loss":0,"event_name":"Big Fish","floor":2,"gold_loss":0,"cards_obtained":["Regret"]},{"damage_healed":0,"gold_gain":0,"player_choice":"Got Potions","damage_taken":0,"max_hp_gain":0,"max_hp_loss":0,"event_name":"Lab","floor":3,"gold_loss":0},{"cards_removed":["Strike_G"],"damage_healed":0,"gold_gain":0,"player_choice":"Purged","damage_taken":0,"max_hp_gain":0,"max_hp_loss":0,"event_name":"Purifier","floor":8,"gold_loss":0},{"cards_removed":["Choke"],"damage_healed":0,"gold_gain":0,"player_choice":"Elegance","damage_taken":0,"max_hp_gain":0,"max_hp_loss":0,"event_name":"Back to Basics","floor":19,"gold_loss":0},{"damage_healed":0,"gold_gain":0,"player_choice":"Copied","damage_taken":0,"max_hp_gain":0,"max_hp_loss":0,"event_name":"Duplicator","floor":22,"gold_loss":0,"cards_obtained":["Poisoned Stab"]},{"damage_healed":0,"gold_gain":0,"player_choice":"Fought Bandits","damage_taken":0,"max_hp_gain":0,"max_hp_loss":0,"event_name":"Masked Bandits","floor":27,"gold_loss":0}],"is_beta":false,"boss_relics":[{"not_picked":["Snecko Eye","Calling Bell"],"picked":"Velvet Choker"}],"items_purged_floors":[4,21],"is_endless":false,"potions_floor_spawned":[7,14,16,18,23,30,31],"killed_by":"Collector","ascension_level":5}}