{"host":"ih7ofq2zpufcoifs","time":1608822542,"event":{"mods":["BaseMod","Colored Map","Minty Spire (QoL Compilation)"],"gold_per_floor":[19,33,48,60,79,79,111,123,135,222,264,276,301,340,352,441,453,479,511,103,103,103,138,138,150,150,185,20,20,20,20,20,95,95,114,130,147,47,63,98,98,131,131,0,75,90,122,141,141,141,141,141,141,35,68,68],"floor_reached":57,"playtime":7347,"items_purged":["A Thousand Cuts","Decay"],"score":3025,"play_id":"79e2269e-88f7-4e78-a913-c172b43a6ed2","local_time":"20201225010902","is_ascension_mode":true,"campfire_choices":[{"data":"Dagger Spray","floor":6.0,"key":"SMITH"},{"floor":8.0,"key":"REST"},{"floor":12.0,"key":"REST"},{"data":"All Out Attack","floor":15.0,"key":"SMITH"},{"floor":24.0,"key":"REST"},{"data":"Well Laid Plans","floor":30.0,"key":"SMITH"},{"data":"Footwork","floor":32.0,"key":"SMITH"},{"floor":41.0,"key":"RECALL"},{"data":"After Image","floor":49,"key":"SMITH"},{"data":"After Image","floor":53,"key":"SMITH"}],"circlet_count":0,"master_deck":["AscendersBane","Survivor","Neutralize","Sucker Punch","Dagger Spray+1","All Out Attack+1","Dagger Throw","Flying Knee","Unload","Blur+1","Adrenaline+1","Well Laid Plans+1","Tools of the Trade","Backflip+1","Quick Slash","After Image+1","Bouncing Flask+1","Masterful Stab","Deflect+1","Bouncing Flask+1","Crippling Poison+1","Footwork+1","After Image+1","Dodge and Roll+1","Backflip+1","Glass Knife","Footwork","Burst+1","Calculated Gamble+1","Prepared+1","Tactician+1","Backflip+1","Backflip+1","Reflex+1","Prepared+1","PiercingWail+1","Deadly Poison+1"],"relics":["Ring of the Snake","MawBank","Centennial Puzzle","MealTicket","Toxic Egg 2","Pandora\u0027s Box","DollysMirror","Matryoshka","Snake Skull","Gremlin Horn","Question Card","ClockworkSouvenir","HoveringKite","Toy Ornithopter","TungstenRod","Lantern","Red Mask","Omamori","Incense Burner"],"acts_visited":["Exordium","TheCity","TheBeyond","TheEnding"],"potions_floor_usage":[],"damage_taken":[{"damage":0.0,"enemies":"2 Louse","floor":1.0,"turns":4.0},{"damage":2.0,"enemies":"Jaw Worm","floor":2.0,"turns":5.0},{"damage":0.0,"enemies":"Small Slimes","floor":3.0,"turns":2.0},{"damage":3.0,"enemies":"Looter","floor":4.0,"turns":4.0},{"damage":0.0,"enemies":"Gremlin Gang","floor":5.0,"turns":1.0},{"damage":30.0,"enemies":"Gremlin Nob","floor":7.0,"turns":4.0},{"damage":12.0,"enemies":"3 Sentries","floor":11.0,"turns":4.0},{"damage":0.0,"enemies":"Exordium Wildlife","floor":13.0,"turns":2.0},{"damage":31.0,"enemies":"Lagavulin","floor":14.0,"turns":9.0},{"damage":17.0,"enemies":"Slime Boss","floor":16.0,"turns":7.0},{"damage":0.0,"enemies":"Chosen","floor":18.0,"turns":3.0},{"damage":1.0,"enemies":"Spheric Guardian","floor":19.0,"turns":4.0},{"damage":18.0,"enemies":"Slavers","floor":23.0,"turns":5.0},{"damage":15.0,"enemies":"Snake Plant","floor":25.0,"turns":4.0},{"damage":19.0,"enemies":"Gremlin Leader","floor":27.0,"turns":5.0},{"damage":10.0,"enemies":"Collector","floor":33.0,"turns":10.0},{"damage":0.0,"enemies":"Orb Walker","floor":35.0,"turns":4.0},{"damage":0.0,"enemies":"3 Shapes","floor":36.0,"turns":4.0},{"damage":8.0,"enemies":"Writhing Mass","floor":37.0,"turns":7.0},{"damage":0.0,"enemies":"Transient","floor":39.0,"turns":6.0},{"damage":21.0,"enemies":"Giant Head","floor":40.0,"turns":10.0},{"damage":1.0,"enemies":"Reptomancer","floor":42.0,"turns":5.0},{"damage":1.0,"enemies":"4 Shapes","floor":46.0,"turns":2.0},{"damage":0.0,"enemies":"Giant Head","floor":47.0,"turns":7.0},{"damage":0,"enemies":"Sphere and 2 Shapes","floor":48,"turns":5},{"damage":11,"enemies":"Time Eater","floor":50,"turns":19},{"damage":0,"enemies":"Donu and Deca","floor":51,"turns":10},{"damage":0,"enemies":"Shield and Spear","floor":55,"turns":8},{"damage":1,"enemies":"The Heart","floor":56,"turns":11}],"seed_played":"8404961500880511473","potions_obtained":[{"floor":1.0,"key":"Energy Potion"},{"floor":4.0,"key":"SteroidPotion"},{"floor":11.0,"key":"EssenceOfSteel"},{"floor":13.0,"key":"Explosive Potion"},{"floor":14.0,"key":"Strength Potion"},{"floor":23.0,"key":"Strength Potion"},{"floor":25.0,"key":"ColorlessPotion"},{"floor":27.0,"key":"SteroidPotion"},{"floor":36.0,"key":"ColorlessPotion"},{"floor":40.0,"key":"Poison Potion"},{"floor":46.0,"key":"Weak Potion"},{"floor":47.0,"key":"PowerPotion"}],"is_trial":false,"path_per_floor":["M","M","M","M","M","R","E","R","T","?","E","R","M","E","R","B",null,"M","M","$","?","?","E","R","M","T","E","$","?","R","?","R","B",null,"M","M","M","$","M","E","R","E","T","?","T","M","E","M","R","B","B",null,"R","$","E","B",null],"character_chosen":"THE_SILENT","items_purchased":["Crippling Poison+1","Footwork","DollysMirror","Explosive Potion","ClockworkSouvenir","GhostInAJar"],"campfire_rested":3,"item_purchase_floors":[20,20,20,20,28,54],"current_hp_per_floor":[71,69,69,66,66,66,36,59,59,48,36,59,59,28,28,11,61,61,60,75,53,53,35,59,44,44,25,40,40,40,40,40,30,70,70,70,62,77,77,56,56,55,55,55,55,54,54,54,54,43,43,73,73,83,83,82],"gold":68,"neow_bonus":"TWENTY_PERCENT_HP_BONUS","is_daily":false,"chose_seed":false,"campfire_upgraded":6,"win_rate":0.0,"timestamp":1608822542,"path_taken":["M","M","M","M","M","R","E","R","T","?","E","R","M","E","R","BOSS","M","M","$","?","?","E","R","M","T","E","$","?","R","?","R","BOSS","M","M","M","$","?","E","R","E","T","?","?","M","E","M","R","BOSS","BOSS","R","$","E","BOSS"],"items_purchased_type":["Card","Card","Relic","Potion","Relic","Potion"],"build_version":"2020-12-22","purchased_purges":2,"victory":true,"max_hp_per_floor":[78,78,78,78,78,78,78,78,78,78,78,78,78,78,78,78,78,78,78,78,83,83,83,83,83,83,83,83,83,83,83,83,83,83,83,83,83,83,83,83,83,83,83,83,83,83,83,83,83,83,83,83,83,83,83,83],"card_choices":[{"not_picked":["Prepared","Backflip"],"picked":"Sucker Punch","floor":1.0},{"not_picked":["Flying Knee","Dagger Throw"],"picked":"Dagger Spray","floor":2.0},{"not_picked":["Caltrops","Bullet Time","Deflect"],"picked":"SKIP","floor":3.0},{"not_picked":["Dagger Throw","Outmaneuver"],"picked":"All Out Attack","floor":4.0},{"not_picked":["PiercingWail","Deflect"],"picked":"Dagger Throw","floor":5.0},{"not_picked":["Bane","Infinite Blades"],"picked":"Flying Knee","floor":7.0},{"not_picked":["Terror","Masterful Stab"],"picked":"Unload","floor":11.0},{"not_picked":["Poisoned Stab","Prepared","Cloak And Dagger"],"picked":"SKIP","floor":13.0},{"not_picked":["Dagger Throw","Deadly Poison+1"],"picked":"Blur+1","floor":14.0},{"not_picked":["A Thousand Cuts","Phantasmal Killer+1"],"picked":"Adrenaline+1","floor":16.0},{"not_picked":["Outmaneuver+1","Poisoned Stab"],"picked":"Deflect+1","floor":18.0},{"not_picked":["Well Laid Plans","Heel Hook"],"picked":"Bouncing Flask+1","floor":19.0},{"not_picked":["Poisoned Stab","Finisher+1","Bane"],"picked":"SKIP","floor":23.0},{"not_picked":["Poisoned Stab","Finisher+1","Bane"],"picked":"SKIP","floor":23.0},{"not_picked":["Poisoned Stab","Finisher+1","Bane"],"picked":"SKIP","floor":23.0},{"not_picked":["Deflect+1","Eviscerate"],"picked":"Dodge and Roll+1","floor":25.0},{"not_picked":["Outmaneuver+1","Footwork"],"picked":"Backflip+1","floor":27.0},{"not_picked":["Die Die Die","Envenom","Corpse Explosion+1"],"picked":"Burst+1","floor":33.0},{"not_picked":["Choke+1","Deflect+1","Bane"],"picked":"Calculated Gamble+1","floor":35.0},{"not_picked":["Noxious Fumes","All Out Attack+1","Deflect+1"],"picked":"Prepared+1","floor":36.0},{"not_picked":["Prepared+1","PiercingWail+1","Sucker Punch"],"picked":"Tactician+1","floor":37.0},{"not_picked":["Distraction+1","Flechettes","Slice"],"picked":"Backflip+1","floor":39.0},{"not_picked":["Unload","Finisher","Deadly Poison+1"],"picked":"Backflip+1","floor":40.0},{"not_picked":["Cloak And Dagger+1","Skewer","Heel Hook","Underhanded Strike"],"picked":"SKIP","floor":42.0},{"not_picked":["Dodge and Roll+1","Choke","Eviscerate+1"],"picked":"Reflex+1","floor":46.0},{"not_picked":["Finisher","Cloak And Dagger+1","Expertise+1"],"picked":"Prepared+1","floor":47.0},{"not_picked":["Slice","Concentrate+1","Cloak And Dagger+1"],"picked":"PiercingWail+1","floor":48},{"not_picked":["Predator+1","Infinite Blades","Expertise+1"],"picked":"Deadly Poison+1","floor":55}],"player_experience":462305,"relics_obtained":[{"floor":7.0,"key":"MawBank"},{"floor":9.0,"key":"Centennial Puzzle"},{"floor":11.0,"key":"MealTicket"},{"floor":14.0,"key":"Toxic Egg 2"},{"floor":23.0,"key":"Matryoshka"},{"floor":26.0,"key":"Snake Skull"},{"floor":26.0,"key":"Gremlin Horn"},{"floor":27.0,"key":"Question Card"},{"floor":40.0,"key":"Toy Ornithopter"},{"floor":42.0,"key":"TungstenRod"},{"floor":43.0,"key":"Lantern"},{"floor":47.0,"key":"Omamori"},{"floor":55,"key":"Incense Burner"}],"event_choices":[{"damage_healed":0.0,"max_hp_gain":0.0,"max_hp_loss":0.0,"gold_gain":75.0,"event_name":"World of Goop","player_choice":"Gather Gold","floor":10.0,"gold_loss":0.0,"damage_taken":11.0},{"damage_healed":0.0,"max_hp_gain":5.0,"max_hp_loss":0.0,"gold_gain":0.0,"event_name":"Forgotten Altar","player_choice":"Shed Blood","floor":21.0,"gold_loss":0.0,"damage_taken":27.0},{"damage_healed":0.0,"max_hp_gain":0.0,"max_hp_loss":0.0,"gold_gain":0.0,"event_name":"The Mausoleum","player_choice":"Ignored","floor":22.0,"gold_loss":0.0,"damage_taken":0.0},{"damage_healed":0.0,"max_hp_gain":0.0,"max_hp_loss":0.0,"gold_gain":0.0,"cards_transformed":["Flying Knee","Eviscerate"],"event_name":"Drug Dealer","player_choice":"Became Test Subject","floor":29.0,"gold_loss":0.0,"damage_taken":0.0,"cards_obtained":["Glass Knife","Footwork"]},{"damage_healed":0.0,"max_hp_gain":0.0,"max_hp_loss":0.0,"gold_gain":0.0,"event_name":"Wheel of Change","player_choice":"Cursed","floor":31.0,"gold_loss":0.0,"damage_taken":0.0,"cards_obtained":["Decay"]},{"damage_healed":0.0,"max_hp_gain":0.0,"max_hp_loss":0.0,"gold_gain":0.0,"event_name":"Tomb of Lord Red Mask","player_choice":"Paid","floor":44.0,"gold_loss":131.0,"damage_taken":0.0,"relics_obtained":["Red Mask"]}],"is_beta":false,"boss_relics":[{"not_picked":["Busted Crown","WristBlade"],"picked":"Pandora\u0027s Box"},{"not_picked":["Runic Dome","Philosopher\u0027s Stone"],"picked":"HoveringKite"}],"items_purged_floors":[20,38],"is_endless":false,"potions_floor_spawned":[1,4,11,13,14,23,25,27,36,40,46,47],"ascension_level":20}}