{"host":"cjhtzh7tp54jdfyv","time":1608824838,"event":{"mods":["AchievementEnabler","BaseMod","Colored Map","Colored Powertips","Curses Come First","DeckTracker","Filter the Spire","Minty Spire (QoL Compilation)","RNG Fix","Relic Sorter","Relic Stats","StSLib","The Cursed","Waifu the Spire","ojb\u0027s Better Paths Mod","ojb\u0027s Info Mod"],"gold_per_floor":[214,234,23,23,34,60,210,221,272,272,307,325,351,362,362,433,433,411,424,424,424],"floor_reached":20,"playtime":1959,"items_purged":[],"score":392,"play_id":"f8cc29c8-31fd-4999-a14c-19343ca2f44b","local_time":"20201224104718","is_ascension_mode":true,"campfire_choices":[{"floor":10.0,"key":"REST"},{"floor":15.0,"key":"REST"}],"circlet_count":0,"master_deck":["AscendersBane","TheCursedMod:Strike_TheCursed","TheCursedMod:Strike_TheCursed","TheCursedMod:Strike_TheCursed","TheCursedMod:Strike_TheCursed","TheCursedMod:Defend_TheCursed","TheCursedMod:Defend_TheCursed","TheCursedMod:Defend_TheCursed","TheCursedMod:Defend_TheCursed","TheCursedMod:CursedWand","TheCursedMod:CleanUpWorkshop","TheCursedMod:Dregs","TheCursedMod:TacticalStrike","TheCursedMod:ReleasedStrength","TheCursedMod:PrepareRite","TheCursedMod:Hemoplague","TheCursedMod:CursedBlade","TheCursedMod:CursedShiv","TheCursedMod:BloodBarrier","TheCursedMod:StingEye","TheCursedMod:CollectTribute","Doubt","TheCursedMod:VitalStrike","TheCursedMod:Wield","TheCursedMod:LuckyCharm","TheCursedMod:Obscuration","TheCursedMod:CircleOfAbyss","TheCursedMod:Evocation+1","TheCursedMod:Wield"],"relics":["TheCursedMod:BlackMagic101","Orrery","GremlinMask","Unceasing Top","Juzu Bracelet","Gambling Chip","Shovel","Sozu"],"acts_visited":["Exordium","TheCity"],"potions_floor_usage":[],"damage_taken":[{"damage":1.0,"enemies":"Cultist","floor":1.0,"turns":4.0},{"damage":0.0,"enemies":"Small Slimes","floor":2.0,"turns":2.0},{"damage":4.0,"enemies":"2 Louse","floor":5.0,"turns":2.0},{"damage":15.0,"enemies":"Lagavulin","floor":6.0,"turns":5.0},{"damage":15.0,"enemies":"Exordium Wildlife","floor":8.0,"turns":4.0},{"damage":5.0,"enemies":"Gremlin Nob","floor":11.0,"turns":4.0},{"damage":0.0,"enemies":"3 Louse","floor":12.0,"turns":3.0},{"damage":36.0,"enemies":"3 Sentries","floor":13.0,"turns":8.0},{"damage":6.0,"enemies":"2 Fungi Beasts","floor":14.0,"turns":3.0},{"damage":8.0,"enemies":"The Guardian","floor":16.0,"turns":10.0},{"damage":21.0,"enemies":"2 Thieves","floor":18.0,"turns":4.0},{"damage":1.0,"enemies":"3 Byrds","floor":19.0,"turns":4.0},{"damage":34,"enemies":"Masked Bandits","floor":20,"turns":3}],"seed_played":"-7185328368630460282","potions_obtained":[{"floor":1.0,"key":"Block Potion"},{"floor":2.0,"key":"PowerPotion"},{"floor":14.0,"key":"Energy Potion"}],"is_trial":false,"path_per_floor":["M","M","$","?","M","E","?","M","T","R","E","M","E","M","R","B",null,"M","M","?"],"character_chosen":"THE_CURSED","items_purchased":["Orrery","TheCursedMod:StingEye"],"campfire_rested":2,"item_purchase_floors":[3,3],"current_hp_per_floor":[63,63,63,63,59,44,44,29,29,50,45,45,9,3,24,16,57,36,35,1,1],"gold":424,"neow_bonus":"HUNDRED_GOLD","is_daily":false,"chose_seed":false,"campfire_upgraded":0,"win_rate":0.0,"timestamp":1608824838,"path_taken":["M","M","$","?","M","E","?","?","T","R","E","M","E","M","R","BOSS","M","M","?"],"items_purchased_type":["Relic","Card"],"build_version":"2020-12-22","purchased_purges":0,"victory":false,"max_hp_per_floor":[71,71,71,71,71,71,71,71,71,71,71,71,71,71,71,71,71,71,71,71,71],"relic_stats":{"Sozu":1,"Shovel":0,"counters":[13,56],"Gambling Chip":[27],"Juzu Bracelet":0,"obtain_stats":[{"Sozu":17,"TheCursedMod:BlackMagic101":0,"Shovel":13,"Gambling Chip":11,"Orrery":3,"GremlinMask":4,"Juzu Bracelet":9,"Unceasing Top":6},{"Sozu":10,"TheCursedMod:BlackMagic101":0,"Shovel":8,"Gambling Chip":6,"Orrery":2,"GremlinMask":2,"Juzu Bracelet":5,"Unceasing Top":4},{"Sozu":45,"TheCursedMod:BlackMagic101":0,"Shovel":32,"Gambling Chip":21,"Orrery":6,"GremlinMask":6,"Juzu Bracelet":17,"Unceasing Top":13}],"Unceasing Top":[3]},"card_choices":[{"not_picked":["TheCursedMod:Stretching","TheCursedMod:CursedAmulet"],"picked":"TheCursedMod:TacticalStrike","floor":1.0},{"not_picked":["TheCursedMod:Grudge","TheCursedMod:TacticalStrike"],"picked":"TheCursedMod:ReleasedStrength","floor":2.0},{"not_picked":["TheCursedMod:Obscuration","TheCursedMod:Torture"],"picked":"TheCursedMod:PrepareRite","floor":3.0},{"not_picked":["TheCursedMod:Torture","TheCursedMod:BloodBarrier"],"picked":"TheCursedMod:Hemoplague","floor":3.0},{"not_picked":["TheCursedMod:SpitefulPray","TheCursedMod:CursedMace"],"picked":"TheCursedMod:CursedBlade","floor":3.0},{"not_picked":["TheCursedMod:Stretching","TheCursedMod:CircleOfFlame"],"picked":"TheCursedMod:CursedShiv","floor":3.0},{"not_picked":["TheCursedMod:Obscuration","TheCursedMod:VitalStrike"],"picked":"TheCursedMod:BloodBarrier","floor":3.0},{"not_picked":["TheCursedMod:CursedMace","TheCursedMod:Obscuration"],"picked":"TheCursedMod:CollectTribute","floor":5.0},{"not_picked":["TheCursedMod:FleshFromBone","TheCursedMod:Torture","TheCursedMod:Hemoplague"],"picked":"SKIP","floor":6.0},{"not_picked":["TheCursedMod:CursedMace","TheCursedMod:CircleOfFlame"],"picked":"TheCursedMod:VitalStrike","floor":8.0},{"not_picked":["TheCursedMod:CircleOfFlame","TheCursedMod:RapidMovement"],"picked":"TheCursedMod:Wield","floor":11.0},{"not_picked":["TheCursedMod:AshesToAshes","TheCursedMod:SpitefulStrike"],"picked":"TheCursedMod:LuckyCharm","floor":12.0},{"not_picked":["TheCursedMod:CircleOfCorruption","TheCursedMod:Stigma","TheCursedMod:CursedBlade"],"picked":"SKIP","floor":13.0},{"not_picked":["TheCursedMod:SurpriseAttack","TheCursedMod:SpitefulPray"],"picked":"TheCursedMod:Obscuration","floor":14.0},{"not_picked":["TheCursedMod:OutForBlood","TheCursedMod:DemonicPact"],"picked":"TheCursedMod:CircleOfAbyss","floor":16.0},{"not_picked":["TheCursedMod:CursedAmulet","TheCursedMod:DoubleShield"],"picked":"TheCursedMod:Evocation+1","floor":18.0},{"not_picked":["TheCursedMod:SmokeScreen","TheCursedMod:CircleOfCorruption"],"picked":"TheCursedMod:Wield","floor":19.0}],"player_experience":4388670,"relics_obtained":[{"floor":6.0,"key":"Unceasing Top"},{"floor":9.0,"key":"Juzu Bracelet"},{"floor":11.0,"key":"Gambling Chip"},{"floor":13.0,"key":"Shovel"}],"event_choices":[{"damage_healed":0.0,"max_hp_gain":0.0,"max_hp_loss":0.0,"gold_gain":0.0,"event_name":"FaceTrader","player_choice":"Trade","floor":4.0,"gold_loss":0.0,"damage_taken":0.0,"relics_obtained":["GremlinMask"]},{"damage_healed":0.0,"max_hp_gain":0.0,"max_hp_loss":0.0,"gold_gain":150.0,"event_name":"Liars Game","player_choice":"AGREE","floor":7.0,"gold_loss":0.0,"damage_taken":0.0,"cards_obtained":["Doubt"]},{"damage_healed":0,"gold_gain":0,"player_choice":"Fought Bandits","damage_taken":0,"max_hp_gain":0,"max_hp_loss":0,"event_name":"Masked Bandits","floor":20,"gold_loss":0}],"is_beta":false,"boss_relics":[{"not_picked":["Busted Crown","SacredBark"],"picked":"Sozu"}],"items_purged_floors":[],"is_endless":false,"potions_floor_spawned":[1,2,5,14,18],"killed_by":"Masked Bandits","ascension_level":20}}