{"host":"0a7cgrrfh5edm4wz","time":1608787622,"event":{"mods":["BaseMod","Colored Map","Keyboard Shortcuts","Minty Spire (QoL Compilation)","Quick Restart","StSLib","SuperFastMode"],"gold_per_floor":[115,132,143,31,44,69,69,69,69],"floor_reached":8,"playtime":185,"items_purged":["Strike_G"],"score":116,"play_id":"0ea5bcc2-6d7f-4bc3-aa5c-926c00bb5008","local_time":"20201224142702","is_ascension_mode":true,"campfire_choices":[{"data":"Masterful Stab","floor":7,"key":"SMITH"}],"circlet_count":0,"master_deck":["AscendersBane","Strike_G","Strike_G","Strike_G+1","Strike_G","Defend_G","Defend_G","Defend_G","Defend_G","Defend_G","Survivor","Neutralize+1","Cloak And Dagger","Masterful Stab+1","Escape Plan","Accuracy","Dagger Spray","Terror"],"relics":["Ring of the Snake","NeowsBlessing","Whetstone"],"acts_visited":[],"potions_floor_usage":[5],"damage_taken":[{"damage":0.0,"enemies":"Small Slimes","floor":1.0,"turns":1.0},{"damage":0.0,"enemies":"Cultist","floor":2.0,"turns":1.0},{"damage":0.0,"enemies":"Jaw Worm","floor":3.0,"turns":1.0},{"damage":29,"enemies":"Exordium Wildlife","floor":5,"turns":11},{"damage":65,"enemies":"Gremlin Nob","floor":6,"turns":5},{"damage":25,"enemies":"3 Sentries","floor":8,"turns":6}],"seed_played":"5212438481154963083","potions_obtained":[{"floor":2.0,"key":"FairyPotion"},{"floor":5,"key":"Fruit Juice"}],"is_trial":false,"path_per_floor":["M","M","M","$","M","E","R","E"],"character_chosen":"THE_SILENT","items_purchased":["Accuracy"],"campfire_rested":0,"item_purchase_floors":[4],"current_hp_per_floor":[59,59,59,59,35,21,21,0,0],"gold":69,"neow_bonus":"THREE_ENEMY_KILL","is_daily":false,"chose_seed":false,"campfire_upgraded":1,"win_rate":0.0,"timestamp":1608787622,"path_taken":["M","M","M","$","M","E","R","E"],"items_purchased_type":["Card"],"build_version":"2020-12-22","purchased_purges":1,"victory":false,"max_hp_per_floor":[66,66,66,66,71,71,71,71,71],"card_choices":[{"not_picked":["Dagger Throw","Distraction"],"picked":"Cloak And Dagger","floor":1.0},{"not_picked":["Bane","Heel Hook"],"picked":"Masterful Stab","floor":2.0},{"not_picked":["Underhanded Strike","Dagger Spray"],"picked":"Escape Plan","floor":3.0},{"not_picked":["Deadly Poison","Slice"],"picked":"Dagger Spray","floor":5},{"not_picked":["Underhanded Strike","Dash"],"picked":"Terror","floor":6}],"player_experience":885513,"relics_obtained":[{"floor":6,"key":"Whetstone"}],"event_choices":[],"is_beta":false,"boss_relics":[],"items_purged_floors":[4],"is_endless":false,"potions_floor_spawned":[2,5],"killed_by":"3 Sentries","ascension_level":20}}