{"host":"j204k34h42bd6fas","time":1608846633,"event":{"mods":["Aspiration","BaseMod","Colored Map","Colored Powertips","Conspire","Energized Spire","Hubris","Infinite Spire","JesterMod","Mimic Mod","Minty Spire (QoL Compilation)","Rare Cards Sparkle","Relic Stats","Replay The Spire","Say the Spire","StSLib","The Cursed","The Marked"],"gold_per_floor":[119,119,119,119,119,119,135,85,85,30,30,55,75,103,103,217,217,238,309,309,73,94,94,117,141,196,232,99,99,117,117,117,223,323,345,365,63,127,127,154,154,184,246,260,288,288,322,336,336,340],"floor_reached":51,"playtime":2490,"items_purged":[],"score":1128,"play_id":"4a44ce93-c4a2-4b07-be15-8c6adfb0e42e","local_time":"20201224165033","is_ascension_mode":true,"campfire_choices":[{"floor":6,"key":"REST"},{"data":"infinitespire:DeathsTouch","floor":11,"key":"SMITH"},{"data":"Searing Blow","floor":11,"key":"SMITH"},{"data":"Searing Blow+1","floor":15,"key":"SMITH"},{"data":"Searing Blow+2","floor":15,"key":"SMITH"},{"data":"Searing Blow+3","floor":23,"key":"SMITH"},{"data":"Searing Blow+4","floor":23,"key":"SMITH"},{"floor":29,"key":"REST"},{"data":"Searing Blow+5","floor":32,"key":"SMITH"},{"data":"Searing Blow+6","floor":32,"key":"SMITH"},{"data":"Searing Blow+7","floor":41,"key":"SMITH"},{"data":"Armaments","floor":41,"key":"SMITH"},{"floor":46,"key":"REST"},{"floor":49,"key":"REST"}],"circlet_count":0,"master_deck":["Strike_R+1","Strike_R","Strike_R","Strike_R","Strike_R","Defend_R+1","Defend_R","Defend_R","Defend_R","Bash","Armaments+1","Intimidate","infinitespire:DeathsTouch+1","Searing Blow+8","conspire:SpireCoStock","Flame Barrier","Battle Trance","Infernal Blade","Juggernaut","hubris:ReadiedAction","ReplayUltimateDefense","Burning Pact+1","Feel No Pain+1","Shrug It Off","Bloodletting+1","Warcry","Entrench","Dark Shackles","Warcry","Second Wind+1","Eclipse","ReplayTheSpireMod:Stacked+1","Headbutt+1","Barricade","Eclipse","Dark Shackles","Dark Embrace+1","Seeing Red+1","True Grit","Immolate","Rage+1","ReplayTheSpireMod:Strike From Hell+1","Battle Trance"],"relics":["Burning Blood","NeowsBlessing","Pear","hubris:Towel","infinitespire:Midas Blood","Replay:Arrowhead","Red Skull","hubris:Backtick","Ice Cream","Chameleon Ring","aspiration:FrozenJewel","infinitespire:WardingShard","Centennial Puzzle","hubris:Icosahedron","Replay:Wanted Poster","ReplayFunnel","hubris:Zylophone","Pocketwatch","Pen Nib","conspire:GlowingRock","Counterbalance"],"acts_visited":["Exordium","TheCity","TheBeyond"],"potions_floor_usage":[24,27,33,33,47],"damage_taken":[{"damage":0,"enemies":"Jaw Worm","floor":1,"turns":1},{"damage":0,"enemies":"Small Slimes","floor":7,"turns":2},{"damage":0,"enemies":"Lagavulin","floor":12,"turns":1},{"damage":0,"enemies":"2 Louse","floor":13,"turns":2},{"damage":8,"enemies":"Blue Slaver","floor":14,"turns":3},{"damage":22,"enemies":"Slime Boss","floor":16,"turns":8},{"damage":22,"enemies":"2 Thieves","floor":18,"turns":2},{"damage":34,"enemies":"3 Byrds","floor":19,"turns":8},{"damage":20,"enemies":"Cultist and Chosen","floor":22,"turns":7},{"damage":31,"enemies":"Centurion and Healer","floor":24,"turns":7},{"damage":7,"enemies":"Snecko","floor":25,"turns":5},{"damage":1,"enemies":"Cultist and Chosen","floor":26,"turns":6},{"damage":13,"enemies":"Slavers","floor":27,"turns":4},{"damage":1,"enemies":"Cultist and Chosen","floor":30,"turns":3},{"damage":24,"enemies":"Champ","floor":33,"turns":10},{"damage":11,"enemies":"3 Darklings","floor":35,"turns":5},{"damage":28,"enemies":"3 Shapes","floor":36,"turns":5},{"damage":10,"enemies":"Mind Bloom Boss Battle","floor":38,"turns":5},{"damage":0,"enemies":"R_Hoarder","floor":40,"turns":11},{"damage":14,"enemies":"Giant Head","floor":42,"turns":7},{"damage":10,"enemies":"Maw","floor":43,"turns":9},{"damage":0,"enemies":"Maw","floor":44,"turns":7},{"damage":11,"enemies":"4 Shapes","floor":45,"turns":4},{"damage":34,"enemies":"Spire Growth","floor":47,"turns":6},{"damage":7,"enemies":"Writhing Mass","floor":48,"turns":4},{"damage":6,"enemies":"Donu and Deca","floor":50,"turns":6}],"seed_played":"-7685108949296583591","potions_obtained":[{"floor":13,"key":"conspire:TimeTravelPotion"},{"floor":16,"key":"Explosive Potion"},{"floor":22,"key":"Languid Potion"},{"floor":25,"key":"SpeedPotion"},{"floor":27,"key":"Reflective Coating"},{"floor":33,"key":"PowerPotion"},{"floor":36,"key":"LiquidBronze"},{"floor":42,"key":"Reflective Coating"},{"floor":47,"key":"GamblersBrew"},{"floor":48,"key":"Energy Potion"}],"is_trial":false,"path_per_floor":["M","?","?","?","?","R","M","?","T","?","R","E","M","M","R","B",null,"M","M","?","$","M","R","M","M","MIM","E","$","R","M","?","R","B",null,"M","M","$","?","?","E","R","E","MIM","M","M","R","M","M","R","B",null],"character_chosen":"IRONCLAD","items_purchased":["ReplayUltimateDefense","Burning Pact+1","Dark Shackles","Warcry","Barricade","ReplayFunnel"],"campfire_rested":4,"item_purchase_floors":[21,21,28,28,37,37],"current_hp_per_floor":[80,64,54,32,32,59,65,65,65,65,65,71,77,75,75,59,82,66,38,38,38,24,24,17,16,21,14,14,41,46,46,46,28,75,70,48,48,44,44,50,50,42,38,44,39,66,38,37,64,64],"gold":340,"neow_bonus":"THREE_ENEMY_KILL","is_daily":false,"chose_seed":false,"campfire_upgraded":10,"win_rate":0.0,"timestamp":1608846633,"path_taken":["M","?","?","?","?","R","?","?","T","?","R","E","M","M","R","BOSS","M","?","?","?","M","R","M","M","MIM","E","$","R","?","?","R","BOSS","M","M","$","?","?","E","R","E","MIM","M","?","R","M","M","R","BOSS"],"items_purchased_type":["Card","Card","Card","Card","Card","Relic"],"build_version":"2020-12-22","purchased_purges":0,"victory":true,"max_hp_per_floor":[80,80,90,90,90,90,90,90,90,90,90,90,90,90,90,90,90,90,90,90,90,90,90,90,90,90,90,90,90,90,90,90,90,90,90,90,90,90,90,90,90,90,90,90,90,90,90,90,90,90],"relic_stats":{"Centennial Puzzle":[33],"counters":[26,138],"Pen Nib":[6],"obtain_stats":[{"Ice Cream":17,"ReplayFunnel":37,"Pear":3,"NeowsBlessing":0,"Counterbalance":43,"Pen Nib":42,"hubris:Towel":5,"Burning Blood":0,"Replay:Arrowhead":10,"aspiration:FrozenJewel":26,"Replay:Wanted Poster":34,"hubris:Zylophone":38,"Centennial Puzzle":27,"conspire:GlowingRock":43,"hubris:Backtick":17,"Chameleon Ring":20,"hubris:Icosahedron":31,"infinitespire:WardingShard":26,"Red Skull":12,"infinitespire:Midas Blood":9,"Pocketwatch":40},{"Ice Cream":6,"ReplayFunnel":17,"Pear":1,"NeowsBlessing":0,"Counterbalance":21,"Pen Nib":20,"hubris:Towel":1,"Burning Blood":0,"Replay:Arrowhead":2,"aspiration:FrozenJewel":12,"Replay:Wanted Poster":15,"hubris:Zylophone":18,"Centennial Puzzle":13,"conspire:GlowingRock":21,"hubris:Backtick":6,"Chameleon Ring":8,"hubris:Icosahedron":14,"infinitespire:WardingShard":12,"Red Skull":3,"infinitespire:Midas Blood":2,"Pocketwatch":19},{"Ice Cream":17,"ReplayFunnel":79,"Pear":1,"NeowsBlessing":0,"Counterbalance":111,"Pen Nib":102,"hubris:Towel":1,"Burning Blood":0,"Replay:Arrowhead":3,"aspiration:FrozenJewel":52,"Replay:Wanted Poster":69,"hubris:Zylophone":84,"Centennial Puzzle":56,"conspire:GlowingRock":111,"hubris:Backtick":17,"Chameleon Ring":27,"hubris:Icosahedron":59,"infinitespire:WardingShard":52,"Red Skull":4,"infinitespire:Midas Blood":3,"Pocketwatch":95}],"Burning Blood":150,"Pocketwatch":[26]},"card_choices":[{"not_picked":["hubris:ReadiedAction","ReplayReversal"],"picked":"Armaments","floor":1},{"not_picked":["Dark Embrace","Shrug It Off"],"picked":"Intimidate","floor":3},{"not_picked":["infinitespire:Fortify","infinitespire:FinalStrike"],"picked":"infinitespire:DeathsTouch","floor":4},{"not_picked":["Hemokinesis","Thunderclap"],"picked":"Searing Blow","floor":7},{"not_picked":["Sword Boomerang","Cleave"],"picked":"Flame Barrier","floor":12},{"not_picked":["Eclipse","Whirlwind"],"picked":"Battle Trance","floor":13},{"not_picked":["Shrug It Off","Clothesline"],"picked":"Infernal Blade","floor":14},{"not_picked":["Demonic Infusion","Corruption"],"picked":"Juggernaut","floor":16},{"not_picked":["Reckless Charge+1","Sword Boomerang"],"picked":"hubris:ReadiedAction","floor":18},{"not_picked":["Perfected Strike","conspire:ExplosiveBarrier","Clash"],"picked":"SKIP","floor":19},{"not_picked":["Pommel Strike","Anger+1"],"picked":"Feel No Pain+1","floor":22},{"not_picked":["Flex","Armaments"],"picked":"Shrug It Off","floor":24},{"not_picked":["Flex+1","Thunderclap"],"picked":"Bloodletting+1","floor":25},{"not_picked":["Thunderclap","ReplayTheSpireMod:Strike From Hell+1"],"picked":"Warcry","floor":26},{"not_picked":["Life Link","Whirlwind"],"picked":"Entrench","floor":27},{"not_picked":["Wild Strike+1","Pommel Strike"],"picked":"Second Wind+1","floor":30},{"not_picked":["Reaper","Hemogenesis"],"picked":"Eclipse","floor":33},{"not_picked":["Pommel Strike","Armaments+1"],"picked":"ReplayTheSpireMod:Stacked+1","floor":35},{"not_picked":["True Grit+1","Hemokinesis+1"],"picked":"Headbutt+1","floor":36},{"not_picked":["Flex+1","Pummel+1"],"picked":"Eclipse","floor":38},{"not_picked":["ReplayTheSpireMod:LeadingStrike","Massacre+1"],"picked":"Dark Embrace+1","floor":40},{"not_picked":["Reckless Charge+1","Pummel"],"picked":"Seeing Red+1","floor":42},{"not_picked":["ReplayTheSpireMod:LeadingStrike+1","Wild Strike"],"picked":"True Grit","floor":43},{"not_picked":["ReplayTheSpireMod:Strike From Hell+1","Armaments"],"picked":"Immolate","floor":44},{"not_picked":["Pommel Strike","ReplayTheSpireMod:Strike From Hell"],"picked":"Rage+1","floor":45},{"not_picked":["Intimidate+1","conspire:ExplosiveBarrier+1","ReplayTheSpireMod:Strike From Hell+1"],"picked":"SKIP","floor":47},{"not_picked":["Intimidate+1","conspire:ExplosiveBarrier+1"],"picked":"ReplayTheSpireMod:Strike From Hell+1","floor":47},{"not_picked":["hubris:StunningStrike","Ghostly Armor+1"],"picked":"Battle Trance","floor":48}],"player_experience":295373,"relics_obtained":[{"floor":3,"key":"Pear"},{"floor":9,"key":"infinitespire:Midas Blood"},{"floor":12,"key":"Red Skull"},{"floor":20,"key":"Chameleon Ring"},{"floor":26,"key":"aspiration:FrozenJewel"},{"floor":26,"key":"infinitespire:WardingShard"},{"floor":27,"key":"Centennial Puzzle"},{"floor":38,"key":"hubris:Zylophone"},{"floor":40,"key":"Pocketwatch"},{"floor":42,"key":"Pen Nib"},{"floor":43,"key":"conspire:GlowingRock"},{"floor":43,"key":"Counterbalance"}],"event_choices":[{"damage_healed":0,"gold_gain":0,"player_choice":"Entered Light","damage_taken":16,"max_hp_gain":0,"max_hp_loss":0,"event_name":"Shining Light","floor":2,"gold_loss":0,"cards_upgraded":["Strike_R","Defend_R"]},{"damage_healed":0,"gold_gain":0,"player_choice":"Invest 1","damage_taken":0,"max_hp_gain":0,"max_hp_loss":0,"event_name":"conspire:Investor","floor":8,"gold_loss":0},{"damage_healed":0,"gold_gain":0,"player_choice":"Paid Gold","damage_taken":0,"relics_obtained":["Replay:Arrowhead"],"max_hp_gain":0,"max_hp_loss":0,"event_name":"WeMeetAgain","floor":10,"gold_loss":55},{"damage_healed":0,"gold_gain":0,"player_choice":"Relic","damage_taken":0,"max_hp_gain":0,"max_hp_loss":0,"event_name":"Wheel of Change","floor":20,"gold_loss":0},{"damage_healed":0,"gold_gain":0,"player_choice":"Fight","damage_taken":0,"max_hp_gain":0,"max_hp_loss":0,"event_name":"MindBloom","floor":38,"gold_loss":0},{"damage_healed":0,"gold_gain":0,"player_choice":"Copied","damage_taken":0,"max_hp_gain":0,"max_hp_loss":0,"event_name":"Duplicator","floor":39,"gold_loss":0,"cards_obtained":["Dark Shackles"]}],"is_beta":false,"boss_relics":[{"not_picked":["SacredBark","ReplayTheSpireMod:SealedPack"],"picked":"hubris:Backtick"},{"not_picked":["Replay:Grab Bag","hubris:TerracottaHorce"],"picked":"Replay:Wanted Poster"}],"items_purged_floors":[],"is_endless":false,"potions_floor_spawned":[13,16,22,25,27,30,33,36,38,42,45,47,48],"ascension_level":5}}