{"host":"gww6ffkzfofersck","time":1608768650,"event":{"mods":["Astrologer","BaseMod","ChefMod","Colored Powertips","Conspire","Downfall","Ekko","Fiend Mod","Hermit","Highlight Path","Infinite Spire","Ironclad Rager","Minty Spire (QoL Compilation)","Pikachu Mod","Potionbrewer","Quick Restart","Replay The Spire","Shedinja","Shop Mod","StSLib","The Blackbeard","The Hierophant","The Necromancer","TheVacant","Wandering Minibosses"],"gold_per_floor":[99,99,99,99,99,99,99,129,129,129,139,168,168,197,216,216,216],"floor_reached":16,"playtime":739,"items_purged":[],"score":139,"play_id":"4d3c5239-b69b-4399-a768-cf0156976946","local_time":"20201223191050","is_ascension_mode":false,"campfire_choices":[{"data":"sneckomod:Unknown","floor":1,"key":"SMITH"},{"data":"sneckomod:SoulDraw","floor":6,"key":"SMITH"},{"data":"sneckomod:SnekBite","floor":9,"key":"SMITH"},{"data":"sneckomod:TrashToTreasure","floor":13,"key":"SMITH"}],"circlet_count":0,"master_deck":["sneckomod:Strike","sneckomod:Strike","sneckomod:Strike","sneckomod:Defend","sneckomod:Defend","sneckomod:Defend","sneckomod:TailWhip","sneckomod:SnekBite+1","sneckomod:Unknown","sneckomod:Unknown+1","sneckomod:SoulDraw+1","sneckomod:IronFang","sneckomod:UnknownVulnerable","sneckomod:WideSting","sneckomod:TrashToTreasure+1","sneckomod:Unknown3Cost","sneckomod:QuickBite"],"relics":["sneckomod:SneckoSoul","downfall:HeartsMalice","ReplayFunnel","Unceasing Top","infinitespire:Beetle Shell","MealTicket","Juzu Bracelet"],"acts_visited":["Exordium"],"potions_floor_usage":[12,15],"damage_taken":[{"damage":0,"enemies":"Small Slimes","floor":2,"turns":1},{"damage":0,"enemies":"Jaw Worm","floor":5,"turns":1},{"damage":0,"enemies":"3 Sentries","floor":8,"turns":1},{"damage":0,"enemies":"Cultist","floor":10,"turns":1},{"damage":7,"enemies":"Exordium Wildlife","floor":11,"turns":6},{"damage":17,"enemies":"Lagavulin","floor":12,"turns":5},{"damage":15,"enemies":"3 Sentries","floor":14,"turns":8},{"damage":12,"enemies":"Blue Slaver","floor":15,"turns":3},{"damage":49,"enemies":"downfall:Ironclad","floor":16,"turns":6}],"seed_played":"2131966973581282821","potions_obtained":[{"floor":8,"key":"potionbrewer:NoxiousPotion"},{"floor":11,"key":"Strength Potion"},{"floor":12,"key":"Swift Potion"},{"floor":15,"key":"Energy Potion"}],"is_trial":false,"path_per_floor":["R","M","?","?","M","R","T","E","R","M","M","E","R","E","M","B"],"character_chosen":"THE_SNECKO","items_purchased":[],"campfire_rested":0,"item_purchase_floors":[],"current_hp_per_floor":[90,90,90,90,90,90,90,90,90,91,84,67,67,53,41,0,0],"gold":216,"neow_bonus":"THREE_ENEMY_KILL","is_daily":false,"chose_seed":false,"campfire_upgraded":4,"win_rate":0.0,"timestamp":1608768650,"path_taken":["R","M","?","?","M","R","T","E","R","M","M","E","R","E","M","BOSS"],"items_purchased_type":[],"build_version":"2020-12-22","purchased_purges":0,"victory":false,"max_hp_per_floor":[90,90,90,90,90,90,90,90,90,91,91,91,91,92,92,92,92],"card_choices":[{"not_picked":["sneckomod:UnknownClassGUARDIAN","sneckomod:UnknownClassPURPLE","sneckomod:QuickBite"],"picked":"SKIP","floor":2},{"not_picked":["sneckomod:QuickMove","sneckomod:DiceBlock"],"picked":"sneckomod:SoulDraw","floor":5},{"not_picked":["sneckomod:DiceBlock","sneckomod:DiceCrush"],"picked":"sneckomod:IronFang","floor":8},{"not_picked":["sneckomod:SoulRoll","sneckomod:UnknownBlock"],"picked":"sneckomod:UnknownVulnerable","floor":10},{"not_picked":["sneckomod:UnknownVulnerable","sneckomod:UnknownClassDEFAULT_GRAY_COLOR"],"picked":"sneckomod:WideSting","floor":11},{"not_picked":["sneckomod:UnknownStrike","sneckomod:UnknownExhaust"],"picked":"sneckomod:TrashToTreasure","floor":12},{"not_picked":["sneckomod:QuickMove","sneckomod:SoulRoll"],"picked":"sneckomod:Unknown3Cost","floor":14},{"not_picked":["sneckomod:Unknown1Cost","sneckomod:IronFang"],"picked":"sneckomod:QuickBite","floor":15}],"player_experience":226456,"relics_obtained":[{"floor":7,"key":"Unceasing Top"},{"floor":8,"key":"infinitespire:Beetle Shell"},{"floor":12,"key":"MealTicket"},{"floor":14,"key":"Juzu Bracelet"}],"event_choices":[],"is_beta":false,"boss_relics":[],"items_purged_floors":[],"is_endless":false,"potions_floor_spawned":[8,11,12,15],"killed_by":"downfall:Ironclad","ascension_level":0}}