{"host":"ipcfr4ajj2jkxvg7","time":1608810166,"event":{"mods":["BaseMod","Colored Powertips","GifTheSpireLib","Marisa（F雨　魔理沙）","Minty Spire (QoL Compilation)","Quick Restart","Remilia（蕾米莉亚）","Replay The Spire","RumiaBox-露米娅的神秘盒子","StSLib"],"gold_per_floor":[14,27,37,54,54,85,85,95,95,143,68,99,113,125,125,199,199,210,228,238,252,252,252,202,232,259,285,285,317,333,352,352,428,428,445,459,459,316,316,351,364,398,398,417,429,248,248,262,262,262,262,262,262,5,35,35],"floor_reached":57,"playtime":1749,"items_purged":["Defend_RM","Strike_RM","Strike_RM","Strike_RM"],"score":2876,"play_id":"1a9c551d-7038-43d2-a4b5-bf7f3f76b7b9","local_time":"20201224194246","is_ascension_mode":true,"campfire_choices":[{"data":"EternalNight","floor":7.0,"key":"SMITH"},{"data":"BloodHunter","floor":15.0,"key":"SMITH"},{"floor":23.0,"key":"REST"},{"data":"BloodHunter","floor":28.0,"key":"SMITH"},{"data":"BloodyMagicSquare","floor":32.0,"key":"SMITH"},{"data":"DemonKingCradle","floor":47.0,"key":"SMITH"},{"floor":49.0,"key":"RECALL"},{"data":"TwelveNightmare","floor":53.0,"key":"SMITH"}],"circlet_count":0,"master_deck":["AscendersBane","Strike_RM","Defend_RM","RedMoon","ScarletShoot","DiffusionOfMisfortune","EternalNight+1","VampireClaw","VampireSweep","LeisurelyOfLord","RedNightlessCastle","HunterOfTheNight","ScarletDevilSign","TwelveNightmare+1","BloodHunter+1","CeilingFear+1","BloodHunter+1","NightDance","BombardNight","VampireKiss","BloodySeventeenLaser","BloodyMagicSquare+1","BloodySeventeenLaser","NightDance","BloodAndWine+1","BombardNight+1","Spreading Infection","BloodyMagicSquare","DemonKingCradle+1","VampireKiss"],"relics":["ScarletHat","AddBug","SecretRecord","SecretRecord","SecretRecord","SecretRecord","SecretRecord","SecretRecord","SecretRecord"],"acts_visited":["Exordium","TheCity","TheBeyond","TheEnding"],"potions_floor_usage":[56,56],"damage_taken":[{"damage":1.0,"enemies":"Cultist","floor":1.0,"turns":3.0},{"damage":0.0,"enemies":"Jaw Worm","floor":2.0,"turns":2.0},{"damage":3.0,"enemies":"Small Slimes","floor":3.0,"turns":3.0},{"damage":6.0,"enemies":"Looter","floor":4.0,"turns":2.0},{"damage":22.0,"enemies":"3 Sentries","floor":6.0,"turns":9.0},{"damage":0.0,"enemies":"Gremlin Gang","floor":8.0,"turns":2.0},{"damage":0.0,"enemies":"Replay:BlueRogue","floor":12.0,"turns":3.0},{"damage":0.0,"enemies":"Large Slime","floor":13.0,"turns":4.0},{"damage":3.0,"enemies":"Exordium Wildlife","floor":14.0,"turns":4.0},{"damage":0.0,"enemies":"Hexaghost","floor":16.0,"turns":4.0},{"damage":35.0,"enemies":"Spheric Guardian","floor":18.0,"turns":7.0},{"damage":5.0,"enemies":"2 Thieves","floor":19.0,"turns":2.0},{"damage":13.0,"enemies":"3 Cultists","floor":20.0,"turns":3.0},{"damage":0.0,"enemies":"Snake Plant","floor":21.0,"turns":3.0},{"damage":19.0,"enemies":"Replay:Snechameleon","floor":25.0,"turns":6.0},{"damage":27.0,"enemies":"Slavers","floor":27.0,"turns":5.0},{"damage":4.0,"enemies":"Replay:Snechameleon","floor":29.0,"turns":2.0},{"damage":18.0,"enemies":"Centurion and Healer","floor":30.0,"turns":2.0},{"damage":0.0,"enemies":"3 Cultists","floor":31.0,"turns":4.0},{"damage":5.0,"enemies":"Collector","floor":33.0,"turns":2.0},{"damage":43.0,"enemies":"3 Darklings","floor":35.0,"turns":2.0},{"damage":24.0,"enemies":"Orb Walker","floor":36.0,"turns":3.0},{"damage":15.0,"enemies":"Giant Head","floor":40.0,"turns":3.0},{"damage":26.0,"enemies":"Spire Growth","floor":41.0,"turns":1.0},{"damage":30.0,"enemies":"Reptomancer","floor":42.0,"turns":5.0},{"damage":29.0,"enemies":"4 Shapes","floor":44.0,"turns":2.0},{"damage":4.0,"enemies":"3 Darklings","floor":45.0,"turns":2.0},{"damage":14.0,"enemies":"Writhing Mass","floor":48.0,"turns":7.0},{"damage":13.0,"enemies":"Replay:Hell Engine","floor":50.0,"turns":2.0},{"damage":33.0,"enemies":"Time Eater","floor":51.0,"turns":3.0},{"damage":63.0,"enemies":"Shield and Spear","floor":55.0,"turns":2.0},{"damage":96,"enemies":"The Heart","floor":56,"turns":7}],"seed_played":"6070108253684547955","potions_obtained":[{"floor":4.0,"key":"DistilledChaos"},{"floor":10.0,"key":"SmokeBomb"},{"floor":14.0,"key":"Dexterity Potion"},{"floor":18.0,"key":"Milkshake"},{"floor":27.0,"key":"Block Potion"},{"floor":33.0,"key":"Adrenaline Potion"},{"floor":36.0,"key":"Energy Potion"},{"floor":41.0,"key":"BlessingOfTheForge"},{"floor":44.0,"key":"SkillPotion"},{"floor":45.0,"key":"Reflective Coating"}],"is_trial":false,"path_per_floor":["M","M","M","M","?","E","R","M","T","?","$","E","M","M","R","B",null,"M","M","M","M","?","R","?","E","T","E","R","E","M","M","R","B",null,"M","M","T","$","?","E","M","E","T","M","M","$","R","M","R","B","B",null,"R","$","E","B",null],"character_chosen":"REMILIA","items_purchased":["BombardNight+1","ReplayTheSpireMod:CursedCoin","VampireKiss","CultistPotion"],"campfire_rested":1,"item_purchase_floors":[38,46,46,54],"current_hp_per_floor":[62,62,62,56,61,42,42,42,42,18,18,18,24,27,27,45,71,41,36,28,34,7,35,35,29,29,11,11,18,1,9,9,26,86,47,30,30,30,30,51,39,18,18,7,14,14,14,25,25,44,65,126,126,126,63,67],"gold":35,"neow_bonus":"REMOVE_TWO","is_daily":false,"chose_seed":false,"campfire_upgraded":6,"win_rate":0.0,"timestamp":1608810166,"path_taken":["M","M","?","M","?","E","R","M","T","?","$","E","?","M","R","BOSS","M","M","M","M","?","R","?","E","T","E","R","E","M","M","R","BOSS","M","M","?","$","?","E","M","E","T","M","M","$","R","M","R","BOSS","BOSS","R","$","E","BOSS"],"items_purchased_type":["Card","Relic","Card","Potion"],"build_version":"2020-12-22","purchased_purges":4,"victory":true,"max_hp_per_floor":[70,70,70,70,75,75,75,75,75,75,75,75,75,80,80,80,80,85,85,85,90,95,95,95,100,100,100,100,100,100,106,106,106,106,106,106,106,106,106,113,113,121,121,129,137,137,137,146,146,146,146,146,146,146,146,146],"card_choices":[{"not_picked":["UnstableMagic","NightDance"],"picked":"DiffusionOfMisfortune","floor":1.0},{"not_picked":["BlasphemousPunishment","NightDance"],"picked":"EternalNight","floor":2.0},{"not_picked":["RedRainbow","Stigmanizer"],"picked":"VampireClaw","floor":3.0},{"not_picked":["RedNightlessCastle","CharismaGuard"],"picked":"VampireSweep","floor":4.0},{"not_picked":["QueenOfMidnight","AfternoonTea"],"picked":"LeisurelyOfLord","floor":6.0},{"not_picked":["Stigmanizer","RedRainbow"],"picked":"RedNightlessCastle","floor":8.0},{"not_picked":["CharismaGuard","NightDance"],"picked":"HunterOfTheNight","floor":10.0},{"not_picked":["BombardNight","Stigmanizer"],"picked":"ScarletDevilSign","floor":12.0},{"not_picked":["BloodyHallows","CharismaGuard"],"picked":"TwelveNightmare","floor":13.0},{"not_picked":["FavorOfDestiny","ScarletImprint"],"picked":"BloodHunter","floor":14.0},{"not_picked":["BloodRain","BloodyCatastrophe"],"picked":"CeilingFear","floor":16.0},{"not_picked":["ScarletImprint","Maim"],"picked":"BloodHunter","floor":18.0},{"not_picked":["UnderTheZenith","EndlessAdversity+1","Septette+1"],"picked":"SKIP","floor":19.0},{"not_picked":["AfternoonTea","ScarletSymphony","EndlessAdversity"],"picked":"SKIP","floor":20.0},{"not_picked":["BloodAndWine","HellCatastrophe"],"picked":"NightDance","floor":21.0},{"not_picked":["FavorOfDestiny","ScarletSymphony"],"picked":"BombardNight","floor":25.0},{"not_picked":["BlasphemousPunishment","ScarletDream"],"picked":"VampireKiss","floor":27.0},{"not_picked":["Stigmanizer","BloodyTrap","AfternoonTea"],"picked":"SKIP","floor":29.0},{"not_picked":["ScarletDream","StarOfDavid"],"picked":"BloodySeventeenLaser","floor":30.0},{"not_picked":["BloodyTrap","RedRainbow"],"picked":"BloodyMagicSquare","floor":31.0},{"not_picked":["BloodyCatastrophe","ForecastOfChange"],"picked":"BloodySeventeenLaser","floor":33.0},{"not_picked":["UnderTheZenith","DiffusionOfMisfortune"],"picked":"NightDance","floor":35.0},{"not_picked":["DiffusionOfMisfortune","EndlessAdversity+1"],"picked":"BloodAndWine+1","floor":36.0},{"not_picked":["MastersStateliness","CharismaGuard","ScarletDream"],"picked":"SKIP","floor":40.0},{"not_picked":["ChainGang","VampirishNight+1"],"picked":"BloodyMagicSquare","floor":41.0},{"not_picked":["DiffusionOfMisfortune","BloodAndWine","RedRainbow+1"],"picked":"SKIP","floor":42.0},{"not_picked":["ScarletNetherworld","CharismaGuard"],"picked":"DemonKingCradle","floor":44.0},{"not_picked":["MillenniumVampire+1","ReincarnationDial","EndlessAdversity"],"picked":"SKIP","floor":45.0},{"not_picked":["DiffusionOfMisfortune","VampireSweep","Stigmanizer"],"picked":"SKIP","floor":48.0},{"not_picked":["MastersStateliness","ScarletDevil","Ultimatum+1"],"picked":"SKIP","floor":55.0}],"player_experience":411782,"relics_obtained":[{"floor":1.0,"key":"AddBug"},{"floor":6.0,"key":"GodSword7"},{"floor":9.0,"key":"Prayer Wheel"},{"floor":10.0,"key":"Matryoshka"},{"floor":12.0,"key":"SecretRecord"},{"floor":12.0,"key":"Gambling Chip"},{"floor":25.0,"key":"MagicDraw2"},{"floor":27.0,"key":"SecretRecord"},{"floor":27.0,"key":"ChaoDraw"},{"floor":29.0,"key":"Replay:Bottled Flurry"},{"floor":36.0,"key":"SecretRecord"},{"floor":37.0,"key":"Replay:Multitool"},{"floor":39.0,"key":"Ring of Greed"},{"floor":39.0,"key":"ReplayTheSpireMod:Ring of Exchange"},{"floor":40.0,"key":"SecretRecord"},{"floor":40.0,"key":"Shuriken"},{"floor":42.0,"key":"Replay:WaspNest"},{"floor":43.0,"key":"Ornamental Fan"},{"floor":45.0,"key":"SecretRecord"},{"floor":55.0,"key":"SecretRecord"},{"floor":55.0,"key":"Ccalipers"}],"event_choices":[{"damage_healed":0.0,"max_hp_gain":5.0,"max_hp_loss":0.0,"gold_gain":0.0,"event_name":"Big Fish","player_choice":"Donut","floor":5.0,"gold_loss":0.0,"damage_taken":0.0},{"damage_healed":0.0,"max_hp_gain":5.0,"max_hp_loss":0.0,"gold_gain":0.0,"event_name":"Forgotten Altar","player_choice":"Shed Blood","floor":22.0,"gold_loss":0.0,"damage_taken":32.0},{"damage_healed":0.0,"max_hp_gain":0.0,"max_hp_loss":0.0,"gold_gain":0.0,"event_name":"Designer","player_choice":"Upgrade","floor":24.0,"gold_loss":50.0,"damage_taken":0.0,"cards_upgraded":["CeilingFear"]}],"is_beta":false,"boss_relics":[{"not_picked":["Cursed Key","Empty Cage"],"picked":"Sozu"},{"not_picked":["Snecko Eye","Kintsugi"],"picked":"Replay:Grab Bag"}],"items_purged_floors":[11,38,46,54],"is_endless":false,"potions_floor_spawned":[4,12,13,14,18,25,27,30,33,36,41,44,45],"ascension_level":20}}