{"host":"ejwrda5cjllq8zfn","time":1608820725,"event":{"mods":["2.2 Compatiblity","Act Like it!","Astrologer","BaseMod","Challenge The Spire","Colored Map","Colored Powertips","Defuse TimeMaze Blight","Energized Spire","Hermit","Highlight Path","Hubris","Infinite Spire","Lobotomy","Mad Scientist","Marisa????????","Minty Spire (QoL Compilation)","Random Character Button","Replay The Spire","StSLib","SuperFastMode","The Bladedancer","The Cursed","The Gatherer","The Jungle","The Mystic","The Spell Scribe","Unceasing Turn Reminder","vexMod"],"gold_per_floor":[27119,27132,26751,26751,26768,26768,26359,26359,26384,26384,25859,25834,25851,25851,25851,25949,25949,25959,25959,25874,25874,25854,25854,25854],"floor_reached":23,"playtime":813,"items_purged":["Bloodbath","hermit:Strike_Hermit","hermit:Strike_Hermit"],"score":275,"play_id":"e915588a-4873-479a-9f03-f0ba4a6c44d6","local_time":"20201224153845","is_ascension_mode":false,"campfire_choices":[{"data":"hermit:Snipe","floor":6,"key":"SMITH"},{"data":"hermit:TrackingShot","floor":8,"key":"SMITH"},{"data":"hermit:TrackingShot","floor":10,"key":"SMITH"},{"data":"hermit:Headshot","floor":15,"key":"SMITH"}],"circlet_count":0,"master_deck":["Apo_Pray","Apo_SoulSlash","Apo_Charge","Apo_Charge","Apo_Charge","Apo_Charge","Apo_Beam","Apo_Beam","Apo_Beam","Apo_Execute","Apo_Slash","Apo_Slash","Apo_SoulSlash"],"relics":["hermit:Momento","CogitoBucket","Tiny Chest","Orrery","Toxic Egg 2","Blue Doll","Blue Candle","Bottled Lightning","ReplayTheSpireMod:SealedPack","FleshIdol","ApostleMask","hubris:SphereOfDissonance"],"acts_visited":["Exordium","TheCity"],"potions_floor_usage":[16,16],"damage_taken":[{"damage":5,"enemies":"Cultist","floor":1,"turns":4},{"damage":11,"enemies":"Jaw Worm","floor":2,"turns":5},{"damage":0,"enemies":"Small Slimes","floor":5,"turns":2},{"damage":0,"enemies":"Blue Slaver","floor":13,"turns":1},{"damage":50,"enemies":"Hexaghost","floor":16,"turns":8},{"damage":36,"enemies":"Shell Parasite","floor":18,"turns":4},{"damage":44,"enemies":"Replay:Snechameleon","floor":23,"turns":4}],"seed_played":"-5379439189118248294","potions_obtained":[{"floor":2,"key":"Energy Potion"},{"floor":5,"key":"Venom Potion"},{"floor":18,"key":"Block Potion"},{"floor":22,"key":"Elixir"}],"is_trial":false,"path_per_floor":["M","M","$","?","M","R","$","R","T","R","$","?","M","T","R","B",null,"M","M","?","$","?","E"],"character_chosen":"HERMIT","items_purchased":["Tiny Chest","Orrery","Toxic Egg 2","hermit:Ricochet","hermit:Headshot","Blue Candle","hermit:Eclipse"],"campfire_rested":0,"item_purchase_floors":[3,3,7,7,11,11,11],"current_hp_per_floor":[70,61,61,61,61,61,61,61,61,61,61,61,61,61,61,17,75,44,44,44,44,44,0,0],"gold":25854,"neow_bonus":"","is_daily":false,"chose_seed":false,"campfire_upgraded":4,"win_rate":0.0,"timestamp":1608820725,"path_taken":["M","?","$","?","M","R","$","R","T","R","?","?","M","?","R","BOSS","M","M","?","$","?","E"],"items_purchased_type":["Relic","Relic","Relic","Card","Card","Relic","Potion"],"build_version":"2020-12-22","purchased_purges":3,"victory":false,"max_hp_per_floor":[75,75,75,75,75,75,75,75,75,75,75,75,75,75,75,75,75,75,75,75,75,75,75,75],"card_choices":[{"not_picked":["hermit:Misfire","hermit:Quickdraw"],"picked":"hermit:Snipe","floor":1},{"not_picked":["UniverseFragment","Scorched"],"picked":"Bloodbath","floor":1},{"not_picked":["hermit:HighCaliber","hermit:FinalCanter"],"picked":"hermit:TrackingShot","floor":2},{"not_picked":["BeautyBeast","Wellcheers"],"picked":"OldLady","floor":2},{"not_picked":["hermit:HighCaliber","hermit:Shortfuse"],"picked":"hermit:Enervate","floor":3},{"not_picked":["hermit:CursedWeapon","hermit:ItchyTrigger"],"picked":"hermit:TrackingShot","floor":3},{"not_picked":["hermit:Coalescence","hermit:BodyArmor"],"picked":"hermit:Deadeye","floor":3},{"not_picked":["BlackSwan","Wellcheers"],"picked":"HappyTeddy","floor":5},{"not_picked":["hermit:Feint","hermit:Glare","hermit:HoleUp"],"picked":"SKIP","floor":5},{"not_picked":["QueenBee","PlagueDoctor"],"picked":"QueenOfHatred","floor":13},{"not_picked":["hermit:Adapt","hermit:Coalescence+1","hermit:Scavenge+1"],"picked":"SKIP","floor":13},{"not_picked":["Alriune","ShyLook"],"picked":"PlagueDoctor","floor":16},{"not_picked":["hermit:RoundhouseKick","hermit:Magnum"],"picked":"hermit:BlackWind","floor":17},{"not_picked":["Impatience","vexMod:EmailVexCard"],"picked":"Replay:BasicMightCard","floor":17},{"not_picked":["infinitespire:Fortify","infinitespire:FutureSight"],"picked":"infinitespire:NeuralNetwork","floor":17},{"not_picked":["WallGazer","BeautyBeast"],"picked":"VoidDream","floor":18},{"not_picked":["hermit:Coalescence+1","hermit:PistolWhip","hermit:Vantage+1"],"picked":"SKIP","floor":18}],"player_experience":168083,"relics_obtained":[{"floor":9,"key":"Blue Doll"},{"floor":14,"key":"Bottled Lightning"}],"event_choices":[{"damage_healed":0,"gold_gain":0,"player_choice":"Obtained Relic","damage_taken":0,"relics_obtained":["hubris:SphereOfDissonance"],"max_hp_gain":0,"max_hp_loss":0,"event_name":"Addict","floor":20,"gold_loss":85},{"damage_healed":0,"gold_gain":0,"player_choice":"Bought 1 Potion","damage_taken":0,"max_hp_gain":0,"max_hp_loss":0,"event_name":"The Woman in Blue","floor":22,"gold_loss":0}],"is_beta":false,"boss_relics":[{"not_picked":["vexMod:EndlessSickness","Replay:Bronze Core"],"picked":"ReplayTheSpireMod:SealedPack"}],"items_purged_floors":[3,7,11],"is_endless":false,"potions_floor_spawned":[2,5,13,18],"killed_by":"Replay:Snechameleon","ascension_level":0}}