{"host":"qa8cj4hae9rrz4qd","time":1608770071,"event":{"mods":["BaseMod","Colored Map","Colored Powertips","Conspire","Downfall","Energized Spire","Halation","Hermit","Hubris","Infinite Spire","Lobotomy","Minty Spire (QoL Compilation)","Replay The Spire","StSLib","The Construct","The Cursed","The Disciple","The Hierophant","The Jungle","The Runesmith","The Servant 0.9.4","TheBandit","vexMod"],"gold_per_floor":[99,114,132,152,163,163,163,163,163,176,25,25,25,36,53,153,153,153,169,181,181,181,196,196,222,222,129,129,146,166,0,12,117,117,117,135,148,148,159,185,185,235,15,15,32,52,52,72,72,72,72],"floor_reached":49,"playtime":8086,"items_purged":[],"score":508,"play_id":"a50ce195-32b9-4abc-8727-b6c6818bfb2f","local_time":"20201224003431","is_ascension_mode":false,"campfire_choices":[{"data":"Guardian:TwinSlam","floor":1,"key":"SMITH"},{"data":"Guardian:SpikerProtocol","floor":9,"key":"SMITH"},{"data":"Guardian:EvasiveProtocol","floor":13,"key":"SMITH"},{"data":"Guardian:BaubleBeam","floor":18,"key":"SMITH"},{"data":"Guardian:FloatingOrbs","floor":28,"key":"SMITH"},{"data":"Guardian:FierceBash","floor":35,"key":"SMITH"}],"circlet_count":0,"master_deck":["Guardian:Strike_Guardian+1","Guardian:Strike_Guardian+1","Guardian:Strike_Guardian+1","Guardian:Defend_Guardian+1","Guardian:Defend_Guardian+1","Guardian:Defend_Guardian+1","Guardian:Defend_Guardian+1","Guardian:TwinSlam+1","Guardian:RefractedBeam","Guardian:PrimingBeam","Guardian:SpikerProtocol+1","Guardian:EvasiveProtocol+1","Guardian:Gem_Yellow","Guardian:Reroute","Guardian:GuardianWhirl","Guardian:BaubleBeam+1","Guardian:ChargeUp+1","Guardian:PiercingHide","Guardian:PiercingHide","Guardian:PrimingBeam","Guardian:FloatingOrbs+1","Guardian:BronzeArmor+1","Guardian:ChargeUp+1","Guardian:Harden+1","Guardian:FloatingOrbs+1","Guardian:BaubleBeam","hubris:Despair","Guardian:FierceBash+1","expansioncontent:YouAreMine","ReplayTheSpireMod:??????????????????????","Guardian:GuardianWhirl+1","Guardian:ShieldCharger","Guardian:DonusPower+1","Guardian:PiercingHide+1","Guardian:Gem_Purple","Replay:SS_hec_2","Guardian:EvasiveProtocol","Guardian:PiercingHide","Guardian:CrystalBeam","Replay:SS_forest_2","expansioncontent:DefensiveStance","Guardian:PrimingBeam"],"relics":["Guardian:ModeShifter","hubris:FunFungus","Guardian:PickAxe","Replay:Bronze Core","halation:TwoAmDonut","halation:KoshaPiece","vexMod:Spyglass","ReplayTheSpireMod:SealedPack","halation:BottledLove","infinitespire:Satchel","Torii","hubris:64BitClover","vexMod:TimeEaterHat","Girya"],"acts_visited":["Exordium","TheCity","TheBeyond"],"potions_floor_usage":[],"damage_taken":[{"damage":2,"enemies":"Cultist","floor":2,"turns":4},{"damage":0,"enemies":"Jaw Worm","floor":3,"turns":2},{"damage":2,"enemies":"Small Slimes","floor":4,"turns":3},{"damage":1,"enemies":"3 Louse","floor":5,"turns":2},{"damage":6,"enemies":"conspire:2 RoseBushes","floor":10,"turns":3},{"damage":6,"enemies":"downfall:FleeingMerchant","floor":11,"turns":4},{"damage":1,"enemies":"2 Fungi Beasts","floor":14,"turns":3},{"damage":2,"enemies":"Large Slime","floor":15,"turns":7},{"damage":55,"enemies":"downfall:Ironclad","floor":16,"turns":10},{"damage":0,"enemies":"conspire:FuzzyDice","floor":19,"turns":5},{"damage":0,"enemies":"Snecko","floor":20,"turns":4},{"damage":6,"enemies":"Centurion and Healer","floor":23,"turns":9},{"damage":2,"enemies":"downfall:FleeingMerchant","floor":27,"turns":5},{"damage":2,"enemies":"conspire:HollyBat","floor":29,"turns":5},{"damage":7,"enemies":"Cultist and Chosen","floor":30,"turns":6},{"damage":2,"enemies":"downfall:FleeingMerchant","floor":31,"turns":5},{"damage":2,"enemies":"Chosen and Byrds","floor":32,"turns":5},{"damage":7,"enemies":"downfall:Watcher","floor":33,"turns":10},{"damage":0,"enemies":"3 Darklings","floor":36,"turns":6},{"damage":0,"enemies":"3 Shapes","floor":37,"turns":2},{"damage":14,"enemies":"Spire Growth","floor":39,"turns":6},{"damage":12,"enemies":"conspire:MimicChest","floor":40,"turns":5},{"damage":12,"enemies":"Mind Bloom Boss Battle","floor":42,"turns":7},{"damage":0,"enemies":"downfall:FleeingMerchant","floor":43,"turns":3},{"damage":2,"enemies":"Jaw Worm Horde","floor":45,"turns":5},{"damage":29,"enemies":"Transient","floor":46,"turns":5},{"damage":11,"enemies":"Sphere and 2 Shapes","floor":48,"turns":5},{"damage":18,"enemies":"Spire Growth","floor":49,"turns":4}],"seed_played":"-5779447073600722359","potions_obtained":[{"floor":2,"key":"sneckomod:MuddlingPotion"},{"floor":10,"key":"Dexterity Potion"},{"floor":14,"key":"Guardian:DefensiveModePotion"},{"floor":15,"key":"Adrenaline Potion"},{"floor":42,"key":"champ:CounterPotion"}],"is_trial":false,"path_per_floor":["R","M","M","M","M","?","T","?","R","M","$","?","R","M","M","B",null,"R","M","M","?","?","M","T","T","?","$","R","M","M","$","M","B",null,"R","M","M","T","M","?","T","?","$","?","M","M","?","M","M"],"character_chosen":"GUARDIAN","items_purchased":["Guardian:Gem_Synthetic","Guardian:FloatingOrbs","vexMod:Spyglass","Replay:SS_hec_2","Guardian:EvasiveProtocol","vexMod:TimeEaterHat","Girya"],"campfire_rested":0,"item_purchase_floors":[11,27,31,43,43,43,43],"current_hp_per_floor":[88,86,86,84,83,83,83,77,77,71,67,67,67,66,65,13,88,88,88,88,88,88,83,83,83,83,81,81,79,77,78,77,73,88,88,88,88,88,74,62,62,51,53,53,52,23,18,8,0,0,0],"gold":72,"neow_bonus":"TEN_PERCENT_HP_BONUS","is_daily":false,"chose_seed":false,"campfire_upgraded":6,"win_rate":0.0,"timestamp":1608770071,"path_taken":["R","M","?","M","M","?","T","?","R","M","?","?","R","M","M","BOSS","R","M","?","?","?","M","T","?","?","$","R","M","M","?","M","BOSS","R","M","M","?","M","?","T","?","$","?","M","M","?","M","M"],"items_purchased_type":["Card","Card","Relic","Card","Card","Relic","Relic"],"build_version":"2020-12-22","purchased_purges":0,"victory":false,"max_hp_per_floor":[88,88,88,88,88,88,88,88,88,88,88,88,88,88,88,88,88,88,88,88,88,88,88,88,88,88,88,88,88,88,88,88,88,88,88,88,88,88,88,88,88,88,88,88,88,88,88,88,88,88,88],"card_choices":[{"not_picked":["Guardian:Planning","Guardian:TemporalStrike"],"picked":"Guardian:RefractedBeam","floor":2},{"not_picked":["Guardian:TemporalShield","Guardian:Suspension"],"picked":"Guardian:PrimingBeam","floor":3},{"not_picked":["Guardian:Suspension","Guardian:Orbwalk"],"picked":"Guardian:SpikerProtocol","floor":4},{"not_picked":["Guardian:PiercingHide","Guardian:VentSteam"],"picked":"Guardian:Gem_Blue","floor":5},{"not_picked":["Guardian:Reroute","Guardian:PrimingBeam"],"picked":"Guardian:Gem_Green","floor":10},{"not_picked":["Guardian:Reroute","Guardian:Orbwalk"],"picked":"Guardian:EvasiveProtocol","floor":11},{"not_picked":["Guardian:Gem_Lightblue","Guardian:TemporalStrike"],"picked":"Guardian:Reroute","floor":14},{"not_picked":["Guardian:RollAttack","Guardian:Planning"],"picked":"Guardian:GuardianWhirl","floor":15},{"not_picked":["Guardian:TimeSifter","Guardian:Gem_Orange"],"picked":"Guardian:BaubleBeam","floor":16},{"not_picked":["Guardian:Gem_Yellow","Guardian:Gem_Blue"],"picked":"Guardian:ChargeUp+1","floor":19},{"not_picked":["Guardian:Gem_Cyan","Guardian:Gem_Green"],"picked":"Guardian:Gem_Fragmented","floor":20},{"not_picked":["Guardian:PrimingBeam","Guardian:Recover"],"picked":"Guardian:PiercingHide","floor":23},{"not_picked":["Guardian:Recover","Guardian:Incinerate"],"picked":"Guardian:PrimingBeam","floor":27},{"not_picked":["Guardian:VentSteam+1","Guardian:Orbwalk+1"],"picked":"Guardian:BronzeArmor+1","floor":29},{"not_picked":["Guardian:HyperBeam_Guardian","Guardian:RollAttack"],"picked":"Guardian:ChargeUp+1","floor":30},{"not_picked":["Guardian:PiercingHide","Guardian:Emergency"],"picked":"Guardian:Harden+1","floor":31},{"not_picked":["Guardian:Suspension","Guardian:VentSteam"],"picked":"Guardian:FloatingOrbs+1","floor":32},{"not_picked":["Guardian:FastForward","Guardian:SphericShield"],"picked":"Guardian:BaubleBeam","floor":33},{"not_picked":["Guardian:StasisStrike","Guardian:GemFinder"],"picked":"Guardian:FierceBash","floor":34},{"not_picked":["Dark Shackles","expansioncontent:DonusPower"],"picked":"expansioncontent:YouAreMine","floor":34},{"not_picked":["infinitespire:Gouge","infinitespire:Collect"],"picked":"ReplayTheSpireMod:??????????????????????","floor":34},{"not_picked":["Guardian:Planning","Guardian:Reroute+1"],"picked":"Guardian:GuardianWhirl+1","floor":36},{"not_picked":["Guardian:Gem_Blue","Guardian:Planning"],"picked":"Guardian:ShieldCharger","floor":37},{"not_picked":["Guardian:Preprogram","Guardian:CrystalBeam+1","Guardian:Planning"],"picked":"SKIP","floor":39},{"not_picked":["Guardian:ShieldCharger+1","Guardian:TemporalStrike+1"],"picked":"Guardian:DonusPower+1","floor":40},{"not_picked":["Guardian:MultiBeam+1","Guardian:CrystalBeam+1"],"picked":"Guardian:PiercingHide+1","floor":42},{"not_picked":["Guardian:BaubleBeam","Guardian:ShieldCharger"],"picked":"Guardian:Gem_Purple","floor":43},{"not_picked":["Guardian:PrimingBeam+1","Guardian:Recover+1"],"picked":"Guardian:PiercingHide","floor":45},{"not_picked":["Guardian:SentryBeam+1","Guardian:Gem_Lightblue"],"picked":"Guardian:CrystalBeam","floor":46},{"not_picked":["Replay:SS_hec_4","expansioncontent:FaceSlap"],"picked":"Replay:SS_forest_2","floor":47},{"not_picked":["expansioncontent:HyperBeam","expansioncontent:Collect"],"picked":"expansioncontent:DefensiveStance","floor":47},{"not_picked":["Guardian:FuturePlans+1","Guardian:Planning+1"],"picked":"Guardian:PrimingBeam","floor":48}],"player_experience":451998,"relics_obtained":[{"floor":7,"key":"hubris:FunFungus"},{"floor":24,"key":"halation:TwoAmDonut"},{"floor":25,"key":"halation:KoshaPiece"},{"floor":38,"key":"halation:BottledLove"},{"floor":40,"key":"infinitespire:Satchel"},{"floor":41,"key":"Torii"},{"floor":42,"key":"hubris:64BitClover"}],"event_choices":[{"damage_healed":0,"gold_gain":0,"player_choice":"Read","damage_taken":0,"max_hp_gain":0,"max_hp_loss":0,"event_name":"The Library","floor":22,"gold_loss":0,"cards_obtained":["Guardian:PiercingHide"]},{"damage_healed":0,"gold_gain":0,"player_choice":"Simplicity","damage_taken":0,"max_hp_gain":0,"max_hp_loss":0,"event_name":"Back to Basics","floor":26,"gold_loss":0,"cards_upgraded":["Guardian:Strike_Guardian","Guardian:Strike_Guardian","Guardian:Strike_Guardian","Guardian:Defend_Guardian","Guardian:Defend_Guardian","Guardian:Defend_Guardian","Guardian:Defend_Guardian"]},{"cards_removed":["Guardian:CurlUp"],"damage_healed":0,"gold_gain":0,"player_choice":"Removed Skill","damage_taken":0,"max_hp_gain":0,"max_hp_loss":0,"event_name":"Falling","floor":44,"gold_loss":0}],"is_beta":false,"boss_relics":[{"not_picked":["construct:WeddingRing","vexMod:RockOfEvil"],"picked":"Replay:Bronze Core"},{"not_picked":["energizedSpire:EnergizedDie","Fusion Hammer"],"picked":"ReplayTheSpireMod:SealedPack"}],"items_purged_floors":[],"is_endless":false,"potions_floor_spawned":[2,10,14,15,16,20,29,30,36,40,42,48],"killed_by":"Spire Growth","ascension_level":0}}