{"host":"5fasz840ryq7obdf","time":1608842640,"event":{"mods":["AchievementEnabler","BaseMod","Bestiary","Better Altar","Better Skull","Better Third Choice","BetterRewards","Block Reminder","Colored Powertips","Curses Come First","Minty Spire (QoL Compilation)","Quick Restart","Relic Stats","Shop Mod","Spicy Shops","StSLib"],"gold_per_floor":[122,122,146,200,43,104,104,145,145,145,214,266,266,291,291,409,409,436,487,487,540,564,667,667,698,698,352,352,396,416,440,440,586,595,674,674,758,843,920,1016,51,146,196,277,365,19,108,182,182,212,272,272,272,26,70,70],"floor_reached":57,"playtime":3842,"items_purged":[],"score":4068,"play_id":"33652f31-633b-433b-92ca-1e0a0ed5bc15","local_time":"20201224204400","is_ascension_mode":true,"campfire_choices":[{"data":"Wish","floor":7.0,"key":"SMITH"},{"data":"Omniscience","floor":10.0,"key":"SMITH"},{"data":"Panache","floor":15.0,"key":"SMITH"},{"data":"Secret Technique","floor":24.0,"key":"SMITH"},{"data":"Ragnarok","floor":28.0,"key":"SMITH"},{"data":"DeusExMachina","floor":32.0,"key":"SMITH"},{"floor":49.0,"key":"RECALL"},{"data":"Ragnarok","floor":53.0,"key":"SMITH"}],"circlet_count":0,"master_deck":["AscendersBane","Strike_P","Strike_P+1","Strike_P","Strike_P+1","Defend_P+1","Defend_P+1","Defend_P","Defend_P+1","Eruption+1","Vigilance","Parasite","MentalFortress+1","Wish+1","CrushJoints","MentalFortress+1","Secret Technique+1","Adaptation","Wallop+1","FlurryOfBlows","Crescendo+1","CrushJoints","DeusExMachina+1","CutThroughFate+1","Indignation","SpiritShield+1","Panache+1","LessonLearned","Sadistic Nature+1","CrushJoints+1","Trip","Halt","Pray+1","ClearTheMind","ClearTheMind","Adaptation","EmptyBody+1","Omniscience+1","WaveOfTheHand","Crescendo+1","Ragnarok+1","Protect","Consecrate","EmptyMind+1","FlurryOfBlows","Protect+1","TalkToTheHand","WaveOfTheHand+1","EmptyBody+1","EmptyBody+1","Omniscience+1","CurseOfTheBell","LikeWater","WreathOfFlame+1","Weave","WreathOfFlame+1","Thinking Ahead+1","Ragnarok+1","Protect+1","InnerPeace+1","DevaForm"],"relics":["PureWater","Happy Flower","Meat on the Bone","OrangePellets","Vajra","CeramicFish","HandDrill","Potion Belt","Orrery","Anchor","Nunchaku","Matryoshka","Mummified Hand","Blue Candle","Pen Nib","Bottled Tornado","MealTicket","Centennial Puzzle","HornCleat","PreservedInsect","Bag of Marbles","VioletLotus","Bloody Idol","Boot","Sundial","Eternal Feather","Shuriken","Bottled Lightning","Toxic Egg 2","Calling Bell","Darkstone Periapt","Calipers","War Paint","Letter Opener","Question Card","Akabeko","Art of War","ClockworkSouvenir","Strange Spoon","Singing Bowl","Lantern","Bag of Preparation","Kunai","Oddly Smooth Stone","Damaru","GoldenEye"],"acts_visited":["Exordium","TheCity","TheBeyond","TheEnding"],"potions_floor_usage":[56,56,56],"damage_taken":[{"damage":0.0,"enemies":"2 Louse","floor":1.0,"turns":3.0},{"damage":7.0,"enemies":"Cultist","floor":3.0,"turns":4.0},{"damage":9.0,"enemies":"Jaw Worm","floor":4.0,"turns":4.0},{"damage":23.0,"enemies":"Lagavulin","floor":6.0,"turns":5.0},{"damage":12.0,"enemies":"3 Sentries","floor":8.0,"turns":4.0},{"damage":2.0,"enemies":"Lagavulin","floor":11.0,"turns":7.0},{"damage":0.0,"enemies":"Lots of Slimes","floor":12.0,"turns":4.0},{"damage":0.0,"enemies":"Gremlin Nob","floor":14.0,"turns":2.0},{"damage":0.0,"enemies":"Slime Boss","floor":16.0,"turns":5.0},{"damage":0.0,"enemies":"Chosen","floor":18.0,"turns":3.0},{"damage":19.0,"enemies":"2 Thieves","floor":19.0,"turns":5.0},{"damage":1.0,"enemies":"Snake Plant","floor":21.0,"turns":4.0},{"damage":3.0,"enemies":"Snecko","floor":22.0,"turns":5.0},{"damage":1.0,"enemies":"Book of Stabbing","floor":23.0,"turns":2.0},{"damage":1.0,"enemies":"Slavers","floor":25.0,"turns":3.0},{"damage":0.0,"enemies":"Book of Stabbing","floor":29.0,"turns":1.0},{"damage":0.0,"enemies":"Cultist and Chosen","floor":30.0,"turns":1.0},{"damage":8.0,"enemies":"Sentry and Sphere","floor":31.0,"turns":4.0},{"damage":0.0,"enemies":"Automaton","floor":33.0,"turns":3.0},{"damage":1.0,"enemies":"3 Darklings","floor":35.0,"turns":1.0},{"damage":1.0,"enemies":"Orb Walker","floor":37.0,"turns":1.0},{"damage":4.0,"enemies":"4 Shapes","floor":38.0,"turns":1.0},{"damage":0.0,"enemies":"3 Darklings","floor":39.0,"turns":2.0},{"damage":0.0,"enemies":"Nemesis","floor":40.0,"turns":1.0},{"damage":1.0,"enemies":"Giant Head","floor":42.0,"turns":1.0},{"damage":0.0,"enemies":"Writhing Mass","floor":44.0,"turns":1.0},{"damage":0.0,"enemies":"Nemesis","floor":45.0,"turns":1.0},{"damage":25.0,"enemies":"Sphere and 2 Shapes","floor":47.0,"turns":1.0},{"damage":0.0,"enemies":"Maw","floor":48.0,"turns":1.0},{"damage":5.0,"enemies":"Awakened One","floor":50.0,"turns":4.0},{"damage":19.0,"enemies":"Donu and Deca","floor":51.0,"turns":5.0},{"damage":2.0,"enemies":"Shield and Spear","floor":55.0,"turns":1.0},{"damage":36,"enemies":"The Heart","floor":56,"turns":8}],"seed_played":"-4752360763015203102","potions_obtained":[{"floor":1.0,"key":"SkillPotion"},{"floor":4.0,"key":"EssenceOfSteel"},{"floor":12.0,"key":"AttackPotion"},{"floor":13.0,"key":"Dexterity Potion"},{"floor":13.0,"key":"BlessingOfTheForge"},{"floor":18.0,"key":"Energy Potion"},{"floor":22.0,"key":"AttackPotion"},{"floor":25.0,"key":"Strength Potion"},{"floor":31.0,"key":"DuplicationPotion"},{"floor":37.0,"key":"LiquidBronze"},{"floor":39.0,"key":"Fire Potion"},{"floor":40.0,"key":"SkillPotion"},{"floor":44.0,"key":"LiquidMemories"}],"is_trial":false,"path_per_floor":["M","?","M","M","$","E","R","E","T","R","E","M","?","E","R","B",null,"M","M","?","M","M","E","R","E","T","$","R","E","M","M","R","B",null,"M","?","M","M","M","E","$","E","T","M","E","$","M","M","R","B","B",null,"R","$","E","B",null],"character_chosen":"WATCHER","items_purchased":["Happy Flower","Meat on the Bone","MentalFortress","OrangePellets","Vajra","Wish","CrushJoints","MentalFortress","Secret Technique","CeramicFish","Adaptation","Wallop","HandDrill","Potion Belt","Orrery","Anchor","Indignation","Nunchaku","Matryoshka","SpiritShield","Panache","LessonLearned","Mummified Hand","Sadistic Nature","CrushJoints","Trip","Halt","Pen Nib","Bottled Lightning","TalkToTheHand","Akabeko","Thinking Ahead+1","Art of War","ClockworkSouvenir","Strange Spoon","Bag of Preparation","Kunai","Oddly Smooth Stone","Damaru"],"campfire_rested":0,"item_purchase_floors":[0,0,0,0,0,0,0,0,0,0,0,0,0,0,0,0,0,0,0,0,0,0,0,0,0,0,0,5,27,27,41,41,41,41,41,46,46,54,54],"current_hp_per_floor":[31,31,36,39,39,28,28,28,28,28,38,38,38,38,38,38,61,61,42,5,31,50,68,68,68,68,68,68,68,68,68,68,68,68,68,68,68,68,68,68,68,68,68,68,70,70,55,72,72,67,53,67,72,72,72,48],"gold":70,"neow_bonus":"","is_daily":false,"chose_seed":false,"campfire_upgraded":7,"win_rate":0.0,"timestamp":1608842640,"path_taken":["M","?","?","M","$","E","R","E","T","R","E","M","?","E","R","BOSS","M","?","?","M","M","E","R","E","T","$","R","E","M","M","R","BOSS","M","?","M","?","M","E","?","E","T","M","E","$","M","M","R","BOSS","BOSS","R","$","E","BOSS"],"items_purchased_type":["Relic","Relic","Card","Relic","Relic","Card","Card","Card","Card","Relic","Card","Card","Relic","Relic","Relic","Relic","Card","Relic","Relic","Card","Card","Card","Relic","Card","Card","Card","Card","Relic","Relic","Card","Relic","Card","Relic","Relic","Relic","Relic","Relic","Relic","Relic"],"build_version":"2020-12-22","purchased_purges":0,"victory":true,"max_hp_per_floor":[68,68,68,68,68,68,68,68,68,68,68,68,68,68,68,68,68,68,68,68,68,68,68,68,68,68,68,68,68,68,68,68,68,68,68,68,68,68,68,68,68,68,68,68,70,70,70,72,72,72,72,72,72,72,72,72],"relic_stats":{"Darkstone Periapt":0,"Singing Bowl":26,"CeramicFish":396,"Bag of Preparation":[60],"Boot":[75],"Nunchaku":[38],"Centennial Puzzle":[50],"Mummified Hand":[237],"Sundial":[0],"MealTicket":0,"VioletLotus":[53],"HandDrill":[90],"Kunai":[14],"Happy Flower":[32],"counters":[105,353],"Blue Candle":[30],"Eternal Feather":5,"Pen Nib":[62],"PreservedInsect":1040,"Letter Opener":[649],"War Paint":["Defend_R","Entrench","Crescendo","EmptyMind"],"Question Card":6,"GoldenEye":[84],"OrangePellets":[10],"Strange Spoon":[85],"Shuriken":[22],"Bloody Idol":92,"Art of War":[24],"obtain_stats":[{"Ice Cream":8,"Tiny House":34,"Calipers":34,"CeramicFish":14,"Spirit Poop":11,"Vajra":37,"Whetstone":37,"Bottled Tornado":6,"Sling":0,"Boot":0,"Blood Vial":3,"Sozu":17,"Centennial Puzzle":37,"HornCleat":9,"Sundial":25,"Prayer Wheel":29,"MealTicket":8,"VioletLotus":17,"HandDrill":45,"Kunai":46,"Toxic Egg 2":29,"betterAltar:BloodRelic":22,"Happy Flower":45,"Blue Candle":25,"Oddly Smooth Stone":0,"Eternal Feather":26,"Pen Nib":14,"Letter Opener":0,"War Paint":34,"Question Card":40,"Akabeko":0,"OrangePellets":54,"Shuriken":6,"Molten Egg 2":0,"Pandora\u0027s Box":34,"StrikeDummy":8,"Unceasing Top":20,"Meat on the Bone":0,"Darkstone Periapt":34,"Lantern":14,"Singing Bowl":23,"Torii":48,"Yang":55,"CloakClasp":0,"Incense Burner":45,"Bag of Preparation":13,"TeardropLocket":0,"Smiling Mask":40,"ClockworkSouvenir":41,"Nunchaku":9,"Dream Catcher":44,"Shovel":12,"Matryoshka":0,"Mummified Hand":0,"Pantograph":6,"Toolbox":0,"WingedGreaves":25,"InkBottle":9,"Potion Belt":0,"Lee\u0027s Waffle":0,"NeowsBlessing":0,"Damaru":45,"The Courier":9,"PreservedInsect":0,"Frozen Egg 2":14,"GoldenEye":42,"White Beast Statue":4,"Mercury Hourglass":26,"Calling Bell":34,"Strange Spoon":41,"Anchor":37,"Ornamental Fan":0,"Bloody Idol":22,"Orrery":0,"Turnip":0,"Bag of Marbles":10,"Art of War":41,"Membership Card":0,"Bottled Lightning":28,"PureWater":0},{"Ice Cream":7,"Tiny House":59,"Calipers":91,"CeramicFish":21,"Spirit Poop":19,"Vajra":33,"Whetstone":33,"Bottled Tornado":76,"Sling":41,"Boot":41,"Blood Vial":11,"Sozu":22,"Centennial Puzzle":33,"HornCleat":77,"Sundial":87,"Prayer Wheel":28,"MealTicket":77,"VioletLotus":50,"HandDrill":38,"Kunai":99,"Toxic Egg 2":88,"betterAltar:BloodRelic":23,"Happy Flower":38,"Blue Candle":55,"Oddly Smooth Stone":9,"Eternal Feather":87,"Pen Nib":21,"Letter Opener":9,"War Paint":91,"Question Card":96,"Akabeko":9,"OrangePellets":70,"Shuriken":5,"Molten Egg 2":9,"Pandora\u0027s Box":31,"StrikeDummy":18,"Unceasing Top":51,"Meat on the Bone":72,"Darkstone Periapt":91,"Lantern":21,"Singing Bowl":24,"Torii":68,"Yang":71,"CloakClasp":9,"Incense Burner":38,"Bag of Preparation":48,"TeardropLocket":12,"Smiling Mask":35,"ClockworkSouvenir":96,"Nunchaku":18,"Dream Catcher":38,"Shovel":8,"Matryoshka":41,"Mummified Hand":9,"Pantograph":17,"Toolbox":41,"WingedGreaves":25,"InkBottle":45,"Potion Belt":72,"Lee\u0027s Waffle":12,"NeowsBlessing":0,"Damaru":38,"The Courier":7,"PreservedInsect":9,"Frozen Egg 2":21,"GoldenEye":65,"White Beast Statue":42,"Mercury Hourglass":25,"Calling Bell":91,"Strange Spoon":96,"Anchor":33,"Ornamental Fan":41,"Bloody Idol":23,"Orrery":72,"Turnip":9,"Bag of Marbles":7,"Art of War":96,"Membership Card":12,"Bottled Lightning":56,"PureWater":0},{"Ice Cream":19,"Tiny House":203,"Calipers":324,"CeramicFish":57,"Spirit Poop":53,"Vajra":113,"Whetstone":113,"Bottled Tornado":271,"Sling":152,"Boot":152,"Blood Vial":31,"Sozu":64,"Centennial Puzzle":113,"HornCleat":275,"Sundial":315,"Prayer Wheel":89,"MealTicket":275,"VioletLotus":177,"HandDrill":134,"Kunai":333,"Toxic Egg 2":316,"betterAltar:BloodRelic":68,"Happy Flower":134,"Blue Candle":191,"Oddly Smooth Stone":26,"Eternal Feather":315,"Pen Nib":57,"Letter Opener":26,"War Paint":324,"Question Card":330,"Akabeko":26,"OrangePellets":243,"Shuriken":11,"Molten Egg 2":26,"Pandora\u0027s Box":104,"StrikeDummy":51,"Unceasing Top":179,"Meat on the Bone":255,"Darkstone Periapt":324,"Lantern":57,"Singing Bowl":73,"Torii":233,"Yang":246,"CloakClasp":26,"Incense Burner":134,"Bag of Preparation":170,"TeardropLocket":34,"Smiling Mask":119,"ClockworkSouvenir":330,"Nunchaku":51,"Dream Catcher":134,"Shovel":25,"Matryoshka":152,"Mummified Hand":26,"Pantograph":49,"Toolbox":152,"WingedGreaves":77,"InkBottle":162,"Potion Belt":255,"Lee\u0027s Waffle":34,"NeowsBlessing":0,"Damaru":134,"The Courier":19,"PreservedInsect":26,"Frozen Egg 2":57,"GoldenEye":221,"White Beast Statue":154,"Mercury Hourglass":77,"Calling Bell":324,"Strange Spoon":330,"Anchor":113,"Ornamental Fan":152,"Bloody Idol":68,"Orrery":255,"Turnip":26,"Bag of Marbles":19,"Art of War":330,"Membership Card":34,"Bottled Lightning":193,"PureWater":0}],"Meat on the Bone":108},"card_choices":[{"not_picked":["EmptyFist","ForeignInfluence"],"picked":"FlurryOfBlows","floor":0.0},{"not_picked":["Pray","SashWhip"],"picked":"Crescendo","floor":0.0},{"not_picked":["Worship","Pray"],"picked":"CrushJoints","floor":0.0},{"not_picked":["Tantrum","WheelKick"],"picked":"DeusExMachina","floor":0.0},{"not_picked":["Halt","ThirdEye"],"picked":"CutThroughFate","floor":0.0},{"not_picked":["Indignation","BowlingBash"],"picked":"ClearTheMind","floor":1.0},{"not_picked":["SashWhip","Pray"],"picked":"ClearTheMind","floor":3.0},{"not_picked":["ForeignInfluence","CarveReality"],"picked":"Adaptation","floor":4.0},{"not_picked":["FlyingSleeves","FlurryOfBlows"],"picked":"EmptyBody","floor":6.0},{"not_picked":["Brilliance","Wireheading"],"picked":"Omniscience","floor":8.0},{"not_picked":["WindmillStrike","Crescendo"],"picked":"WaveOfTheHand","floor":11.0},{"not_picked":["Indignation","EmptyFist"],"picked":"Crescendo","floor":12.0},{"not_picked":["Perseverance","Meditate","Worship"],"picked":"SKIP","floor":14.0},{"not_picked":["Wish","LessonLearned"],"picked":"Ragnarok","floor":16.0},{"not_picked":["ThirdEye","Halt"],"picked":"Protect","floor":18.0},{"not_picked":["SashWhip","Worship"],"picked":"Consecrate","floor":19.0},{"not_picked":["PathToVictory","CarveReality"],"picked":"EmptyMind","floor":21.0},{"not_picked":["Prostrate","Halt"],"picked":"FlurryOfBlows","floor":22.0},{"not_picked":["CrushJoints","SandsOfTime"],"picked":"Protect+1","floor":23.0},{"not_picked":["ThirdEye","Adaptation","EmptyFist"],"picked":"SKIP","floor":25.0},{"not_picked":["SandsOfTime","CrushJoints"],"picked":"WaveOfTheHand+1","floor":29.0},{"not_picked":["JustLucky","FlurryOfBlows"],"picked":"EmptyBody+1","floor":30.0},{"not_picked":["Crescendo+1","Meditate+1"],"picked":"EmptyBody+1","floor":31.0},{"not_picked":["SpiritShield+1","Wish+1"],"picked":"Omniscience+1","floor":33.0},{"not_picked":["ThirdEye+1","Meditate+1"],"picked":"LikeWater","floor":35.0},{"not_picked":["SashWhip","ClearTheMind+1"],"picked":"WreathOfFlame+1","floor":37.0},{"not_picked":["EmptyMind+1","ThirdEye+1"],"picked":"Weave","floor":38.0},{"not_picked":["BowlingBash","CrushJoints","PathToVictory+1"],"picked":"SKIP","floor":39.0},{"not_picked":["WheelKick+1","BowlingBash+1"],"picked":"WreathOfFlame+1","floor":40.0},{"not_picked":["BowlingBash","LikeWater","FlyingSleeves+1"],"picked":"Ragnarok","floor":42.0},{"not_picked":["Fasting2","CrushJoints+1","ReachHeaven+1"],"picked":"Protect+1","floor":44.0},{"not_picked":["JustLucky","EmptyBody+1","Prostrate+1","Fasting2"],"picked":"Singing Bowl","floor":45.0},{"not_picked":["Worship+1","Protect+1","PathToVictory+1"],"picked":"InnerPeace+1","floor":47.0},{"not_picked":["SashWhip","CarveReality","PathToVictory+1","ThirdEye+1"],"picked":"Singing Bowl","floor":48.0},{"not_picked":["PathToVictory+1","Vengeance+1","Worship+1"],"picked":"DevaForm","floor":55.0}],"player_experience":1056179,"relics_obtained":[{"floor":6.0,"key":"Bottled Tornado"},{"floor":8.0,"key":"MealTicket"},{"floor":9.0,"key":"Centennial Puzzle"},{"floor":9.0,"key":"HornCleat"},{"floor":11.0,"key":"PreservedInsect"},{"floor":14.0,"key":"Bag of Marbles"},{"floor":23.0,"key":"Boot"},{"floor":25.0,"key":"Sundial"},{"floor":26.0,"key":"Eternal Feather"},{"floor":26.0,"key":"Shuriken"},{"floor":29.0,"key":"Toxic Egg 2"},{"floor":34.0,"key":"Darkstone Periapt"},{"floor":34.0,"key":"Calipers"},{"floor":34.0,"key":"War Paint"},{"floor":36.0,"key":"Letter Opener"},{"floor":40.0,"key":"Question Card"},{"floor":42.0,"key":"Singing Bowl"},{"floor":45.0,"key":"Lantern"},{"floor":55.0,"key":"GoldenEye"}],"event_choices":[{"damage_healed":0.0,"max_hp_gain":0.0,"max_hp_loss":0.0,"gold_gain":0.0,"event_name":"WeMeetAgain","player_choice":"Gave Potion","floor":2.0,"gold_loss":0.0,"damage_taken":0.0,"relics_obtained":["Blue Candle"]},{"damage_healed":0.0,"max_hp_gain":0.0,"max_hp_loss":0.0,"gold_gain":0.0,"event_name":"Lab","player_choice":"Got Potions","floor":13.0,"gold_loss":0.0,"damage_taken":0.0},{"damage_healed":0.0,"max_hp_gain":42.0,"max_hp_loss":5.0,"gold_gain":0.0,"event_name":"betterAltar:BetterAltar","player_choice":" Idol ","floor":20.0,"potions_obtained":[],"relics_lost":[],"gold_loss":0.0,"damage_taken":37.0,"relics_obtained":["Bloody Idol"]},{"damage_healed":0.0,"max_hp_gain":0.0,"max_hp_loss":0.0,"gold_gain":0.0,"event_name":"Wheel of Change","player_choice":"Relic","floor":36.0,"gold_loss":0.0,"damage_taken":0.0}],"is_beta":false,"boss_relics":[{"not_picked":["Empty Cage","Tiny House"],"picked":"VioletLotus"},{"not_picked":["Velvet Choker","Runic Dome"],"picked":"Calling Bell"}],"items_purged_floors":[],"is_endless":false,"potions_floor_spawned":[1,4,12,18,22,25,31,37,39,40,44,47],"ascension_level":20}}