{"host":"i1ibt4vxe0effuru","time":1608781540,"event":{"mods":["AchievementEnabler","BaseMod","Card Forge","Minty Spire (QoL Compilation)","Quick Restart","Shop Mod","StSLib"],"gold_per_floor":[115,127,127,127,144,174,174,199,199,225,240,259,272,447,447,523,523,533,533,533,223,243,243,243,271,271,288,303,335,335,362,362,436,486,498,509,509,523,538,538,567,567,567,567,92,118,118,167,167,167],"floor_reached":51,"playtime":926,"items_purged":[],"score":2255,"play_id":"8e873208-aaa6-4c8d-a3f9-ce8f45ae810a","local_time":"20201224134540","is_ascension_mode":true,"campfire_choices":[{"floor":15,"key":"REST"},{"floor":23,"key":"REST"},{"floor":32,"key":"REST"},{"floor":40,"key":"REST"},{"floor":44,"key":"REST"},{"floor":49,"key":"REST"}],"circlet_count":0,"master_deck":["AscendersBane","Concentrate+1","Prepared+1","Skewer+1","Tactician+1","CurseOfTheBell","Reflex+1"],"relics":["Ring of the Snake","Hammer of Thor","Seething Fire","Anvil of the Gods","WarpedTongs","Centennial Puzzle","TungstenRod","Frozen Egg 2","Sundial","Letter Opener","Blood Vial","The Courier","Mango","TheAbacus","Paper Crane","Nunchaku","Du-Vu Doll","Happy Flower","Nloth\u0027s Gift","Bottled Flame","Tiny House","Potion Belt","Darkstone Periapt","Incense Burner","Juzu Bracelet","Lee\u0027s Waffle","Meat on the Bone","Unceasing Top"],"acts_visited":["Exordium","TheCity","TheBeyond"],"potions_floor_usage":[0,42],"damage_taken":[{"damage":0,"enemies":"Jaw Worm","floor":1,"turns":1},{"damage":0,"enemies":"2 Louse","floor":2,"turns":1},{"damage":0,"enemies":"Cultist","floor":5,"turns":1},{"damage":0,"enemies":"Lagavulin","floor":6,"turns":1},{"damage":0,"enemies":"Gremlin Nob","floor":8,"turns":1},{"damage":0,"enemies":"3 Sentries","floor":10,"turns":1},{"damage":0,"enemies":"Large Slime","floor":11,"turns":1},{"damage":0,"enemies":"Looter","floor":12,"turns":1},{"damage":0,"enemies":"2 Fungi Beasts","floor":13,"turns":1},{"damage":0,"enemies":"Slime Boss","floor":16,"turns":1},{"damage":0,"enemies":"Spheric Guardian","floor":18,"turns":1},{"damage":0,"enemies":"Chosen","floor":22,"turns":1},{"damage":0,"enemies":"Gremlin Leader","floor":25,"turns":1},{"damage":0,"enemies":"Snake Plant","floor":27,"turns":1},{"damage":0,"enemies":"Snecko","floor":28,"turns":1},{"damage":0,"enemies":"Slavers","floor":29,"turns":1},{"damage":0,"enemies":"Book of Stabbing","floor":31,"turns":1},{"damage":0,"enemies":"Champ","floor":33,"turns":1},{"damage":0,"enemies":"3 Shapes","floor":35,"turns":1},{"damage":0,"enemies":"Orb Walker","floor":36,"turns":1},{"damage":0,"enemies":"3 Darklings","floor":38,"turns":1},{"damage":0,"enemies":"Spire Growth","floor":39,"turns":1},{"damage":0,"enemies":"Reptomancer","floor":41,"turns":1},{"damage":0,"enemies":"Transient","floor":42,"turns":1},{"damage":0,"enemies":"Nemesis","floor":46,"turns":1},{"damage":0,"enemies":"2 Orb Walkers","floor":48,"turns":1},{"damage":0,"enemies":"Awakened One","floor":50,"turns":2}],"seed_played":"3701970625116566586","potions_obtained":[{"floor":0,"key":"Fruit Juice"},{"floor":0,"key":"GhostInAJar"},{"floor":0,"key":"BlessingOfTheForge"},{"floor":5,"key":"SmokeBomb"}],"is_trial":false,"path_per_floor":["M","M","?","?","M","E","?","E","T","E","M","M","M","?","R","B",null,"M","?","?","$","M","R","?","E","T","M","M","E","?","E","R","B",null,"M","M","?","M","M","R","E","M","T","R","$","E","?","?","R","B",null],"character_chosen":"THE_SILENT","items_purchased":["TheAbacus","Paper Crane","Incense Burner","Juzu Bracelet","Lee\u0027s Waffle"],"campfire_rested":6,"item_purchase_floors":[21,21,45,45,45],"current_hp_per_floor":[64,64,69,69,69,69,66,66,66,66,66,66,66,66,76,76,90,90,90,73,73,75,95,95,95,95,95,95,95,95,95,95,95,100,100,100,100,100,100,100,100,100,100,100,107,107,107,107,107,107],"gold":167,"neow_bonus":"THREE_SMALL_POTIONS","is_daily":false,"chose_seed":false,"campfire_upgraded":0,"win_rate":0.0,"timestamp":1608781540,"path_taken":["M","M","?","?","?","E","?","E","T","E","M","M","M","?","R","BOSS","M","?","?","?","M","R","?","E","T","M","M","E","?","E","R","BOSS","M","?","?","?","?","R","E","M","T","R","$","E","?","?","R","BOSS"],"items_purchased_type":["Relic","Relic","Relic","Relic","Relic"],"build_version":"2020-12-22","purchased_purges":0,"victory":true,"max_hp_per_floor":[71,71,76,76,76,76,76,76,76,76,76,76,76,76,76,76,90,90,90,95,95,95,95,95,95,95,95,95,95,95,95,95,95,100,100,100,100,100,100,100,100,100,100,100,107,107,107,107,107,107],"card_choices":[{"not_picked":["Acrobatics","Deadly Poison","Dagger Throw"],"picked":"SKIP","floor":1},{"not_picked":["Dodge and Roll","Dagger Throw","Wraith Form v2"],"picked":"SKIP","floor":2},{"not_picked":["Blade Dance","Finisher","Well Laid Plans"],"picked":"SKIP","floor":5},{"not_picked":["Concentrate","Sucker Punch","Blur"],"picked":"SKIP","floor":6},{"not_picked":["Infinite Blades+1","After Image+1","Leg Sweep"],"picked":"SKIP","floor":8},{"not_picked":["Riddle With Holes","Endless Agony","Dagger Spray"],"picked":"SKIP","floor":10},{"not_picked":["Outmaneuver","Sucker Punch","Bane"],"picked":"SKIP","floor":11},{"not_picked":["Infinite Blades+1","PiercingWail","Finisher"],"picked":"SKIP","floor":12},{"not_picked":["Footwork+1","Underhanded Strike","Expertise"],"picked":"SKIP","floor":13},{"not_picked":["Slice","Endless Agony","Bane+1"],"picked":"SKIP","floor":18},{"not_picked":["Underhanded Strike+1","PiercingWail","Footwork+1"],"picked":"SKIP","floor":22},{"not_picked":["Cloak And Dagger+1","Poisoned Stab","Acrobatics"],"picked":"SKIP","floor":25},{"not_picked":["Poisoned Stab","Backflip+1","Acrobatics+1"],"picked":"SKIP","floor":27},{"not_picked":["Blade Dance","Dodge and Roll","Deflect"],"picked":"SKIP","floor":28},{"not_picked":["Underhanded Strike","Footwork+1","After Image+1"],"picked":"SKIP","floor":29},{"not_picked":["Blade Dance","Slice","Endless Agony+1"],"picked":"SKIP","floor":31},{"not_picked":["Poisoned Stab","Cloak And Dagger","Bullet Time"],"picked":"SKIP","floor":35},{"not_picked":["Leg Sweep","Masterful Stab+1","Slice"],"picked":"SKIP","floor":36},{"not_picked":["Bane","Crippling Poison","Blade Dance"],"picked":"SKIP","floor":38},{"not_picked":["Leg Sweep","Underhanded Strike","Eviscerate"],"picked":"SKIP","floor":39},{"not_picked":["Flying Knee","Flechettes+1","Heel Hook"],"picked":"SKIP","floor":41},{"not_picked":["Wraith Form v2+1","Underhanded Strike","Venomology"],"picked":"SKIP","floor":46}],"player_experience":165487,"relics_obtained":[{"floor":6,"key":"Centennial Puzzle"},{"floor":8,"key":"Frozen Egg 2"},{"floor":9,"key":"Sundial"},{"floor":10,"key":"Letter Opener"},{"floor":17,"key":"Blood Vial"},{"floor":17,"key":"The Courier"},{"floor":17,"key":"Mango"},{"floor":25,"key":"Nunchaku"},{"floor":26,"key":"Du-Vu Doll"},{"floor":29,"key":"Happy Flower"},{"floor":31,"key":"Bottled Flame"},{"floor":41,"key":"Potion Belt"},{"floor":43,"key":"Darkstone Periapt"},{"floor":46,"key":"Meat on the Bone"},{"floor":48,"key":"Unceasing Top"}],"event_choices":[{"damage_healed":0,"gold_gain":0,"player_choice":"Donut","damage_taken":0,"max_hp_gain":5,"max_hp_loss":0,"event_name":"Big Fish","floor":3,"gold_loss":0},{"damage_healed":0,"gold_gain":0,"player_choice":"Rummage","damage_taken":0,"relics_obtained":["WarpedTongs"],"max_hp_gain":0,"max_hp_loss":0,"event_name":"Accursed Blacksmith","floor":4,"gold_loss":0,"cards_obtained":["Pain"]},{"damage_healed":0,"gold_gain":0,"player_choice":"Success","damage_taken":3,"relics_obtained":["TungstenRod"],"max_hp_gain":0,"max_hp_loss":0,"event_name":"Scrap Ooze","floor":7,"gold_loss":0},{"damage_healed":0,"gold_gain":175,"player_choice":"AGREE","damage_taken":0,"max_hp_gain":0,"max_hp_loss":0,"event_name":"Liars Game","floor":14,"gold_loss":0,"cards_obtained":["Doubt"]},{"damage_healed":0,"gold_gain":0,"player_choice":"Ignored","damage_taken":0,"max_hp_gain":0,"max_hp_loss":0,"event_name":"Vampires","floor":19,"gold_loss":0},{"damage_healed":0,"gold_gain":0,"player_choice":"Shed Blood","damage_taken":23,"max_hp_gain":5,"max_hp_loss":0,"event_name":"Forgotten Altar","floor":20,"gold_loss":0},{"damage_healed":0,"gold_gain":0,"player_choice":"Ignored","damage_taken":0,"max_hp_gain":0,"max_hp_loss":0,"event_name":"Beggar","floor":24,"gold_loss":0},{"damage_healed":0,"gold_gain":0,"player_choice":"Traded Relic","damage_taken":0,"relics_obtained":["Nloth\u0027s Gift"],"max_hp_gain":0,"max_hp_loss":0,"event_name":"N\u0027loth","floor":30,"relics_lost":["Calling Bell"],"gold_loss":0},{"damage_healed":0,"gold_gain":0,"player_choice":"Ignored","damage_taken":0,"max_hp_gain":0,"max_hp_loss":0,"event_name":"Duplicator","floor":37,"gold_loss":0},{"cards_removed":["Reflex"],"damage_healed":0,"gold_gain":0,"player_choice":"Removed Skill","damage_taken":0,"max_hp_gain":0,"max_hp_loss":0,"event_name":"Falling","floor":47,"gold_loss":0},{"damage_healed":0,"gold_gain":0,"player_choice":"Fight","damage_taken":0,"max_hp_gain":0,"max_hp_loss":0,"event_name":"Mysterious Sphere","floor":48,"gold_loss":0}],"is_beta":false,"boss_relics":[{"not_picked":["Astrolabe","SlaversCollar"],"picked":"Calling Bell"},{"not_picked":["Snecko Eye","Empty Cage"],"picked":"Tiny House"}],"items_purged_floors":[],"is_endless":false,"potions_floor_spawned":[5,6,13,16,25,31,33,36,39,42,46],"ascension_level":14}}