{"host":"kiauivt48syq9iz6","time":1608779438,"event":{"mods":["BaseMod","Conspire","Downfall","Hermit","Minty Spire (QoL Compilation)","Replay The Spire","SIMod","StSLib","The Animator","The Construct","The Cursed","The Runesmith","The Servant 0.9.4"],"gold_per_floor":[119,130,210,210,245,245,260,260,334,334,349,12,12,12,12,115,115,133,93,8,23,38,38,53,68,68,68,68,81,81,81,81,1,1,100,100,112,112,41,54,73,73,108,108,179,191,40,55,70,70,70],"floor_reached":50,"playtime":2580,"items_purged":[],"score":537,"play_id":"7187d9d8-59c5-47d5-a96e-4f5b3c653d53","local_time":"20201223201038","is_ascension_mode":false,"campfire_choices":[{"data":"TheCursedMod:CircleOfBlood","floor":6,"key":"SMITH"},{"data":"TheCursedMod:HellsGateOpen","floor":15,"key":"SMITH"},{"floor":23,"key":"REST"},{"floor":32,"key":"REST"},{"floor":34,"key":"REST"},{"floor":42,"key":"REST"},{"floor":44,"key":"REST"}],"circlet_count":0,"master_deck":["TheCursedMod:Strike_TheCursed","TheCursedMod:Strike_TheCursed+1","TheCursedMod:Strike_TheCursed","TheCursedMod:Defend_TheCursed","TheCursedMod:Defend_TheCursed","TheCursedMod:Defend_TheCursed","TheCursedMod:Defend_TheCursed","TheCursedMod:CursedWand","TheCursedMod:CleanUpWorkshop","TheCursedMod:Dregs","TheCursedMod:CursedMace","TheCursedMod:Wield","TheCursedMod:CircleOfBlood+1","TheCursedMod:HellsGateOpen+1","TheCursedMod:CursedBlade","ReplayTheSpireMod:IOU","TheCursedMod:Hemoplague","TheCursedMod:CollectTribute+1","TheCursedMod:FleshFromBone","TheCursedMod:WearCloak","TheCursedMod:CursedStaff","TheCursedMod:Stigma","TheCursedMod:CircleOfCorruption","TheCursedMod:CircleOfFlame","TheCursedMod:RavingStaff+1","J.A.X.","TheCursedMod:SurpriseAttack+1","TheCursedMod:ReleasedKnowledge","TheCursedMod:AntiAging","TheCursedMod:CursedSpellbook","Madness","Madness","TheCursedMod:Hemoplague","TheCursedMod:SpitefulPray+1","TheCursedMod:SoulCrush","TheCursedMod:Mangle","Parasite","TheCursedMod:CursedBlade+1","TheCursedMod:CircleOfWindfury+1","TheCursedMod:CircleOfFlame+1"],"relics":["TheCursedMod:BlackMagic101","Lizard Tail","Chameleon Ring","ReplayTheSpireMod:CursedCoin","conspire:TopHat","Torii","Black Star","Snack Pack","SlaversCollar","Replay:Ringing Soul","Pet Ghost","construct:FoamFinger","Oddly Smooth Stone"],"acts_visited":["Exordium","TheCity","TheBeyond"],"potions_floor_usage":[24,24,35,35,35,40,48,50],"damage_taken":[{"damage":0,"enemies":"Jaw Worm","floor":1,"turns":3},{"damage":3,"enemies":"2 Louse","floor":2,"turns":4},{"damage":2,"enemies":"Cultist","floor":7,"turns":4},{"damage":5,"enemies":"2 Fungi Beasts","floor":11,"turns":4},{"damage":40,"enemies":"Slime Boss","floor":16,"turns":12},{"damage":18,"enemies":"3 Byrds","floor":18,"turns":5},{"damage":12,"enemies":"2 Thieves","floor":21,"turns":5},{"damage":39,"enemies":"Centurion and Healer","floor":22,"turns":6},{"damage":1,"enemies":"3 Cultists","floor":24,"turns":4},{"damage":22,"enemies":"Snake Plant","floor":25,"turns":3},{"damage":12,"enemies":"Chosen and Byrds","floor":29,"turns":5},{"damage":78,"enemies":"Automaton","floor":35,"turns":12},{"damage":1,"enemies":"3 Shapes","floor":37,"turns":4},{"damage":50,"enemies":"3 Darklings","floor":40,"turns":6},{"damage":51,"enemies":"Sphere and 2 Shapes","floor":41,"turns":9},{"damage":12,"enemies":"Nemesis","floor":43,"turns":7},{"damage":46,"enemies":"Writhing Mass","floor":46,"turns":6},{"damage":20,"enemies":"Spire Growth","floor":48,"turns":4},{"damage":49,"enemies":"Sphere and 2 Shapes","floor":49,"turns":6},{"damage":26,"enemies":"Maw","floor":50,"turns":5}],"seed_played":"3476753446762785084","potions_obtained":[{"floor":2,"key":"GamblersBrew"},{"floor":10,"key":"BlessingOfTheForge"},{"floor":10,"key":"LiquidBronze"},{"floor":16,"key":"BlessingOfTheForge"},{"floor":24,"key":"Elixir"},{"floor":29,"key":"Flashbang"},{"floor":37,"key":"Adrenaline Potion"},{"floor":46,"key":"Explosive Potion"},{"floor":48,"key":"TheCursedMod:DregsPotion"},{"floor":49,"key":"LiquidBronze"}],"is_trial":false,"path_per_floor":["M","M","?","?","?","R","M","?","T","R","M","$","$","?","R","B",null,"M","?","$","M","M","R","M","M","T","?","?","M","PTL","PTL","R","$","R","B",null,"M","?","$","M","M","R","E","R","T","M","$","M","M","M"],"character_chosen":"THE_CURSED","items_purchased":["ReplayTheSpireMod:CursedCoin","conspire:TopHat","Torii","TheCursedMod:Hemoplague","TheCursedMod:WearCloak","TheCursedMod:CursedStaff","TheCursedMod:ReleasedKnowledge","TheCursedMod:Hemoplague","Oddly Smooth Stone"],"campfire_rested":5,"item_purchase_floors":[12,12,12,12,20,20,33,39,47],"current_hp_per_floor":[82,79,79,79,79,79,80,80,80,80,77,77,77,77,77,42,82,64,64,64,64,29,53,60,42,42,42,42,38,38,38,62,62,82,12,82,82,72,72,32,40,65,68,91,91,54,54,41,9,0,0],"gold":70,"neow_bonus":"TEN_PERCENT_HP_BONUS","is_daily":false,"chose_seed":false,"campfire_upgraded":2,"win_rate":0.0,"timestamp":1608779438,"path_taken":["M","M","?","?","?","R","?","?","T","R","M","?","$","?","R","BOSS","M","?","$","M","M","R","?","M","T","?","?","M","PTL","PTL","R","$","R","BOSS","M","?","$","M","M","R","E","R","T","M","$","M","M","M"],"items_purchased_type":["Relic","Relic","Relic","Card","Card","Card","Card","Card","Relic"],"build_version":"2020-12-22","purchased_purges":0,"victory":false,"max_hp_per_floor":[82,82,82,82,82,82,82,82,82,82,82,82,82,82,82,82,82,82,82,82,82,82,82,82,82,82,82,82,82,82,82,82,82,82,82,82,82,82,82,84,86,86,91,91,91,96,96,99,104,106,106],"card_choices":[{"not_picked":["TheCursedMod:Stretching","TheCursedMod:CursedShiv"],"picked":"TheCursedMod:CursedMace","floor":1},{"not_picked":["TheCursedMod:BlessingInDisguise","TheCursedMod:CircleOfCorruption"],"picked":"TheCursedMod:Wield","floor":2},{"not_picked":["TheCursedMod:SurpriseAttack","TheCursedMod:CursedShiv"],"picked":"TheCursedMod:CircleOfBlood","floor":5},{"not_picked":["TheCursedMod:StingEye","TheCursedMod:AbyssShockwave"],"picked":"TheCursedMod:HellsGateOpen","floor":7},{"not_picked":["TheCursedMod:TacticalStrike","TheCursedMod:Evocation"],"picked":"TheCursedMod:CursedBlade","floor":11},{"not_picked":["TheCursedMod:ShockAndAwe","TheCursedMod:DemonicPact"],"picked":"TheCursedMod:CollectTribute","floor":16},{"not_picked":["TheCursedMod:AbyssShockwave+1","TheCursedMod:RavingStaff"],"picked":"TheCursedMod:FleshFromBone","floor":18},{"not_picked":["TheCursedMod:SaltUponWound","TheCursedMod:CursedAmulet+1"],"picked":"TheCursedMod:Stigma","floor":21},{"not_picked":["TheCursedMod:Evocation","TheCursedMod:TacticalStrike"],"picked":"TheCursedMod:CircleOfCorruption","floor":22},{"not_picked":["TheCursedMod:DoubleShield","TheCursedMod:Evocation"],"picked":"TheCursedMod:CircleOfFlame","floor":24},{"not_picked":["TheCursedMod:Stigma","TheCursedMod:CursedBlade"],"picked":"TheCursedMod:RavingStaff+1","floor":25},{"not_picked":["TheCursedMod:FleshFromBone","TheCursedMod:CursedBlade+1"],"picked":"TheCursedMod:SurpriseAttack+1","floor":29},{"not_picked":["TheCursedMod:ParallelWorld","TheCursedMod:VoidForm"],"picked":"TheCursedMod:AntiAging","floor":35},{"not_picked":["TheCursedMod:StingEye","TheCursedMod:CursedAmulet+1"],"picked":"TheCursedMod:CursedSpellbook","floor":37},{"not_picked":["TheCursedMod:RavingStaff+1","TheCursedMod:CursedStaff+1"],"picked":"TheCursedMod:SpitefulPray+1","floor":40},{"not_picked":["TheCursedMod:CursedBlade","TheCursedMod:Stigma"],"picked":"TheCursedMod:SoulCrush","floor":41},{"not_picked":["TheCursedMod:Torture","TheCursedMod:SurpriseAttack"],"picked":"TheCursedMod:Mangle","floor":43},{"not_picked":["TheCursedMod:VitalStrike+1","TheCursedMod:Stretching"],"picked":"TheCursedMod:CursedBlade+1","floor":46},{"not_picked":["TheCursedMod:FleshFromBone+1","TheCursedMod:DoubleShield+1"],"picked":"TheCursedMod:CircleOfWindfury+1","floor":48},{"not_picked":["TheCursedMod:TroublousMinions","TheCursedMod:Hemoplague+1"],"picked":"TheCursedMod:CircleOfFlame+1","floor":49}],"player_experience":39712,"relics_obtained":[{"floor":5,"key":"Lizard Tail"},{"floor":9,"key":"Chameleon Ring"},{"floor":26,"key":"Snack Pack"},{"floor":43,"key":"Replay:Ringing Soul"},{"floor":43,"key":"Pet Ghost"},{"floor":45,"key":"construct:FoamFinger"}],"event_choices":[{"damage_healed":0,"gold_gain":0,"player_choice":"Ignored","damage_taken":0,"max_hp_gain":0,"max_hp_loss":0,"event_name":"NoteForYourself","floor":8,"gold_loss":0},{"cards_removed":["TheCursedMod:Strike_TheCursed"],"damage_healed":0,"gold_gain":0,"player_choice":"Offered Basic","damage_taken":0,"max_hp_gain":0,"max_hp_loss":0,"event_name":"Bonfire Elementals","floor":14,"gold_loss":0},{"damage_healed":0,"gold_gain":0,"player_choice":"Upgrade","damage_taken":0,"max_hp_gain":0,"max_hp_loss":0,"event_name":"Designer","floor":19,"gold_loss":40,"cards_upgraded":["TheCursedMod:CollectTribute"]},{"damage_healed":0,"gold_gain":0,"player_choice":"Leave","damage_taken":0,"max_hp_gain":0,"max_hp_loss":0,"event_name":"conspire:Investor","floor":27,"gold_loss":0},{"damage_healed":0,"gold_gain":0,"player_choice":"Obtain J.A.X.","damage_taken":0,"max_hp_gain":0,"max_hp_loss":0,"event_name":"Drug Dealer","floor":28,"gold_loss":0,"cards_obtained":["J.A.X."]},{"damage_healed":0,"gold_gain":0,"player_choice":"Embrace Madness","damage_taken":10,"max_hp_gain":0,"max_hp_loss":0,"event_name":"Winding Halls","floor":38,"gold_loss":0,"cards_obtained":["Madness","Madness"]}],"is_beta":false,"boss_relics":[{"not_picked":["ReplayTheSpireMod:DimensionalGlitch","Velvet Choker"],"picked":"Black Star"},{"not_picked":["SacredBark","Replay:Grab Bag"],"picked":"SlaversCollar"}],"items_purged_floors":[],"is_endless":false,"potions_floor_spawned":[2,16,24,29,37,46,48,49],"killed_by":"Maw","ascension_level":0}}