{"host":"nvwxkcurnqq848ao","time":1608769203,"event":{"mods":["BaseMod","Block Reminder","Downfall","Infinite Spire","Minty Spire (QoL Compilation)","Relic Sorter","Replay The Spire","StSLib"],"gold_per_floor":[268,286,298,298,316,316,398,417,417,475,650,665,679,406,424,424,424,424],"floor_reached":16,"playtime":806,"items_purged":["Doubt"],"score":119,"play_id":"e2a804b5-bc7e-4bee-8d77-a52126f2ccc3","local_time":"20201223182003","is_ascension_mode":false,"campfire_choices":[{"data":"hexamod:RetreatToShadows","floor":6.0,"key":"SMITH"},{"data":"hexamod:ThermalTransfer","floor":9.0,"key":"SMITH"}],"circlet_count":0,"master_deck":["hexamod:Strike","hexamod:Strike","hexamod:Strike","hexamod:Defend","hexamod:Defend","hexamod:Defend","hexamod:Defend","hexamod:Sear","hexamod:Float","hexamod:RetreatToShadows+1","hexamod:ThermalTransfer+1","hexamod:Toasty","hexamod:SpectersWail","hexamod:ThirdSeal","hexamod:RainOfEmbers","hexamod:ExtraCrispy","hexamod:SoulSteal","hexamod:FirstSeal","ReplayTheSpireMod:IOU","hexamod:ThermalTransfer","hexamod:WildfireWeapon"],"relics":["Replay:Wanted Poster","Singing Bowl","Darkstone Periapt","Replay:Wax Seal","OrangePellets"],"acts_visited":["Exordium"],"potions_floor_usage":[16,16],"damage_taken":[{"damage":18.0,"enemies":"Jaw Worm","floor":2.0,"turns":4.0},{"damage":2.0,"enemies":"Cultist","floor":3.0,"turns":4.0},{"damage":2.0,"enemies":"2 Louse","floor":5.0,"turns":2.0},{"damage":6.0,"enemies":"2 Fungi Beasts","floor":8.0,"turns":4.0},{"damage":11.0,"enemies":"Lagavulin Event","floor":10.0,"turns":4.0},{"damage":0.0,"enemies":"Exordium Wildlife","floor":12.0,"turns":3.0},{"damage":18.0,"enemies":"Gremlin Gang","floor":13.0,"turns":5.0},{"damage":5,"enemies":"downfall:FleeingMerchant","floor":14,"turns":4},{"damage":11,"enemies":"3 Louse","floor":15,"turns":3},{"damage":28,"enemies":"downfall:Defect","floor":16,"turns":4}],"seed_played":"-7487299461822798011","potions_obtained":[{"floor":2.0,"key":"Ancient Potion"},{"floor":5.0,"key":"sneckomod:MuddlingPotion"},{"floor":8.0,"key":"Block Potion"},{"floor":15,"key":"AttackPotion"}],"is_trial":false,"path_per_floor":["R","M","M","?","M","R","T","M","R","?","?","M","M","$","M","B"],"character_chosen":"THE_SPIRIT","items_purchased":["Replay:Wax Seal","OrangePellets","hexamod:FirstSeal"],"campfire_rested":0,"item_purchase_floors":[14,14,14],"current_hp_per_floor":[70,52,50,50,48,48,48,44,44,33,39,41,23,24,20,0,0,0],"gold":424,"neow_bonus":"BOSS_RELIC","is_daily":false,"chose_seed":false,"campfire_upgraded":2,"win_rate":0.0,"timestamp":1608769203,"path_taken":["R","M","M","?","M","R","T","?","R","?","?","M","M","$","M","BOSS"],"items_purchased_type":["Relic","Relic","Card"],"build_version":"2020-12-22","purchased_purges":1,"victory":false,"max_hp_per_floor":[70,70,70,70,70,70,70,72,72,72,78,80,80,86,86,86,86,86],"card_choices":[{"not_picked":["hexamod:StepThrough","hexamod:AdvancingGuard"],"picked":"hexamod:RetreatToShadows","floor":2.0},{"not_picked":["hexamod:Firestarter","hexamod:SwordOfDarkness"],"picked":"hexamod:ThermalTransfer","floor":3.0},{"not_picked":["hexamod:BacktrackSmack","hexamod:Hexaguard"],"picked":"hexamod:SpectersWail","floor":5.0},{"not_picked":["hexamod:CatchUp","hexamod:PowerFromBeyond","hexamod:FastForward"],"picked":"Singing Bowl","floor":8.0},{"not_picked":["hexamod:Hexaguard","hexamod:GhostLash"],"picked":"hexamod:ThirdSeal","floor":10.0},{"not_picked":["hexamod:StepThrough","hexamod:HauntingEcho"],"picked":"hexamod:RainOfEmbers","floor":12.0},{"not_picked":["hexamod:Firestarter","hexamod:InspiringFlames","hexamod:SpectralAdrenaline"],"picked":"Singing Bowl","floor":12.0},{"not_picked":["hexamod:GhostflameBarrier","hexamod:NightmareStrike"],"picked":"hexamod:ExtraCrispy","floor":13},{"not_picked":["hexamod:ParanormalForm","hexamod:Hexaguard"],"picked":"hexamod:SoulSteal","floor":14},{"not_picked":["hexamod:GhostLash","hexamod:InspiringFlames"],"picked":"hexamod:ThermalTransfer","floor":15},{"not_picked":["hexamod:BacktrackSmack","hexamod:ThermalTransfer"],"picked":"hexamod:WildfireWeapon","floor":15}],"player_experience":552491,"relics_obtained":[{"floor":7.0,"key":"Singing Bowl"},{"floor":10.0,"key":"Darkstone Periapt"}],"event_choices":[{"damage_healed":0.0,"max_hp_gain":0.0,"max_hp_loss":0.0,"gold_gain":0.0,"cards_transformed":["hexamod:Strike"],"event_name":"Transmorgrifier","player_choice":"Transformed","floor":4.0,"gold_loss":0.0,"damage_taken":0.0,"cards_obtained":["hexamod:Toasty"]}],"is_beta":false,"boss_relics":[],"items_purged_floors":[14],"is_endless":false,"potions_floor_spawned":[2,5,8,15],"killed_by":"downfall:Defect","ascension_level":0}}