{"host":"er8s5flrc5z1a07t","time":1608768372,"event":{"mods":["2.2 Compatiblity","Act Like it!","Bard","BaseMod","Better Note","Better Third Choice","Downfall","Duelist Mod","Elementarium","Energized Spire","GifTheSpireLib","Hermit","Hubris","Infinite Spire","Minty Spire (QoL Compilation)","Relic Stats","Replay The Spire","Shop Mod","StSLib","Stuff the Spire","Synergy Search","The Cursed","The Disciple","The Mystic"],"gold_per_floor":[138,138,102,115,127,160,170,170,221,77,102,102,122,153,153,258,258,247,247,247,247,247],"floor_reached":21,"playtime":934,"items_purged":[],"score":372,"play_id":"fc09e656-bdd9-4ac7-9f9a-652ea8a18dee","local_time":"20201223190612","is_ascension_mode":true,"campfire_choices":[{"data":"theDuelist:ForbiddenLance","floor":8,"key":"SMITH"},{"data":"theDuelist:FinalFlame","floor":15,"key":"SMITH"}],"circlet_count":0,"master_deck":["theDuelist:AttackMetronome","theDuelist:AttackMetronome","theDuelist:AttackMetronome","theDuelist:AttackMetronome","theDuelist:BlockMetronome","theDuelist:BlockMetronome","theDuelist:BlockMetronome","theDuelist:BlockMetronome","theDuelist:Metronome","theDuelist:Metronome","theDuelist:PowerMetronome","theDuelist:SkillMetronome+1","theDuelist:SkillMetronome","theDuelist:TrapMetronome","theDuelist:UncommonAttackMetronome","mysticmod:Defend_Mystic","theDuelist:FinalFlame+1","theDuelist:ForbiddenLance+1","theDuelist:GolemSentry","theDuelist:PowerMetronome","theDuelist:Blockman","theDuelist:BlockGolem","theDuelist:DragonMetronome","theDuelist:RareMetronome","theDuelist:MegatypeMetronome","theDuelist:OjamaMetronome","theDuelist:MillenniumShield"],"relics":["theDuelist:MillenniumPuzzle","theDuelist:CardPoolRelic","theDuelist:CardPoolBasicRelic","theDuelist:BoosterPackPoolRelic","theDuelist:CardPoolAddRelic","StuffTheSpire:OccultApparatus","theDuelist:CardPoolSaveRelic","theDuelist:CardPoolOptionsRelic","Regal Pillow","theDuelist:MillenniumArmor","Runic Capacitor","Pantograph","theDuelist:BoosterBetterBoostersRelic","StuffTheSpire:Kangaroo","Enchiridion"],"acts_visited":["Exordium","TheCity"],"potions_floor_usage":[16],"damage_taken":[{"damage":0,"enemies":"Small Slimes","floor":1,"turns":2},{"damage":0,"enemies":"Jaw Worm","floor":4,"turns":1},{"damage":0,"enemies":"2 Louse","floor":5,"turns":1},{"damage":19,"enemies":"3 Sentries","floor":6,"turns":12},{"damage":4,"enemies":"2 Fungi Beasts","floor":7,"turns":6},{"damage":6,"enemies":"Lagavulin","floor":11,"turns":3},{"damage":0,"enemies":"Looter","floor":13,"turns":2},{"damage":0,"enemies":"Gremlin Nob","floor":14,"turns":5},{"damage":51,"enemies":"Slime Boss","floor":16,"turns":7},{"damage":6,"enemies":"2 Thieves","floor":18,"turns":4},{"damage":8,"enemies":"3 Byrds","floor":21,"turns":3}],"seed_played":"-5502401805635198913","potions_obtained":[{"floor":5,"key":"Doom Potion"},{"floor":11,"key":"theDuelist:DebuffFuryPotion"},{"floor":13,"key":"Fire Potion"},{"floor":16,"key":"theDuelist:BigTributeBottle"}],"is_trial":false,"path_per_floor":["M","?","$","M","M","E","M","R","T","$","E","?","M","E","R","B",null,"M","?","?","M"],"character_chosen":"THE_DUELIST","items_purchased":["theDuelist:PowerMetronome","Runic Capacitor"],"campfire_rested":0,"item_purchase_floors":[3,10],"current_hp_per_floor":[72,72,72,72,72,53,49,49,49,49,43,69,69,69,69,29,67,61,45,45,37,37],"gold":247,"neow_bonus":"RANDOM_COLORLESS_2","is_daily":false,"chose_seed":false,"campfire_upgraded":2,"win_rate":0.0,"timestamp":1608768372,"path_taken":["M","?","$","M","M","E","M","R","T","$","E","?","M","E","R","BOSS","M","?","?","M"],"items_purchased_type":["Card","Relic"],"build_version":"2020-12-22","purchased_purges":0,"victory":false,"max_hp_per_floor":[80,80,80,80,80,80,80,80,80,80,80,80,80,80,80,80,80,80,80,80,80,80],"relic_stats":{"Regal Pillow":0,"counters":[11,45],"Pantograph":11,"obtain_stats":[{"theDuelist:MillenniumArmor":9,"Regal Pillow":6,"Enchiridion":19,"Runic Capacitor":10,"theDuelist:MillenniumPuzzle":0,"theDuelist:CardPoolSaveRelic":0,"theDuelist:BoosterBetterBoostersRelic":14,"StuffTheSpire:OccultApparatus":20,"theDuelist:BoosterPackPoolRelic":0,"theDuelist:CardPoolMinusRelic":0,"theDuelist:CardPoolBasicRelic":0,"Pantograph":11,"theDuelist:CardPoolAddRelic":0,"theDuelist:CardPoolOptionsRelic":0,"StuffTheSpire:Kangaroo":17,"theDuelist:CardPoolRelic":0},{"theDuelist:MillenniumArmor":5,"Regal Pillow":4,"Enchiridion":10,"Runic Capacitor":5,"theDuelist:MillenniumPuzzle":0,"theDuelist:CardPoolSaveRelic":0,"theDuelist:BoosterBetterBoostersRelic":8,"StuffTheSpire:OccultApparatus":10,"theDuelist:BoosterPackPoolRelic":0,"theDuelist:CardPoolMinusRelic":0,"theDuelist:CardPoolBasicRelic":0,"Pantograph":6,"theDuelist:CardPoolAddRelic":0,"theDuelist:CardPoolOptionsRelic":0,"StuffTheSpire:Kangaroo":9,"theDuelist:CardPoolRelic":0},{"theDuelist:MillenniumArmor":21,"Regal Pillow":16,"Enchiridion":42,"Runic Capacitor":21,"theDuelist:MillenniumPuzzle":0,"theDuelist:CardPoolSaveRelic":0,"theDuelist:BoosterBetterBoostersRelic":31,"StuffTheSpire:OccultApparatus":42,"theDuelist:BoosterPackPoolRelic":0,"theDuelist:CardPoolMinusRelic":0,"theDuelist:CardPoolBasicRelic":0,"Pantograph":24,"theDuelist:CardPoolAddRelic":0,"theDuelist:CardPoolOptionsRelic":0,"StuffTheSpire:Kangaroo":38,"theDuelist:CardPoolRelic":0}]},"card_choices":[{"not_picked":["theDuelist:MillenniumShield","ReplayTheSpireMod:Necrogeddon"],"picked":"theDuelist:ForbiddenLance","floor":0},{"not_picked":["theDuelist:BattleguardKing","theDuelist:GaiaMidNightSun","theDuelist:MagicHoleGolem","theDuelist:PreventRat"],"picked":"theDuelist:GolemSentry","floor":1},{"not_picked":["theDuelist:EarthquakeGiant","theDuelist:GauntletWarrior","theDuelist:MillenniumGolem","theDuelist:WormWarlord"],"picked":"theDuelist:Blockman","floor":4},{"not_picked":["theDuelist:BattleOx","theDuelist:EvilswarmHeliotrope","theDuelist:EarthGiant","theDuelist:GolemSentry"],"picked":"theDuelist:BlockGolem","floor":5},{"not_picked":["theDuelist:UncommonMetronome","theDuelist:ThalassicMetronome","theDuelist:PlantMetronome","theDuelist:MetalRaidersMetronome"],"picked":"theDuelist:DragonMetronome","floor":6},{"not_picked":["theDuelist:UncommonMonsterMetronome","theDuelist:SuperheavyMetronome","theDuelist:RoseMetronome","theDuelist:RareBlockMetronome"],"picked":"theDuelist:RareMetronome","floor":7},{"not_picked":["theDuelist:UncommonMetronome","theDuelist:ThalassicMetronome","theDuelist:RockMetronome","theDuelist:CombatMetronome"],"picked":"theDuelist:MegatypeMetronome","floor":11},{"not_picked":["theDuelist:BattleOx","theDuelist:DestroyerGolem","theDuelist:MillenniumGolem","theDuelist:FuryFire","theDuelist:ForbiddenLance"],"picked":"SKIP","floor":13},{"not_picked":["theDuelist:DeskbotMetronome","theDuelist:CombatMetronome","theDuelist:ArcaneMetronome","theDuelist:AncientMetronome"],"picked":"theDuelist:OjamaMetronome","floor":14},{"not_picked":["theDuelist:AttackTheMoon","theDuelist:RedMedicine","theDuelist:Blockman","theDuelist:ForbiddenLance"],"picked":"theDuelist:MillenniumShield","floor":16},{"not_picked":["theDuelist:EarthquakeGiant","theDuelist:GaiaMidNightSun","theDuelist:MillenniumGolem","theDuelist:EvilswarmHeliotrope","theDuelist:ClearKuriboh"],"picked":"SKIP","floor":18}],"player_experience":1164976,"relics_obtained":[{"floor":6,"key":"Regal Pillow"},{"floor":9,"key":"theDuelist:MillenniumArmor"},{"floor":11,"key":"Pantograph"},{"floor":14,"key":"theDuelist:BoosterBetterBoostersRelic"},{"floor":19,"key":"Enchiridion"}],"event_choices":[{"damage_healed":26,"gold_gain":0,"player_choice":"Banana","damage_taken":0,"max_hp_gain":0,"max_hp_loss":0,"event_name":"Big Fish","floor":12,"gold_loss":0},{"damage_healed":0,"gold_gain":0,"player_choice":"Obtained Book","damage_taken":16,"max_hp_gain":0,"max_hp_loss":0,"event_name":"Cursed Tome","floor":19,"gold_loss":0}],"is_beta":false,"boss_relics":[{"not_picked":["Coffee Dripper","SacredBark"],"picked":"StuffTheSpire:Kangaroo"}],"items_purged_floors":[],"is_endless":false,"potions_floor_spawned":[5,11,13,16],"killed_by":"3 Byrds","ascension_level":9}}