{"host":"k0kjm4m87pwj4phr","time":1608803889,"event":{"mods":["ATMod(°¢èªMod)","BaseMod","Colored Map","Colored Powertips","Minty Spire (QoL Compilation)","Permanent Neow","Quick Restart","Relic Stats","Replay The Spire","StSLib","The Dragon Tamer"],"gold_per_floor":[112,127,52,72,72,100,100,131,131,166,166,195,195,245,245,349,349,349,349],"floor_reached":18,"playtime":775,"items_purged":["Strike_G"],"score":354,"play_id":"8ef27d64-3fe9-425f-98a8-efd4ece90e28","local_time":"20201224175809","is_ascension_mode":true,"campfire_choices":[{"data":"AT_FamilyPortrait","floor":7,"key":"SMITH"},{"data":"Calculated Gamble","floor":11,"key":"SMITH"},{"floor":15,"key":"REST"}],"circlet_count":0,"master_deck":["AscendersBane","Defend_G","Defend_G","Defend_G","Defend_G","Defend_G","Survivor","Neutralize","AT_FamilyPortrait+1","Acrobatics","Backflip","Amnesia","Bouncing Flask","Calculated Gamble+1","Footwork","ReplayTheSpireMod:Faulty Equipment","ReplayTheSpireMod:Faulty Equipment"],"relics":["Ring of the Snake","AT_ATBox","AT_TrinityForce","Sozu","ReplayTheSpireMod:Ring of Collecting","Ring of Hypnosis","Snake Skull","Replay:Bottled Steam","Ring of Panic","Mummified Hand","CaptainsWheel","Ring of Greed","Replay:Wax Seal","Tiny Chest","BranchBurnRelic","Kintsugi"],"acts_visited":["Exordium","TheCity"],"potions_floor_usage":[],"damage_taken":[{"damage":0,"enemies":"Cultist","floor":1,"turns":2},{"damage":0,"enemies":"2 Louse","floor":2,"turns":2},{"damage":0,"enemies":"Jaw Worm","floor":4,"turns":2},{"damage":23,"enemies":"Lagavulin","floor":6,"turns":9},{"damage":0,"enemies":"Gremlin Nob","floor":8,"turns":1},{"damage":0,"enemies":"Lagavulin","floor":10,"turns":3},{"damage":15,"enemies":"Gremlin Nob","floor":12,"turns":3},{"damage":25,"enemies":"The Guardian","floor":16,"turns":6},{"damage":140,"enemies":"Spheric Guardian","floor":18,"turns":2}],"seed_played":"1953480974739525521","potions_obtained":[],"is_trial":false,"path_per_floor":["M","M","$","M","?","E","R","E","T","E","R","E","?","T","R","B",null,"M"],"character_chosen":"THE_SILENT","items_purchased":[],"campfire_rested":1,"item_purchase_floors":[],"current_hp_per_floor":[63,63,63,63,63,40,40,40,40,40,40,25,25,25,46,36,62,0,0],"gold":349,"neow_bonus":"DOUBLE_BOSS_RELIC","is_daily":false,"chose_seed":false,"campfire_upgraded":2,"win_rate":0.0,"timestamp":1608803889,"path_taken":["M","M","$","M","?","E","R","E","T","E","R","E","?","?","R","BOSS","M"],"items_purchased_type":[],"build_version":"2020-12-22","purchased_purges":1,"victory":false,"max_hp_per_floor":[70,70,70,70,70,70,70,70,70,70,70,70,70,70,70,70,70,70,70],"relic_stats":{"Sozu":3,"counters":[9,30],"Mummified Hand":[7],"Tiny Chest":0,"Snake Skull":[21],"obtain_stats":[{"AT_ATBox":0,"Ring of Hypnosis":5,"Dead Branch":14,"Snake Skull":6,"Ring of Greed":14,"Sozu":0,"BranchBurnRelic":15,"CaptainsWheel":12,"Mummified Hand":10,"ReplayTheSpireMod:Ring of Collecting":5,"AT_TrinityForce":0,"Tiny Chest":14,"Ring of Panic":9,"Replay:Wax Seal":14,"Kintsugi":17,"Ring of the Snake":0,"Replay:Bottled Steam":8},{"AT_ATBox":0,"Ring of Hypnosis":3,"Dead Branch":7,"Snake Skull":4,"Ring of Greed":7,"Sozu":0,"BranchBurnRelic":7,"CaptainsWheel":7,"Mummified Hand":6,"ReplayTheSpireMod:Ring of Collecting":3,"AT_TrinityForce":0,"Tiny Chest":7,"Ring of Panic":5,"Replay:Wax Seal":7,"Kintsugi":8,"Ring of the Snake":0,"Replay:Bottled Steam":5},{"AT_ATBox":0,"Ring of Hypnosis":6,"Dead Branch":22,"Snake Skull":15,"Ring of Greed":22,"Sozu":0,"BranchBurnRelic":22,"CaptainsWheel":22,"Mummified Hand":19,"ReplayTheSpireMod:Ring of Collecting":6,"AT_TrinityForce":0,"Tiny Chest":22,"Ring of Panic":16,"Replay:Wax Seal":22,"Kintsugi":28,"Ring of the Snake":0,"Replay:Bottled Steam":16}],"Ring of the Snake":[18]},"card_choices":[{"not_picked":["Crippling Poison","Setup"],"picked":"Acrobatics","floor":1},{"not_picked":["Quick Slash","Footwork","Blur"],"picked":"SKIP","floor":2},{"not_picked":["Deflect","AT_WindFlip"],"picked":"Backflip","floor":4},{"not_picked":["AT_ShadowStep","Flying Knee"],"picked":"Bouncing Flask","floor":6},{"not_picked":["Heel Hook","Footwork"],"picked":"Calculated Gamble","floor":8},{"not_picked":["Flechettes","Crippling Poison"],"picked":"Footwork","floor":10},{"not_picked":["Sucker Punch","Expertise","Skewer"],"picked":"SKIP","floor":12}],"player_experience":423633,"relics_obtained":[{"floor":5,"key":"ReplayTheSpireMod:Ring of Collecting"},{"floor":5,"key":"Ring of Hypnosis"},{"floor":6,"key":"Snake Skull"},{"floor":8,"key":"Replay:Bottled Steam"},{"floor":9,"key":"Ring of Panic"},{"floor":10,"key":"Mummified Hand"},{"floor":12,"key":"CaptainsWheel"},{"floor":14,"key":"Ring of Greed"},{"floor":14,"key":"Replay:Wax Seal"},{"floor":14,"key":"Tiny Chest"},{"floor":14,"key":"Dead Branch"}],"event_choices":[{"damage_healed":0,"gold_gain":0,"player_choice":"Ignored","damage_taken":0,"max_hp_gain":0,"max_hp_loss":0,"event_name":"Shining Light","floor":13,"gold_loss":0}],"is_beta":false,"boss_relics":[{"not_picked":["ReplayTheSpireMod:DimensionalGlitch","SacredBark"],"picked":"Kintsugi"}],"items_purged_floors":[3],"is_endless":false,"potions_floor_spawned":[8,10,16],"killed_by":"Spheric Guardian","ascension_level":10}}