{"host":"voynvaosqxulty6e","time":1608822144,"event":{"mods":["BaseMod","Colored Map","Hubris","Minty Spire (QoL Compilation)","Replay The Spire","StSLib"],"gold_per_floor":[119,79,90,41,56,89,89,100,100,100,128,128,162,162,162,258,258,273,292,304,318,318,318,343,354,377,377,393,408,408,105,105,105,105],"floor_reached":33,"playtime":1359,"items_purged":["hubris:Wrath"],"score":373,"play_id":"33f897e1-4d07-4691-bc73-f17303426c14","local_time":"20201224160224","is_ascension_mode":true,"campfire_choices":[{"data":"Footwork","floor":7.0,"key":"SMITH"},{"data":"Crippling Poison","floor":12.0,"key":"SMITH"},{"data":"Toxin Wave","floor":15.0,"key":"SMITH"},{"floor":23.0,"key":"DIG"},{"floor":32.0,"key":"DIG"}],"circlet_count":0,"master_deck":["Strike_G","Strike_G","Strike_G","Strike_G","Defend_G","Defend_G","Defend_G","Defend_G","Defend_G","Survivor","Neutralize","Toxin Wave+1","Footwork+1","Deadly Poison","Deadly Poison","Backflip","Dodge and Roll","Crippling Poison+1","Crippling Poison","ReplayTheSpireMod:Shiv Toss","Corpse Explosion","Dash+1","Concentrate","PiercingWail","Bullet Time","Poisoned Stab+1","Quick Slash+1","Calculated Gamble+1","Noxious Fumes"],"relics":["Ring of the Snake","Meat on the Bone","Replay:Multitool","Replay:Bottled Flurry","Omamori","Calling Bell","Happy Flower","Pantograph","WingedGreaves","Onion Ring","hubris:SlimyHat","Toy Ornithopter","PreservedInsect","hubris:TinFlute","ReplayTheSpireMod:CursedCoin","Replay:Ringing Soul","Paper Crane"],"acts_visited":["Exordium","TheCity"],"potions_floor_usage":[33],"damage_taken":[{"damage":0.0,"enemies":"Small Slimes","floor":1.0,"turns":3.0},{"damage":0.0,"enemies":"Cultist","floor":3.0,"turns":3.0},{"damage":0.0,"enemies":"2 Louse","floor":5.0,"turns":3.0},{"damage":25.0,"enemies":"Gremlin Nob","floor":6.0,"turns":4.0},{"damage":3.0,"enemies":"Blue Slaver","floor":8.0,"turns":4.0},{"damage":8.0,"enemies":"Lagavulin","floor":11.0,"turns":7.0},{"damage":5.0,"enemies":"Replay:BlueRogue","floor":13.0,"turns":5.0},{"damage":19.0,"enemies":"Hexaghost","floor":16.0,"turns":9.0},{"damage":12.0,"enemies":"Shell Parasite","floor":18.0,"turns":4.0},{"damage":8.0,"enemies":"3 Byrds","floor":19.0,"turns":2.0},{"damage":7.0,"enemies":"3 Cultists","floor":20.0,"turns":3.0},{"damage":11.0,"enemies":"Centurion and Healer","floor":21.0,"turns":8.0},{"damage":30.0,"enemies":"Gremlin Leader","floor":24.0,"turns":7.0},{"damage":20.0,"enemies":"Chosen and Byrds","floor":25.0,"turns":5.0},{"damage":18.0,"enemies":"Shelled Parasite and Fungi","floor":28.0,"turns":5.0},{"damage":28.0,"enemies":"Cultist and Chosen","floor":29.0,"turns":8.0},{"damage":0,"enemies":"Champ","floor":33,"turns":2}],"seed_played":"-3141062026039501708","potions_obtained":[{"floor":2.0,"key":"SpeedPotion"},{"floor":2.0,"key":"Ancient Potion"},{"floor":2.0,"key":"Adrenaline Potion"},{"floor":3.0,"key":"FairyPotion"},{"floor":8.0,"key":"Explosive Potion"},{"floor":16.0,"key":"Adrenaline Potion"},{"floor":19.0,"key":"Elixir"},{"floor":21.0,"key":"Swift Potion"},{"floor":28.0,"key":"LiquidMemories"},{"floor":29.0,"key":"Strength Potion"}],"is_trial":false,"path_per_floor":["M","?","M","$","M","E","R","M","T","?","E","R","E","?","R","B",null,"M","M","M","M","?","R","E","M","T","T","M","M","$","$","R","B"],"character_chosen":"THE_SILENT","items_purchased":["Deadly Poison","ReplayTheSpireMod:CursedCoin","Replay:Ringing Soul","Noxious Fumes","AttackPotion"],"campfire_rested":0,"item_purchase_floors":[4,31,31,31,31],"current_hp_per_floor":[70,70,70,70,70,45,45,42,42,42,46,46,41,41,41,34,66,54,46,39,40,40,40,22,19,19,19,13,35,35,38,38,68,68],"gold":105,"neow_bonus":"TEN_PERCENT_HP_BONUS","is_daily":false,"chose_seed":false,"campfire_upgraded":3,"win_rate":0.0,"timestamp":1608822144,"path_taken":["M","?","?","$","M","E","R","M","T","?","E","R","E","?","R","BOSS","M","M","M","?","?","R","E","M","T","?","?","?","?","$","R","BOSS"],"items_purchased_type":["Card","Relic","Relic","Card","Potion"],"build_version":"2020-12-22","purchased_purges":1,"victory":false,"max_hp_per_floor":[77,77,77,77,77,77,77,77,77,77,77,77,77,77,77,77,77,77,77,77,77,77,77,77,77,77,77,77,77,77,80,80,80,80],"card_choices":[{"not_picked":["Blade Dance","hubris:TrickCloak"],"picked":"Toxin Wave","floor":1.0},{"not_picked":["Slice","Setup"],"picked":"Footwork","floor":3.0},{"not_picked":["ReplayTheSpireMod:Tripwire","Bane"],"picked":"Deadly Poison","floor":5.0},{"not_picked":["hubris:SlightOfHand","Sucker Punch"],"picked":"Backflip","floor":6.0},{"not_picked":["Underhanded Strike","hubris:SlightOfHand"],"picked":"Dodge and Roll","floor":8.0},{"not_picked":["Dodge and Roll","hubris:TrickCloak"],"picked":"Crippling Poison","floor":11.0},{"not_picked":["Quick Slash","Deflect"],"picked":"Crippling Poison","floor":13.0},{"not_picked":["Adrenaline","Replay:Bag of Tricks"],"picked":"Corpse Explosion","floor":16.0},{"not_picked":["Acrobatics","Escape Plan+1"],"picked":"Dash+1","floor":18.0},{"not_picked":["Backflip","Riddle With Holes","Dagger Throw"],"picked":"SKIP","floor":19.0},{"not_picked":["Quick Slash","Predator+1"],"picked":"Concentrate","floor":20.0},{"not_picked":["Acrobatics","Dash"],"picked":"PiercingWail","floor":21.0},{"not_picked":["Fluid Movement","Deadly Poison"],"picked":"Bullet Time","floor":24.0},{"not_picked":["Hidden Blade","Dagger Spray+1"],"picked":"Poisoned Stab+1","floor":25.0},{"not_picked":["Bane","Dagger Throw"],"picked":"Quick Slash+1","floor":28.0},{"not_picked":["Acrobatics","A Thousand Cuts"],"picked":"Calculated Gamble+1","floor":29.0}],"player_experience":197981,"relics_obtained":[{"floor":6.0,"key":"Meat on the Bone"},{"floor":9.0,"key":"Replay:Multitool"},{"floor":11.0,"key":"Replay:Bottled Flurry"},{"floor":13.0,"key":"Omamori"},{"floor":17.0,"key":"Happy Flower"},{"floor":17.0,"key":"Pantograph"},{"floor":17.0,"key":"WingedGreaves"},{"floor":23.0,"key":"hubris:SlimyHat"},{"floor":24.0,"key":"Toy Ornithopter"},{"floor":26.0,"key":"PreservedInsect"},{"floor":27.0,"key":"hubris:TinFlute"},{"floor":32.0,"key":"Paper Crane"}],"event_choices":[{"damage_healed":0.0,"max_hp_gain":0.0,"max_hp_loss":0.0,"gold_gain":0.0,"event_name":"The Woman in Blue","player_choice":"Bought 3 Potions","floor":2.0,"gold_loss":0.0,"damage_taken":0.0},{"damage_healed":0.0,"max_hp_gain":0.0,"max_hp_loss":0.0,"gold_gain":0.0,"event_name":"Shining Light","player_choice":"Ignored","floor":10.0,"gold_loss":0.0,"damage_taken":0.0},{"damage_healed":0.0,"max_hp_gain":0.0,"max_hp_loss":0.0,"gold_gain":0.0,"cards_transformed":["Strike_G"],"event_name":"Transmorgrifier","player_choice":"Transformed","floor":14.0,"gold_loss":0.0,"damage_taken":0.0,"cards_obtained":["ReplayTheSpireMod:Shiv Toss"]},{"damage_healed":0.0,"max_hp_gain":0.0,"max_hp_loss":0.0,"gold_gain":0.0,"event_name":"Addict","player_choice":"Stole Relic","floor":22.0,"gold_loss":0.0,"damage_taken":0.0,"relics_obtained":["Onion Ring"],"cards_obtained":["Shame"]}],"is_beta":false,"boss_relics":[{"not_picked":["Ring of Chaos","ReplayTheSpireMod:DimensionalGlitch"],"picked":"Calling Bell"}],"items_purged_floors":[31],"is_endless":false,"potions_floor_spawned":[3,5,8,16,19,21,28,29],"killed_by":"Champ","ascension_level":6}}