{"host":"qxeepl7ydvsgmfdb","time":1608789594,"event":{"mods":["AchievementEnabler","BaseMod","Colored Powertips","Minty Spire (QoL Compilation)","Quick Restart","slay the spire mod where everything is the same but ironclad has a cowboy hat"],"gold_per_floor":[118,118,118,118,293,331,331,365,365,365,398,416,487,507,507,631,631,645,670,670,694,715,715,373,412,457,480,480,480],"floor_reached":28,"playtime":1167,"items_purged":["Doubt"],"score":355,"play_id":"3c119953-6cd9-4c93-9b4d-db72005d0743","local_time":"20201224005954","is_ascension_mode":true,"campfire_choices":[{"data":"White Noise","floor":7.0,"key":"SMITH"},{"data":"Zap","floor":10.0,"key":"SMITH"},{"floor":15,"key":"REST"},{"floor":23,"key":"REST"}],"circlet_count":0,"master_deck":["Strike_B","Strike_B","Strike_B","Strike_B","Defend_B","Defend_B","Defend_B","Defend_B+1","Zap+1","Dualcast+1","White Noise+1","Genetic Algorithm","Ball Lightning","Sweeping Beam","Defragment","Melter"],"relics":["Cracked Core","NeowsBlessing","Golden Idol","Smiling Mask","Pen Nib","Letter Opener","War Paint","Odd Mushroom","Bird Faced Urn","Inserter","Centennial Puzzle","Bag of Marbles","Juzu Bracelet","Art of War"],"acts_visited":["Exordium","TheCity"],"potions_floor_usage":[21,21,21,22,22,25,27],"damage_taken":[{"damage":0.0,"enemies":"Small Slimes","floor":1.0,"turns":1.0},{"damage":0.0,"enemies":"3 Sentries","floor":6.0,"turns":1.0},{"damage":0.0,"enemies":"Gremlin Nob","floor":8.0,"turns":1.0},{"damage":11.0,"enemies":"The Mushroom Lair","floor":11.0,"turns":4.0},{"damage":6.0,"enemies":"2 Louse","floor":12.0,"turns":3.0},{"damage":25.0,"enemies":"Lagavulin Event","floor":13.0,"turns":5.0},{"damage":1,"enemies":"Cultist","floor":14,"turns":3},{"damage":36,"enemies":"The Guardian","floor":16,"turns":12},{"damage":0,"enemies":"3 Byrds","floor":18,"turns":2},{"damage":29,"enemies":"2 Thieves","floor":19,"turns":4},{"damage":28,"enemies":"Centurion and Healer","floor":21,"turns":7},{"damage":19,"enemies":"Snake Plant","floor":22,"turns":4},{"damage":22,"enemies":"Slavers","floor":25,"turns":4},{"damage":7,"enemies":"Cultist and Chosen","floor":27,"turns":4},{"damage":17,"enemies":"3 Cultists","floor":28,"turns":4}],"seed_played":"-1461009359588040087","potions_obtained":[{"floor":6.0,"key":"Strength Potion"},{"floor":8.0,"key":"EntropicBrew"},{"floor":12.0,"key":"Dexterity Potion"},{"floor":18,"key":"DuplicationPotion"},{"floor":25,"key":"AttackPotion"}],"is_trial":false,"path_per_floor":["M","?","?","$","?","E","R","E","T","R","?","M","?","M","R","B",null,"M","M","?","M","M","R","$","E","T","M","M"],"character_chosen":"DEFECT","items_purchased":["Centennial Puzzle","Bag of Marbles"],"campfire_rested":2,"item_purchase_floors":[24,24],"current_hp_per_floor":[75,57,54,54,54,54,54,54,54,54,43,37,12,13,35,1,75,75,46,46,22,9,31,31,13,13,10,0,0],"gold":480,"neow_bonus":"THREE_ENEMY_KILL","is_daily":false,"chose_seed":false,"campfire_upgraded":2,"win_rate":0.0,"timestamp":1608789594,"path_taken":["M","?","?","$","?","E","R","E","T","R","?","M","?","M","R","BOSS","M","M","?","M","M","R","$","E","T","M","M"],"items_purchased_type":["Relic","Relic"],"build_version":"2020-12-22","purchased_purges":1,"victory":false,"max_hp_per_floor":[75,75,75,75,75,75,75,75,75,75,75,75,75,75,75,75,75,75,75,75,75,75,75,75,75,75,75,75,75],"card_choices":[{"not_picked":["Hologram","Recycle","Stack"],"picked":"SKIP","floor":1.0},{"not_picked":["Capacitor","Conserve Battery"],"picked":"White Noise","floor":6.0},{"not_picked":["Amplify","Multi-Cast","Sunder"],"picked":"SKIP","floor":8.0},{"not_picked":["Sweeping Beam","Beam Cell"],"picked":"Genetic Algorithm","floor":11.0},{"not_picked":["Coolheaded","Barrage"],"picked":"Ball Lightning","floor":12.0},{"not_picked":["Sunder","Leap"],"picked":"Sweeping Beam","floor":13.0},{"not_picked":["Sweeping Beam","Stack","Recycle"],"picked":"SKIP","floor":14},{"not_picked":["Steam+1","Turbo"],"picked":"Defragment","floor":18},{"not_picked":["Double Energy","Aggregate","Capacitor"],"picked":"SKIP","floor":19},{"not_picked":["Turbo","Blizzard","Self Repair"],"picked":"SKIP","floor":21},{"not_picked":["Genetic Algorithm","Coolheaded"],"picked":"Melter","floor":22},{"not_picked":["Compile Driver+1","Turbo","Beam Cell"],"picked":"SKIP","floor":25},{"not_picked":["Conserve Battery","Turbo+1","Gash"],"picked":"SKIP","floor":27}],"player_experience":347878,"relics_obtained":[{"floor":6.0,"key":"Pen Nib"},{"floor":8.0,"key":"Letter Opener"},{"floor":9.0,"key":"War Paint"},{"floor":11.0,"key":"Odd Mushroom"},{"floor":13.0,"key":"Bird Faced Urn"},{"floor":25,"key":"Juzu Bracelet"},{"floor":26,"key":"Art of War"}],"event_choices":[{"damage_healed":0.0,"max_hp_gain":0.0,"max_hp_loss":0.0,"gold_gain":0.0,"event_name":"Golden Idol","player_choice":"Take Damage","floor":2.0,"gold_loss":0.0,"damage_taken":18.0,"relics_obtained":["Golden Idol"]},{"damage_healed":0.0,"max_hp_gain":0.0,"max_hp_loss":0.0,"gold_gain":0.0,"event_name":"Scrap Ooze","player_choice":"Success","floor":3.0,"gold_loss":0.0,"damage_taken":3.0,"relics_obtained":["Smiling Mask"]},{"damage_healed":0.0,"max_hp_gain":0.0,"max_hp_loss":0.0,"gold_gain":175.0,"event_name":"Liars Game","player_choice":"AGREE","floor":5.0,"gold_loss":0.0,"damage_taken":0.0,"cards_obtained":["Doubt"]},{"damage_healed":0.0,"max_hp_gain":0.0,"max_hp_loss":0.0,"gold_gain":0.0,"event_name":"Mushrooms","player_choice":"Fought Mushrooms","floor":11.0,"gold_loss":0.0,"damage_taken":0.0},{"damage_healed":0.0,"max_hp_gain":0.0,"max_hp_loss":0.0,"gold_gain":0.0,"event_name":"Dead Adventurer","player_choice":"Searched \u00271\u0027 times","floor":13.0,"gold_loss":0.0,"damage_taken":0.0},{"damage_healed":0,"gold_gain":0,"player_choice":"Ignored","damage_taken":0,"max_hp_gain":0,"max_hp_loss":0,"event_name":"Ghosts","floor":20,"gold_loss":0}],"is_beta":false,"boss_relics":[{"not_picked":["Philosopher\u0027s Stone","Velvet Choker"],"picked":"Inserter"}],"items_purged_floors":[24],"is_endless":false,"potions_floor_spawned":[6,8,12,18,19,25],"killed_by":"3 Cultists","ascension_level":4}}