{"host":"8nqgve6y8ahjd8xo","time":1608815420,"event":{"mods":["ATMod(阿瑾Mod)","AchievementEnabler","Act Like it!","BaseMod","Better Vampires","Better-Laid Plans","Colored Map","Colored Powertips","Minty Spire (QoL Compilation)","MostiFishMod","Pale of the Ancients","Quick Restart","Red Circlet Mod","RumiaBox-露米娅的神秘盒子","Ryuuou龙王","Shop Mod","StSLib","TestMod","Uncapped","Waifu the Spire","[功能]功能增强和修复MOD","【功能Mod】Neow奖励","【功能Mod】混沌之环修复补丁","【遗物Mod】死灵法师NEW","【遗物Mod】简单游戏","【遗物卡牌】REMEMod","没有小屋子和绿帽子啦","篝火指南"],"gold_per_floor":[119,519,536,563,581,607,682,715,715,640,534,564,582,630,630,707,707,722,594,594,607,622,622,534,562,562,576,576,603,622,641,641,716,716,727,746,746,757,777,806,500,500,526,552,552,584,584,596,596,596,596,596],"floor_reached":51,"playtime":2107,"items_purged":["Strike_R","Strike_R","Strike_R","Defend_R"],"score":1869,"play_id":"c6835721-305b-426a-b29a-657e4898f164","local_time":"20201224211020","is_ascension_mode":true,"campfire_choices":[{"data":"Armaments","floor":15.0,"key":"SMITH"},{"data":"Entrench","floor":23.0,"key":"SMITH"},{"data":"Burning Pact","floor":28.0,"key":"SMITH"},{"data":"Feel No Pain","floor":32.0,"key":"SMITH"},{"data":"Power Through","floor":42,"key":"SMITH"},{"data":"REME_Scribble","floor":47,"key":"SMITH"},{"data":"Pommel Strike","floor":49,"key":"SMITH"}],"circlet_count":0,"master_deck":["AscendersBane","Defend_R","Defend_R","Bash","AT_FamilyPortrait","DevaForm","Shrug It Off","Feel No Pain+1","REME_FearOfPain","Armaments+1","Burning Pact+1","REME_Cut+1","Pommel Strike+1","Sword Boomerang","Barricade+1","Dark Embrace+1","Entrench+1","MostiFishMod:WingOfPhoenix+1","Second Wind+1","Clumsy","REME_Scribble+1","Body Slam+1","Power Through+1","Pain"],"relics":["DaveBox","EasyRelic","AT_ATBox","REME_ComplimentaryCards","testmod-GiftOfSatan","RhineCircuit","ShadowXiaoBlade","SynthV:TestCard","AT_EbonyIvory","testmod-DragonStarHat","ZombieArmy","AT_GuinsooRageblade","Frozen Egg 2","Cursed Key","REME_HandOfSuture","Pantograph","GodSword3","REME_ChargedStone","testmod-OneHitWonder","GodSword7","Strawberry","ThornShield","Oddly Smooth Stone"],"acts_visited":["Exordium","TheCity","TheBeyond"],"potions_floor_usage":[38],"damage_taken":[{"damage":0.0,"enemies":"Small Slimes","floor":1.0,"turns":3.0},{"damage":12.0,"enemies":"Jaw Worm","floor":3.0,"turns":2.0},{"damage":0.0,"enemies":"Cultist","floor":5.0,"turns":2.0},{"damage":23.0,"enemies":"3 Sentries","floor":6.0,"turns":4.0},{"damage":0.0,"enemies":"Gremlin Nob","floor":8.0,"turns":2.0},{"damage":0.0,"enemies":"3 Sentries","floor":12.0,"turns":3.0},{"damage":16.0,"enemies":"3 Louse","floor":13.0,"turns":2.0},{"damage":0.0,"enemies":"Blue Slaver","floor":14.0,"turns":1.0},{"damage":0.0,"enemies":"Slime Boss","floor":16.0,"turns":3.0},{"damage":0.0,"enemies":"Chosen","floor":18.0,"turns":2.0},{"damage":10.0,"enemies":"2 Thieves","floor":21.0,"turns":2.0},{"damage":1.0,"enemies":"Cultist and Chosen","floor":22.0,"turns":3.0},{"damage":0.0,"enemies":"Gremlin Leader","floor":25.0,"turns":5.0},{"damage":12.0,"enemies":"Snake Plant","floor":27.0,"turns":3.0},{"damage":21.0,"enemies":"Slavers","floor":29.0,"turns":2.0},{"damage":0.0,"enemies":"Snecko","floor":30.0,"turns":2.0},{"damage":0.0,"enemies":"Chosen and Byrds","floor":31.0,"turns":2.0},{"damage":41.0,"enemies":"Automaton","floor":33.0,"turns":6.0},{"damage":4,"enemies":"Orb Walker","floor":35,"turns":2},{"damage":33,"enemies":"3 Darklings","floor":36,"turns":3},{"damage":24,"enemies":"Writhing Mass","floor":38,"turns":4},{"damage":2,"enemies":"Maw","floor":39,"turns":4},{"damage":4,"enemies":"Giant Head","floor":40,"turns":5},{"damage":59,"enemies":"Reptomancer","floor":44,"turns":3},{"damage":6,"enemies":"Nemesis","floor":46,"turns":2},{"damage":3,"enemies":"Spire Growth","floor":48,"turns":3},{"damage":115,"enemies":"Time Eater","floor":50,"turns":5},{"damage":66,"enemies":"Donu and Deca","floor":51,"turns":4}],"seed_played":"7642270382091857449","potions_obtained":[{"floor":3.0,"key":"SpeedPotion"},{"floor":3.0,"key":"ColorlessPotion"},{"floor":12.0,"key":"REME_GoldPotion"},{"floor":14.0,"key":"Explosive Potion"},{"floor":22.0,"key":"DuplicationPotion"},{"floor":33.0,"key":"testmod-TimePotion"},{"floor":39,"key":"CultistPotion"}],"is_trial":false,"path_per_floor":["M","?","M","T","M","E","?","E","T","?","$","E","M","M","R","B",null,"M","$","?","M","M","R","$","E","T","M","R","E","M","M","R","B",null,"M","M","?","M","M","E","$","R","T","E","?","E","R","M","R","B","B"],"character_chosen":"IRONCLAD","items_purchased":["Burning Pact","Dark Embrace+1","GodSword7"],"campfire_rested":0,"item_purchase_floors":[11,19,41],"current_hp_per_floor":[80,80,79,79,89,94,83,97,97,97,97,103,87,87,87,87,101,105,105,105,108,107,107,107,107,107,99,99,78,90,90,90,84,105,107,79,122,100,100,105,105,105,112,59,59,53,53,50,50,16,0,0],"gold":596,"neow_bonus":"BOSS_RELIC","is_daily":false,"chose_seed":false,"campfire_upgraded":7,"win_rate":0.0,"timestamp":1608815420,"path_taken":["M","?","M","?","?","E","?","E","T","?","?","E","M","M","R","BOSS","M","?","?","M","M","R","$","E","T","M","R","E","M","M","R","BOSS","M","M","?","?","M","E","$","R","T","E","?","E","R","M","R","BOSS","BOSS"],"items_purchased_type":["Card","Card","Relic"],"build_version":"2020-12-22","purchased_purges":4,"victory":false,"max_hp_per_floor":[80,80,85,85,90,100,100,105,105,105,105,105,105,105,105,105,105,105,105,105,112,112,112,112,112,112,112,112,112,112,112,112,112,112,112,112,122,124,126,128,128,128,135,137,137,137,137,137,137,143,146,146],"card_choices":[{"not_picked":["Headbutt","Flex"],"picked":"Shrug It Off","floor":1.0},{"not_picked":["Wild Strike","AT_BodySlamDance","Clash","Pummel"],"picked":"Feel No Pain","floor":3.0},{"not_picked":["Clash","Feel No Pain","Battle Trance","Flex"],"picked":"REME_FearOfPain","floor":5.0},{"not_picked":["Uppercut","Anger","Clothesline","AT_IchimonjiDouble","Battle Trance"],"picked":"SKIP","floor":6.0},{"not_picked":["Uppercut","Anger","Clothesline","AT_IchimonjiDouble","Battle Trance"],"picked":"SKIP","floor":6.0},{"not_picked":["Seeing Red","Pummel","Warcry","Spot Weakness"],"picked":"Armaments","floor":8.0},{"not_picked":["Havoc","Clothesline","Headbutt","Rage"],"picked":"REME_Cut+1","floor":12.0},{"not_picked":["Seeing Red","Double Tap","Rupture+1","Shrug It Off"],"picked":"Pommel Strike","floor":13.0},{"not_picked":["Havoc","Intimidate","Heavy Blade","Armaments"],"picked":"Sword Boomerang","floor":14.0},{"not_picked":["MostiFishMod:OrdinaryWorld","Double Tap","MostiFishMod:FlyOverUtopia","REME_TheLastStrike"],"picked":"Barricade+1","floor":16.0},{"not_picked":["Combust+1","Rage","AT_IchimonjiDouble","Ghostly Armor+1","Perfected Strike"],"picked":"SKIP","floor":18.0},{"not_picked":["Warcry+1","MostiFishMod:#F4004","Havoc+1","Pommel Strike"],"picked":"Entrench","floor":21.0},{"not_picked":["Sentinel","Havoc","Iron Wave+1","REME_FearOfPain+1"],"picked":"MostiFishMod:WingOfPhoenix+1","floor":22.0},{"not_picked":["Intimidate","Iron Wave","AT_BodySlamDance","Havoc"],"picked":"Second Wind+1","floor":25.0},{"not_picked":["Clash","Twin Strike","Sword Boomerang","True Grit","Clothesline+1"],"picked":"SKIP","floor":27.0},{"not_picked":["Sword Boomerang+1","Havoc","Twin Strike","Armaments","MostiFishMod:404NotFound"],"picked":"SKIP","floor":29.0},{"not_picked":["Iron Wave","Heavy Blade","True Grit","Perfected Strike","Blood for Blood"],"picked":"SKIP","floor":30.0},{"not_picked":["REME_SingleHolding","Heavy Blade","Sentinel+1","Warcry","True Grit+1"],"picked":"SKIP","floor":31.0},{"not_picked":["Impervious","MostiFishMod:DarkDeal","Reaper","MostiFishMod:UltimateDefense"],"picked":"MostiFishMod:RacingGame","floor":33.0},{"not_picked":["Sword Boomerang","Headbutt","Battle Trance+1","Anger"],"picked":"REME_Scribble","floor":35},{"not_picked":["Burning Pact","Heavy Blade","AT_DrawKnifeCut+1","Clash+1"],"picked":"Body Slam+1","floor":36},{"not_picked":["Clothesline+1","Rampage","Headbutt","Heavy Blade","Rage"],"picked":"SKIP","floor":38},{"not_picked":["AT_IchimonjiDouble","Cleave","Clothesline","Clash+1","Twin Strike"],"picked":"SKIP","floor":39},{"not_picked":["Iron Wave","Cleave","MostiFishMod:Mania+1","AT_ShrugMaster+1"],"picked":"Power Through","floor":40},{"not_picked":["Power Through","Iron Wave","Wild Strike","Disarm","MostiFishMod:#F4004"],"picked":"SKIP","floor":44},{"not_picked":["Double Tap","Dropkick","Sword Boomerang","Flex","Body Slam"],"picked":"SKIP","floor":46},{"not_picked":["Clothesline+1","Clash","Flex+1","Pummel+1","MostiFishMod:#F4004"],"picked":"SKIP","floor":48}],"player_experience":1307858,"relics_obtained":[{"floor":1.0,"key":"SynthV:TestCard"},{"floor":4.0,"key":"AT_EbonyIvory"},{"floor":6.0,"key":"testmod-DragonStarHat"},{"floor":8.0,"key":"ZombieArmy"},{"floor":9.0,"key":"AT_GuinsooRageblade"},{"floor":12.0,"key":"Frozen Egg 2"},{"floor":25.0,"key":"REME_HandOfSuture"},{"floor":26.0,"key":"Pantograph"},{"floor":29.0,"key":"GodSword3"},{"floor":40,"key":"testmod-OneHitWonder"},{"floor":43,"key":"Strawberry"},{"floor":44,"key":"ThornShield"},{"floor":46,"key":"Oddly Smooth Stone"}],"event_choices":[{"damage_healed":0.0,"max_hp_gain":0.0,"max_hp_loss":0.0,"gold_gain":400.0,"event_name":"恩洛斯的盘子","player_choice":"Sell","floor":2.0,"relics_lost":["testmod-TestBox"],"gold_loss":0.0,"damage_taken":0.0},{"damage_healed":0.0,"max_hp_gain":0.0,"max_hp_loss":0.0,"gold_gain":75.0,"event_name":"World of Goop","player_choice":"Gather Gold","floor":7.0,"gold_loss":0.0,"damage_taken":11.0},{"cards_removed":["Strike_R"],"damage_healed":0.0,"max_hp_gain":0.0,"max_hp_loss":0.0,"gold_gain":0.0,"event_name":"The Cleric","player_choice":"Card Removal","floor":10.0,"gold_loss":75.0,"damage_taken":0.0},{"cards_removed":["Strike_R"],"damage_healed":0.0,"max_hp_gain":0.0,"max_hp_loss":0.0,"gold_gain":0.0,"event_name":"Back to Basics","player_choice":"Elegance","floor":20.0,"gold_loss":0.0,"damage_taken":0.0},{"cards_removed":["MostiFishMod:RacingGame"],"damage_healed":33,"gold_gain":0,"player_choice":"Offered Rare","damage_taken":0,"max_hp_gain":10,"max_hp_loss":0,"event_name":"Bonfire Elementals","floor":37,"gold_loss":0},{"cards_removed":["Defend_R"],"damage_healed":0,"gold_gain":0,"player_choice":"Removed Skill","damage_taken":0,"max_hp_gain":0,"max_hp_loss":0,"event_name":"Falling","floor":45,"gold_loss":0}],"is_beta":false,"boss_relics":[{"not_picked":["testmod-EnergyCheck","Runic Cube"],"picked":"Cursed Key"},{"not_picked":["testmod-Nine","Calling Bell"],"picked":"REME_ChargedStone"}],"items_purged_floors":[11,19,24,41],"is_endless":false,"potions_floor_spawned":[3,3,6,6,8,12,12,12,13,13,14,14,16,16,18,22,22,25,25,27,29,30,31,31,33,36,36,39,39,39,40,44,44,46,48],"killed_by":"Donu and Deca","ascension_level":20}}