{"host":"m3herrhkesxm9ooc","time":1608792394,"event":{"mods":["BaseMod","Hermit","Minty Spire (QoL Compilation)","StSLib","The Hierophant"],"gold_per_floor":[116,116,116,134,11,37,37,37,106,106,18,52,52,66,66,159,159,180,201,201,88,103,103,126,126,152,7,21,39,39,74,74,74,74],"floor_reached":33,"playtime":1337,"items_purged":[],"score":503,"play_id":"c8f20889-16a9-432d-a096-693d45147bc9","local_time":"20201224154634","is_ascension_mode":true,"campfire_choices":[{"floor":8.0,"key":"REST"},{"floor":10.0,"key":"REST"},{"floor":13.0,"key":"REST"},{"floor":15.0,"key":"REST"},{"floor":23.0,"key":"REST"},{"floor":25.0,"key":"REST"},{"floor":32,"key":"REST"}],"circlet_count":0,"master_deck":["AscendersBane","hermit:Strike_Hermit","hermit:Strike_Hermit","hermit:Strike_Hermit","hermit:Strike_Hermit","hermit:Defend_Hermit","hermit:Defend_Hermit+1","hermit:Defend_Hermit","hermit:Defend_Hermit+1","hermit:Snapshot","hermit:Covet","hermit:Maintenance+1","hermit:HighCaliber","hermit:Determination","hermit:Enervate","Injury","hermit:FlashPowder","hermit:Deadeye","hermit:Virtue","hermit:RoundhouseKick","hermit:Ricochet+1","hermit:ShadowCloak","hermit:Glare","hermit:LoneWolf","hermit:BodyArmor","hermit:FullyLoaded+1"],"relics":["hermit:Momento","Mummified Hand","Golden Idol","Shuriken","Potion Belt","hermit:BartenderGlass","Enchiridion","hermit:Horseshoe","Juzu Bracelet","Vajra","Kunai"],"acts_visited":["Exordium","TheCity"],"potions_floor_usage":[31,33,33],"damage_taken":[{"damage":12.0,"enemies":"Small Slimes","floor":1.0,"turns":4.0},{"damage":4.0,"enemies":"Jaw Worm","floor":4.0,"turns":4.0},{"damage":27.0,"enemies":"Gremlin Nob","floor":6.0,"turns":4.0},{"damage":17.0,"enemies":"3 Sentries","floor":12.0,"turns":9.0},{"damage":0.0,"enemies":"Cultist","floor":14.0,"turns":3.0},{"damage":22.0,"enemies":"The Guardian","floor":16.0,"turns":9.0},{"damage":8.0,"enemies":"Chosen","floor":18.0,"turns":6.0},{"damage":17.0,"enemies":"2 Thieves","floor":19.0,"turns":3.0},{"damage":0.0,"enemies":"Centurion and Healer","floor":22.0,"turns":6.0},{"damage":20.0,"enemies":"Shelled Parasite and Fungi","floor":24.0,"turns":5.0},{"damage":0.0,"enemies":"Snake Plant","floor":28.0,"turns":3.0},{"damage":12.0,"enemies":"Cultist and Chosen","floor":29.0,"turns":5.0},{"damage":17,"enemies":"Colosseum Slavers","floor":30,"turns":6},{"damage":38,"enemies":"Book of Stabbing","floor":31,"turns":6},{"damage":47,"enemies":"Automaton","floor":33,"turns":10}],"seed_played":"216193195637792110","potions_obtained":[{"floor":1.0,"key":"ColorlessPotion"},{"floor":6.0,"key":"LiquidMemories"},{"floor":14.0,"key":"Fruit Juice"},{"floor":18.0,"key":"LiquidBronze"},{"floor":28.0,"key":"DistilledChaos"},{"floor":31,"key":"hermit:Tonic"}],"is_trial":false,"path_per_floor":["M","?","?","M","$","E","?","R","T","R","$","E","R","M","R","B",null,"M","M","?","?","M","R","M","R","T","$","M","M","?","E","R","B"],"character_chosen":"HERMIT","items_purchased":["hermit:Determination","Block Potion","hermit:FlashPowder","hermit:Tonic","Vajra"],"campfire_rested":7,"item_purchase_floors":[5,5,11,11,27],"current_hp_per_floor":[59,59,36,32,32,5,5,28,28,51,51,34,57,57,78,61,78,70,58,37,37,37,63,43,69,69,69,69,57,40,2,28,0,0],"gold":74,"neow_bonus":"TEN_PERCENT_HP_BONUS","is_daily":false,"chose_seed":false,"campfire_upgraded":0,"win_rate":0.0,"timestamp":1608792394,"path_taken":["M","?","?","M","?","E","?","R","T","R","$","E","R","?","R","BOSS","M","?","?","?","M","R","?","R","T","?","M","M","?","E","R","BOSS"],"items_purchased_type":["Card","Potion","Card","Potion","Relic"],"build_version":"2020-12-22","purchased_purges":0,"victory":false,"max_hp_per_floor":[78,78,78,78,78,78,78,78,78,78,78,78,78,78,78,83,83,83,88,88,88,88,88,88,88,88,88,88,88,88,88,88,93,93],"card_choices":[{"not_picked":["hermit:SprayPray","hermit:Coalescence"],"picked":"hermit:Maintenance","floor":1.0},{"not_picked":["hermit:Malice","hermit:GoldenBullet"],"picked":"hermit:HighCaliber","floor":4.0},{"not_picked":["hermit:Midnight","hermit:Desperado"],"picked":"hermit:Enervate","floor":6.0},{"not_picked":["hermit:Malice","hermit:Spite"],"picked":"hermit:Deadeye","floor":12.0},{"not_picked":["hermit:Vantage","hermit:BodyArmor"],"picked":"hermit:Virtue","floor":14.0},{"not_picked":["hermit:Reprieve","hermit:Adapt"],"picked":"hermit:RoundhouseKick","floor":16.0},{"not_picked":["hermit:Malice+1","hermit:FlashPowder+1"],"picked":"hermit:Ricochet+1","floor":18.0},{"not_picked":["hermit:Headshot","hermit:Glare"],"picked":"hermit:ShadowCloak","floor":19.0},{"not_picked":["hermit:Headshot+1","hermit:CalledShot"],"picked":"hermit:Glare","floor":22.0},{"not_picked":["hermit:Desperado","hermit:HoleUp"],"picked":"hermit:LoneWolf","floor":24.0},{"not_picked":["hermit:Quickdraw","hermit:Virtue","hermit:Roulette"],"picked":"SKIP","floor":28.0},{"not_picked":["hermit:DeadMansHand","hermit:Glare+1"],"picked":"hermit:BodyArmor","floor":29.0},{"not_picked":["hermit:Cheat","hermit:Ricochet"],"picked":"hermit:FullyLoaded+1","floor":31}],"player_experience":650975,"relics_obtained":[{"floor":6.0,"key":"Mummified Hand"},{"floor":9.0,"key":"Shuriken"},{"floor":12.0,"key":"Potion Belt"},{"floor":20.0,"key":"Enchiridion"},{"floor":26.0,"key":"Juzu Bracelet"},{"floor":31,"key":"Kunai"}],"event_choices":[{"damage_healed":0.0,"max_hp_gain":0.0,"max_hp_loss":0.0,"gold_gain":0.0,"event_name":"Living Wall","player_choice":"Grow","floor":2.0,"gold_loss":0.0,"damage_taken":0.0,"cards_upgraded":["hermit:Maintenance"]},{"damage_healed":0.0,"max_hp_gain":0.0,"max_hp_loss":0.0,"gold_gain":0.0,"event_name":"Shining Light","player_choice":"Entered Light","floor":3.0,"gold_loss":0.0,"damage_taken":23.0,"cards_upgraded":["hermit:Defend_Hermit","hermit:Defend_Hermit"]},{"damage_healed":0.0,"max_hp_gain":0.0,"max_hp_loss":0.0,"gold_gain":0.0,"event_name":"Golden Idol","player_choice":"Take Wound","floor":7.0,"gold_loss":0.0,"damage_taken":0.0,"relics_obtained":["Golden Idol"],"cards_obtained":["Injury"]},{"damage_healed":0.0,"max_hp_gain":0.0,"max_hp_loss":0.0,"gold_gain":0.0,"event_name":"Cursed Tome","player_choice":"Obtained Book","floor":20.0,"gold_loss":0.0,"damage_taken":21.0},{"damage_healed":0.0,"max_hp_gain":0.0,"max_hp_loss":0.0,"gold_gain":0.0,"event_name":"WeMeetAgain","player_choice":"Paid Gold","floor":21.0,"gold_loss":113.0,"damage_taken":0.0,"relics_obtained":["hermit:Horseshoe"]},{"damage_healed":0,"gold_gain":0,"player_choice":"Fight","damage_taken":0,"max_hp_gain":0,"max_hp_loss":0,"event_name":"Colosseum","floor":30,"gold_loss":0},{"damage_healed":0,"gold_gain":0,"player_choice":"Fled From Nobs","damage_taken":0,"max_hp_gain":0,"max_hp_loss":0,"event_name":"Colosseum","floor":30,"gold_loss":0}],"is_beta":false,"boss_relics":[{"not_picked":["Black Star","Pandora\u0027s Box"],"picked":"hermit:BartenderGlass"}],"items_purged_floors":[],"is_endless":false,"potions_floor_spawned":[1,6,14,18,28,30,31],"killed_by":"Automaton","ascension_level":15}}