{"host":"jpcy2bclvs7juczu","time":1608768461,"event":{"mods":["AchievementEnabler","BaseMod","Block Reminder","Colored Powertips","Minty Spire (QoL Compilation)","Quick Restart","Relic Stats","ojb\u0027s Better Paths Mod","ojb\u0027s Info Mod","slay the spire mod where everything is the same but ironclad has a cowboy hat"],"gold_per_floor":[115,133,133,150,164,164,195,195,195,195,195,195],"floor_reached":11,"playtime":345,"items_purged":[],"score":146,"play_id":"51f98159-feb2-4cc9-9b54-59594f321e13","local_time":"20201224000741","is_ascension_mode":true,"campfire_choices":[{"data":"Wild Strike","floor":6.0,"key":"SMITH"},{"data":"Whirlwind","floor":8.0,"key":"SMITH"},{"data":"Bash","floor":10.0,"key":"SMITH"}],"circlet_count":0,"master_deck":["AscendersBane","Strike_R","Strike_R","Strike_R","Strike_R","Strike_R","Defend_R","Defend_R","Defend_R","Defend_R","Bash+1","Burning Pact","Wild Strike+1","Whirlwind+1","Rage"],"relics":["Runic Pyramid","Oddly Smooth Stone","Eternal Feather","Bag of Marbles"],"acts_visited":["Exordium"],"potions_floor_usage":[],"damage_taken":[{"damage":6.0,"enemies":"Jaw Worm","floor":1.0,"turns":6.0},{"damage":0.0,"enemies":"2 Louse","floor":2.0,"turns":2.0},{"damage":0.0,"enemies":"Small Slimes","floor":4.0,"turns":5.0},{"damage":4.0,"enemies":"Blue Slaver","floor":5.0,"turns":4.0},{"damage":38.0,"enemies":"Lagavulin","floor":7.0,"turns":9.0},{"damage":39,"enemies":"Gremlin Nob","floor":11,"turns":3}],"seed_played":"-8867446907243967473","potions_obtained":[{"floor":4.0,"key":"Ancient Potion"}],"is_trial":false,"path_per_floor":["M","M","?","M","M","R","E","R","T","R","E"],"character_chosen":"IRONCLAD","items_purchased":[],"campfire_rested":0,"item_purchase_floors":[],"current_hp_per_floor":[62,62,44,44,40,40,2,11,11,20,0,0],"gold":195,"neow_bonus":"BOSS_RELIC","is_daily":false,"chose_seed":false,"campfire_upgraded":3,"win_rate":0.0,"timestamp":1608768461,"path_taken":["M","M","?","M","M","R","E","R","T","R","E"],"items_purchased_type":[],"build_version":"2020-12-22","purchased_purges":0,"victory":false,"max_hp_per_floor":[75,75,75,75,75,75,75,75,75,75,75,75],"relic_stats":{"counters":[6,29],"Eternal Feather":18,"obtain_stats":[{"Oddly Smooth Stone":3,"Eternal Feather":7,"Bag of Marbles":9,"Burning Blood":0,"Runic Pyramid":0},{"Oddly Smooth Stone":2,"Eternal Feather":5,"Bag of Marbles":5,"Burning Blood":0,"Runic Pyramid":0},{"Oddly Smooth Stone":8,"Eternal Feather":26,"Bag of Marbles":26,"Burning Blood":0,"Runic Pyramid":0}]},"card_choices":[{"not_picked":["Warcry","Second Wind"],"picked":"Burning Pact","floor":1.0},{"not_picked":["Shrug It Off","Rupture","Armaments"],"picked":"SKIP","floor":2.0},{"not_picked":["Pommel Strike","Dropkick"],"picked":"Wild Strike","floor":4.0},{"not_picked":["Armaments","Spot Weakness"],"picked":"Whirlwind","floor":5.0},{"not_picked":["Combust","Warcry"],"picked":"Rage","floor":7.0}],"player_experience":176690,"relics_obtained":[{"floor":7.0,"key":"Eternal Feather"},{"floor":9.0,"key":"Bag of Marbles"}],"event_choices":[{"damage_healed":0.0,"max_hp_gain":0.0,"max_hp_loss":0.0,"gold_gain":0.0,"event_name":"Scrap Ooze","player_choice":"Success","floor":3.0,"gold_loss":0.0,"damage_taken":18.0,"relics_obtained":["Oddly Smooth Stone"]}],"is_beta":false,"boss_relics":[],"items_purged_floors":[],"is_endless":false,"potions_floor_spawned":[4],"killed_by":"Gremlin Nob","ascension_level":20}}