{"host":"vcrofm1hbk0ziuql","time":1608848784,"event":{"mods":["2.2 Compatiblity","BaseMod","Colored Map","DeckTracker","Downfall","Googly Eyes","Highlight Path","Minty Spire (QoL Compilation)","StSLib"],"gold_per_floor":[114,114,128,53,66,97,110,110,110,127,127,127,127,27,27,148,148,167,42,56,76,76,76],"floor_reached":22,"playtime":744,"items_purged":["Strike_R","Strike_R","Defend_R"],"score":186,"play_id":"f4737815-70c3-4da3-be4d-27717b4d477e","local_time":"20201224222624","is_ascension_mode":false,"campfire_choices":[{"data":"Bash","floor":8,"key":"SMITH"},{"data":"Intimidate","floor":11,"key":"SMITH"},{"data":"Demon Form","floor":13,"key":"SMITH"},{"floor":15,"key":"REST"}],"circlet_count":0,"master_deck":["Strike_R","Strike_R","Defend_R","Defend_R","Bash+1","Infernal Blade+1","Demon Form+1","Intimidate+1"],"relics":["Burning Blood","Unceasing Top","Champion Belt","Golden Idol","SlaversCollar"],"acts_visited":["Exordium","TheCity"],"potions_floor_usage":[6,22],"damage_taken":[{"damage":10,"enemies":"Jaw Worm","floor":1,"turns":4},{"damage":0,"enemies":"Cultist","floor":3,"turns":2},{"damage":0,"enemies":"Small Slimes","floor":5,"turns":3},{"damage":24,"enemies":"Gremlin Nob","floor":6,"turns":4},{"damage":10,"enemies":"2 Fungi Beasts","floor":7,"turns":4},{"damage":0,"enemies":"3 Louse","floor":10,"turns":1},{"damage":35,"enemies":"Hexaghost","floor":16,"turns":9},{"damage":33,"enemies":"3 Byrds","floor":18,"turns":6},{"damage":15,"enemies":"Shell Parasite","floor":20,"turns":4},{"damage":21,"enemies":"Chosen and Byrds","floor":21,"turns":5},{"damage":21,"enemies":"Centurion and Healer","floor":22,"turns":3}],"seed_played":"5221877664937506704","potions_obtained":[{"floor":1,"key":"Swift Potion"},{"floor":21,"key":"Fire Potion"}],"is_trial":false,"path_per_floor":["M","?","M","$","M","E","M","R","T","M","R","?","R","$","R","B",null,"M","$","M","M","M"],"character_chosen":"IRONCLAD","items_purchased":[],"campfire_rested":1,"item_purchase_floors":[],"current_hp_per_floor":[68,68,72,72,72,54,50,50,50,56,56,38,38,38,59,30,72,45,45,36,21,0,0],"gold":76,"neow_bonus":"REMOVE_TWO","is_daily":false,"chose_seed":false,"campfire_upgraded":3,"win_rate":0.0,"timestamp":1608848784,"path_taken":["M","?","?","$","M","E","M","R","T","M","R","?","R","$","R","BOSS","M","$","M","M","M"],"items_purchased_type":[],"build_version":"2020-12-22","purchased_purges":3,"victory":false,"max_hp_per_floor":[72,72,72,72,72,72,72,72,72,72,72,72,72,72,72,72,72,72,72,72,72,72,72],"card_choices":[{"not_picked":["Fire Breathing","Clothesline"],"picked":"Infernal Blade","floor":1},{"not_picked":["Thunderclap","Sentinel","Twin Strike"],"picked":"SKIP","floor":3},{"not_picked":["Armaments","Heavy Blade","Clothesline"],"picked":"SKIP","floor":5},{"not_picked":["Combust","Offering"],"picked":"Demon Form","floor":6},{"not_picked":["Anger","Iron Wave"],"picked":"Intimidate","floor":7},{"not_picked":["Evolve","Sword Boomerang","Flame Barrier"],"picked":"SKIP","floor":10},{"not_picked":["True Grit","Entrench","Armaments"],"picked":"SKIP","floor":18},{"not_picked":["Blood for Blood","Pommel Strike","Shrug It Off"],"picked":"SKIP","floor":20},{"not_picked":["Flex","Havoc","Shrug It Off"],"picked":"SKIP","floor":21}],"player_experience":548781,"relics_obtained":[{"floor":6,"key":"Unceasing Top"},{"floor":9,"key":"Champion Belt"}],"event_choices":[{"damage_healed":0,"gold_gain":0,"player_choice":"Upgraded","damage_taken":0,"max_hp_gain":0,"max_hp_loss":0,"event_name":"Upgrade Shrine","floor":2,"gold_loss":0,"cards_upgraded":["Infernal Blade"]},{"damage_healed":0,"gold_gain":0,"player_choice":"Take Damage","damage_taken":18,"relics_obtained":["Golden Idol"],"max_hp_gain":0,"max_hp_loss":0,"event_name":"Golden Idol","floor":12,"gold_loss":0}],"is_beta":false,"boss_relics":[{"not_picked":["Runic Pyramid","Tiny House"],"picked":"SlaversCollar"}],"items_purged_floors":[4,14,19],"is_endless":false,"potions_floor_spawned":[1,21],"killed_by":"Centurion and Healer","ascension_level":0}}