{"host":"og6lam4kt3nibbw0","time":1608828763,"event":{"mods":["AchievementEnabler","BaseMod","Colored Map","DeckTracker","Highlight Path","Keyboard Shortcuts","Minty Spire (QoL Compilation)","Permanent Neow","Quick Restart","StSLib","SuperFastMode"],"gold_per_floor":[117,117,32,32,45,80,100,110,155,173,183,202,232,252,252,329,329,308,358,119,138,138,138,167,167,241,260,272,272,272],"floor_reached":29,"playtime":1580,"items_purged":["Defend_B"],"score":518,"play_id":"d9045e26-e940-4947-a756-17670a4fe5fd","local_time":"20201225015243","is_ascension_mode":true,"campfire_choices":[{"floor":15.0,"key":"REST"},{"data":"Rainbow","floor":23.0,"key":"SMITH"},{"data":"Zap","floor":25.0,"key":"SMITH"}],"circlet_count":0,"master_deck":["AscendersBane","Strike_B","Strike_B","Defend_B","Defend_B","Zap+1","Dualcast","Amplify","BootSequence","White Noise+1","Defragment","Conserve Battery","FTL","Rainbow+1","Loop","Streamline","Static Discharge","Genetic Algorithm+1","Capacitor","Auto Shields","Thunder Strike","CurseOfTheBell","Self Repair","Auto Shields","Leap","Defragment","Chaos"],"relics":["Cracked Core","Mummified Hand","PreservedInsect","Thread and Needle","Anchor","Boot","Calling Bell","Unceasing Top","HornCleat","Art of War","War Paint","Torii"],"acts_visited":["Exordium","TheCity"],"potions_floor_usage":[],"damage_taken":[{"damage":0.0,"enemies":"2 Louse","floor":1.0,"turns":2.0},{"damage":2.0,"enemies":"Cultist","floor":5.0,"turns":4.0},{"damage":15.0,"enemies":"3 Sentries","floor":6.0,"turns":6.0},{"damage":3.0,"enemies":"Small Slimes","floor":7.0,"turns":3.0},{"damage":3.0,"enemies":"Gremlin Gang","floor":8.0,"turns":4.0},{"damage":0.0,"enemies":"Looter","floor":10.0,"turns":3.0},{"damage":6.0,"enemies":"Lots of Slimes","floor":11.0,"turns":4.0},{"damage":11.0,"enemies":"2 Fungi Beasts","floor":12.0,"turns":3.0},{"damage":4.0,"enemies":"Lagavulin","floor":13.0,"turns":5.0},{"damage":0.0,"enemies":"Blue Slaver","floor":14.0,"turns":3.0},{"damage":29.0,"enemies":"The Guardian","floor":16.0,"turns":9.0},{"damage":4.0,"enemies":"2 Thieves","floor":18.0,"turns":5.0},{"damage":11.0,"enemies":"Spheric Guardian","floor":21.0,"turns":5.0},{"damage":3.0,"enemies":"Slavers","floor":24.0,"turns":4.0},{"damage":0.0,"enemies":"Snake Plant","floor":27.0,"turns":5.0},{"damage":28.0,"enemies":"Chosen and Byrds","floor":28.0,"turns":6.0},{"damage":38,"enemies":"3 Cultists","floor":29,"turns":4}],"seed_played":"-3920985297809367635","potions_obtained":[{"floor":1.0,"key":"Weak Potion"},{"floor":5.0,"key":"AttackPotion"},{"floor":6.0,"key":"PotionOfCapacity"},{"floor":7.0,"key":"FocusPotion"},{"floor":12.0,"key":"FocusPotion"},{"floor":18.0,"key":"Energy Potion"},{"floor":27.0,"key":"Fruit Juice"}],"is_trial":false,"path_per_floor":["M","?","$","?","M","E","M","M","T","M","M","M","E","M","R","B",null,"M","?","$","M","?","R","E","R","T","M","M","M"],"character_chosen":"DEFECT","items_purchased":["Defragment","War Paint"],"campfire_rested":1,"item_purchase_floors":[3,20],"current_hp_per_floor":[64,59,59,59,57,42,39,36,36,36,30,19,15,15,34,5,49,45,45,45,34,34,34,38,38,38,45,29,0,0],"gold":272,"neow_bonus":"TRANSFORM_TWO_CARDS","is_daily":false,"chose_seed":false,"campfire_upgraded":2,"win_rate":0.0,"timestamp":1608828763,"path_taken":["M","?","$","?","M","E","M","M","T","M","M","?","E","M","R","BOSS","M","?","$","M","?","R","E","R","T","M","?","M"],"items_purchased_type":["Card","Relic"],"build_version":"2020-12-22","purchased_purges":1,"victory":false,"max_hp_per_floor":[64,64,64,64,64,64,64,64,64,64,64,64,64,64,64,64,64,64,64,64,64,64,64,64,64,64,64,69,69,69],"card_choices":[{"not_picked":["Tempest","Steam"],"picked":"White Noise","floor":1.0},{"not_picked":["Gash","Streamline"],"picked":"Conserve Battery","floor":5.0},{"not_picked":["Reprogram","Turbo"],"picked":"FTL","floor":6.0},{"not_picked":["Tempest","Leap"],"picked":"Rainbow","floor":7.0},{"not_picked":["Heatsinks","Stack"],"picked":"Loop","floor":8.0},{"not_picked":["FTL","Redo"],"picked":"Streamline","floor":10.0},{"not_picked":["Conserve Battery","Sweeping Beam"],"picked":"Static Discharge","floor":11.0},{"not_picked":["Turbo","Sweeping Beam"],"picked":"Genetic Algorithm","floor":12.0},{"not_picked":["Compile Driver","Recycle"],"picked":"Capacitor","floor":13.0},{"not_picked":["Compile Driver","Ball Lightning"],"picked":"Auto Shields","floor":14.0},{"not_picked":["Amplify","Buffer"],"picked":"Thunder Strike","floor":16.0},{"not_picked":["Steam","Conserve Battery","Ball Lightning"],"picked":"SKIP","floor":18.0},{"not_picked":["Beam Cell","Compile Driver"],"picked":"Self Repair","floor":21.0},{"not_picked":["Double Energy","Recycle"],"picked":"Leap","floor":24.0},{"not_picked":["Hologram+1","Leap"],"picked":"Defragment","floor":27.0},{"not_picked":["Steam","Undo"],"picked":"Chaos","floor":28.0}],"player_experience":831845,"relics_obtained":[{"floor":6.0,"key":"Thread and Needle"},{"floor":9.0,"key":"Anchor"},{"floor":13.0,"key":"Boot"},{"floor":17.0,"key":"Unceasing Top"},{"floor":17.0,"key":"HornCleat"},{"floor":17.0,"key":"Art of War"},{"floor":24.0,"key":"Torii"}],"event_choices":[{"damage_healed":0.0,"max_hp_gain":0.0,"max_hp_loss":0.0,"gold_gain":0.0,"event_name":"Scrap Ooze","player_choice":"Success","floor":2.0,"gold_loss":0.0,"damage_taken":5.0,"relics_obtained":["Mummified Hand"]},{"damage_healed":0.0,"max_hp_gain":0.0,"max_hp_loss":0.0,"gold_gain":0.0,"event_name":"WeMeetAgain","player_choice":"Gave Potion","floor":4.0,"gold_loss":0.0,"damage_taken":0.0,"relics_obtained":["PreservedInsect"]},{"damage_healed":0.0,"max_hp_gain":0.0,"max_hp_loss":0.0,"gold_gain":50.0,"event_name":"Nest","player_choice":"Stole From Cult","floor":19.0,"gold_loss":0.0,"damage_taken":0.0},{"damage_healed":0.0,"max_hp_gain":0.0,"max_hp_loss":0.0,"gold_gain":0.0,"cards_transformed":["Strike_B"],"event_name":"Transmorgrifier","player_choice":"Transformed","floor":22.0,"gold_loss":0.0,"damage_taken":0.0,"cards_obtained":["Auto Shields"]}],"is_beta":false,"boss_relics":[{"not_picked":["Velvet Choker","Runic Dome"],"picked":"Calling Bell"}],"items_purged_floors":[20],"is_endless":false,"potions_floor_spawned":[1,5,6,7,12,18,24,27],"killed_by":"3 Cultists","ascension_level":20}}