{"host":"ipcfr4ajj2jkxvg7","time":1608811722,"event":{"mods":["BaseMod","Colored Powertips","GifTheSpireLib","Marisa（F雨　魔理沙）","Minty Spire (QoL Compilation)","Quick Restart","Remilia（蕾米莉亚）","Replay The Spire","RumiaBox-露米娅的神秘盒子","StSLib"],"gold_per_floor":[109,150,168,47,61,89,103,131,131,131,162,162,162,182,182,255,255,271,271,291,142,153,178,178,212,235,160,35,53,53,70,70,141,141,153,167,17,17,33,58,58,78,132,164,182,208,221,240,240,240,240,240,18,49,49,49],"floor_reached":55,"playtime":1504,"items_purged":["Defend_MRS","Voices","Defend_MRS","Strike_MRS","Defend_MRS"],"score":1546,"play_id":"d2310cfe-8068-4bcd-8e39-a3554634e8cb","local_time":"20201224200842","is_ascension_mode":true,"campfire_choices":[{"data":"MilkyWay","floor":10.0,"key":"SMITH"},{"data":"EarthLightRay","floor":13.0,"key":"SMITH"},{"data":"MilkyWay","floor":15.0,"key":"SMITH"},{"data":"MaximisePower","floor":24.0,"key":"SMITH"},{"data":"MilkyWay","floor":30.0,"key":"SMITH"},{"data":"EnergyFlow","floor":32.0,"key":"SMITH"},{"floor":49.0,"key":"RECALL"},{"data":"OrrerysSun","floor":52,"key":"SMITH"}],"circlet_count":0,"master_deck":["AscendersBane","Strike_MRS","Strike_MRS","Strike_MRS","MasterSpark","UpSweep","EnergyFlow+1","Acceleration","MilkyWay+1","StarBarrage","EarthLightRay+1","MilkyWay+1","MaximisePower+1","ManaConvection","MilkyWay+1","StarBarrage","UnstableBomb","PropBag","OrrerysSun+1","MilkyWay+1","MilkyWay+1","PulseMagic+1","PowerUp+1","MilkyWay","Acceleration"],"relics":["MiniHakkero","NeowsBlessing","AddBug","SecretRecord","SecretRecord","SecretRecord","SecretRecord","SecretRecord","SecretRecord","SecretRecord","SecretRecord","SecretRecord","SecretRecord","SecretRecord","SecretRecord","SecretRecord","SecretRecord"],"acts_visited":["Exordium","TheCity","TheBeyond","TheEnding"],"potions_floor_usage":[],"damage_taken":[{"damage":0.0,"enemies":"Cultist","floor":1.0,"turns":1.0},{"damage":0.0,"enemies":"Small Slimes","floor":3.0,"turns":1.0},{"damage":0.0,"enemies":"2 Louse","floor":5.0,"turns":1.0},{"damage":8.0,"enemies":"Gremlin Nob","floor":6.0,"turns":3.0},{"damage":4.0,"enemies":"Red Slaver","floor":7.0,"turns":2.0},{"damage":8.0,"enemies":"Replay:BlueRogue","floor":8.0,"turns":5.0},{"damage":8.0,"enemies":"3 Sentries","floor":11.0,"turns":4.0},{"damage":0.0,"enemies":"Exordium Wildlife","floor":14.0,"turns":2.0},{"damage":6.0,"enemies":"The Guardian","floor":16.0,"turns":4.0},{"damage":4.0,"enemies":"2 Thieves","floor":18.0,"turns":2.0},{"damage":7.0,"enemies":"3 Byrds","floor":20.0,"turns":3.0},{"damage":7.0,"enemies":"Centurion and Healer","floor":22.0,"turns":2.0},{"damage":13.0,"enemies":"Replay:Snechameleon","floor":23.0,"turns":2.0},{"damage":25.0,"enemies":"Slavers","floor":25.0,"turns":3.0},{"damage":0.0,"enemies":"Snecko","floor":29.0,"turns":1.0},{"damage":20.0,"enemies":"Shelled Parasite and Fungi","floor":31.0,"turns":2.0},{"damage":22.0,"enemies":"Automaton","floor":33.0,"turns":5.0},{"damage":0.0,"enemies":"3 Shapes","floor":35.0,"turns":1.0},{"damage":29.0,"enemies":"3 Darklings","floor":36.0,"turns":4.0},{"damage":3.0,"enemies":"4 Shapes","floor":39.0,"turns":3.0},{"damage":12.0,"enemies":"Reptomancer","floor":40.0,"turns":4.0},{"damage":22.0,"enemies":"Writhing Mass","floor":42.0,"turns":2.0},{"damage":0.0,"enemies":"R_Hoarder","floor":44.0,"turns":2.0},{"damage":36.0,"enemies":"Transient","floor":45.0,"turns":3.0},{"damage":0.0,"enemies":"Giant Head","floor":46.0,"turns":2.0},{"damage":6.0,"enemies":"Jaw Worm Horde","floor":47.0,"turns":2.0},{"damage":6.0,"enemies":"Sphere and 2 Shapes","floor":48.0,"turns":2.0},{"damage":17,"enemies":"Donu and Deca","floor":50,"turns":3},{"damage":0,"enemies":"Shield and Spear","floor":54,"turns":2},{"damage":4,"enemies":"The Heart","floor":55,"turns":2}],"seed_played":"-4431395064570641158","potions_obtained":[{"floor":1.0,"key":"Block Potion"},{"floor":2.0,"key":"SteroidPotion"},{"floor":8.0,"key":"Venom Potion"},{"floor":11.0,"key":"DuplicationPotion"},{"floor":12.0,"key":"LifebloodPotion"},{"floor":33.0,"key":"DistilledChaos"},{"floor":46.0,"key":"Venom Potion"}],"is_trial":false,"path_per_floor":["M","?","M","$","M","E","M","E","T","R","E","?","R","M","R","B",null,"M","?","M","$","M","E","R","E","T","?","$","M","R","M","R","B",null,"M","M","$","?","M","E","?","M","T","E","M","E","M","M","R","B",null,"R","$","E","B"],"character_chosen":"MARISA","items_purchased":["MilkyWay","MilkyWay","Acceleration"],"campfire_rested":0,"item_purchase_floors":[4,21,53],"current_hp_per_floor":[63,40,40,40,40,32,28,26,26,26,25,25,25,34,34,37,62,67,67,69,69,70,57,57,42,42,42,42,52,52,42,42,31,60,70,54,54,54,66,69,66,44,44,63,27,51,45,39,39,49,62,62,62,66,62,62],"gold":49,"neow_bonus":"THREE_ENEMY_KILL","is_daily":false,"chose_seed":false,"campfire_upgraded":7,"win_rate":0.0,"timestamp":1608811722,"path_taken":["M","?","M","$","M","E","M","E","T","R","E","?","R","M","R","BOSS","M","?","M","$","M","E","R","E","T","?","$","M","R","M","R","BOSS","M","M","$","?","?","E","?","M","T","E","M","E","M","M","R","BOSS","R","$","E","BOSS"],"items_purchased_type":["Card","Card","Card"],"build_version":"2020-12-22","purchased_purges":5,"victory":false,"max_hp_per_floor":[70,70,70,70,70,70,70,70,70,70,70,70,70,70,70,70,70,70,70,70,70,70,70,70,70,70,70,70,70,70,70,70,70,70,70,70,70,70,70,70,66,66,66,66,66,66,66,66,66,66,66,66,66,66,66,66],"card_choices":[{"not_picked":["DC","UnstableBomb"],"picked":"EnergyFlow","floor":1.0},{"not_picked":["SprinkleStarSeal","DragonMeteor"],"picked":"Acceleration","floor":3.0},{"not_picked":["GravityBeat","AlicesGift"],"picked":"StarBarrage","floor":5.0},{"not_picked":["SporeBomb","LuminesStrike","CollectingQuirk"],"picked":"SKIP","floor":6.0},{"not_picked":["DarkMatter","ChargingUp"],"picked":"EarthLightRay","floor":7.0},{"not_picked":["Acceleration","WitchLeyline","LuminesStrike"],"picked":"SKIP","floor":8.0},{"not_picked":["SporeBomb","UnstableBomb"],"picked":"MilkyWay","floor":11.0},{"not_picked":["GravityBeat","CollectingQuirk","UnstableBomb"],"picked":"SKIP","floor":14.0},{"not_picked":["CollectingQuirk","CasketOfStar"],"picked":"MaximisePower","floor":16.0},{"not_picked":["Acceleration","MeteoricShower"],"picked":"ManaConvection","floor":18.0},{"not_picked":["IllusionStar","GalacticHalo","DoubleSpark"],"picked":"SKIP","floor":20.0},{"not_picked":["ShootTheMoon","MilkyWay"],"picked":"StarBarrage","floor":22.0},{"not_picked":["EventHorizon","ManaConvection","DoubleSpark+1"],"picked":"SKIP","floor":23.0},{"not_picked":["GalacticHalo","ChargeUpSpray","GravityBeat"],"picked":"SKIP","floor":25.0},{"not_picked":["OortCloud","DoubleSpark+1","BigCrunch"],"picked":"SKIP","floor":29.0},{"not_picked":["SporeBomb","6A+1"],"picked":"UnstableBomb","floor":31.0},{"not_picked":["Robbery","WitchLeyline"],"picked":"PropBag","floor":35.0},{"not_picked":["GalacticHalo+1","EarthLightRay"],"picked":"OrrerysSun","floor":36.0},{"not_picked":["LuminesStrike","GalacticHalo"],"picked":"MilkyWay+1","floor":39.0},{"not_picked":["SprinkleStarSeal","OpenUniverse+1","DarkMatter"],"picked":"SKIP","floor":40.0},{"not_picked":["GravityBeat","EnergyFlow"],"picked":"MilkyWay+1","floor":42.0},{"not_picked":["EnergyFlow+1","UnstableBomb"],"picked":"PulseMagic+1","floor":44.0},{"not_picked":["SatelliteIllusion","SporeBomb","MagicChant"],"picked":"SKIP","floor":45.0},{"not_picked":["OneTimeOff","LuminesStrike","SporeBomb+1"],"picked":"SKIP","floor":46.0},{"not_picked":["WitchOfGreed","StarBarrage"],"picked":"PowerUp+1","floor":47.0},{"not_picked":["WitchOfGreed+1","DC"],"picked":"MilkyWay","floor":48.0},{"not_picked":["DC","Singularity","NonDirectionalLaser"],"picked":"SKIP","floor":54}],"player_experience":413531,"relics_obtained":[{"floor":1.0,"key":"AddBug"},{"floor":2.0,"key":"Replay:Bottled Eggs"},{"floor":6.0,"key":"SecretRecord"},{"floor":6.0,"key":"WingedGreaves"},{"floor":8.0,"key":"SecretRecord"},{"floor":8.0,"key":"Bronze Scales"},{"floor":9.0,"key":"Divine Protection"},{"floor":11.0,"key":"GodSword6"},{"floor":19.0,"key":"Ring of Panic"},{"floor":19.0,"key":"Ring of Fury"},{"floor":20.0,"key":"SecretRecord"},{"floor":23.0,"key":"Bird Faced Urn"},{"floor":25.0,"key":"Iron Hammer"},{"floor":31.0,"key":"SecretRecord"},{"floor":35.0,"key":"SecretRecord"},{"floor":36.0,"key":"SecretRecord"},{"floor":40.0,"key":"SecretRecord"},{"floor":40.0,"key":"Whetstone"},{"floor":42.0,"key":"SecretRecord"},{"floor":43.0,"key":"Nunchaku"},{"floor":44.0,"key":"SecretRecord"},{"floor":44.0,"key":"GodSword7"},{"floor":45.0,"key":"SecretRecord"},{"floor":46.0,"key":"War Paint"},{"floor":47.0,"key":"SecretRecord"},{"floor":48.0,"key":"SecretRecord"},{"floor":54,"key":"SecretRecord"},{"floor":54,"key":"Grinning Jar"}],"event_choices":[{"damage_healed":0.0,"max_hp_gain":0.0,"max_hp_loss":0.0,"gold_gain":0.0,"event_name":"Lab","player_choice":"Got Potions","floor":12.0,"gold_loss":0.0,"damage_taken":0.0},{"cards_removed":["Defend_MRS"],"damage_healed":0.0,"max_hp_gain":0.0,"max_hp_loss":0.0,"gold_gain":0.0,"event_name":"Beggar","player_choice":"Gave Gold","floor":27.0,"gold_loss":75.0,"damage_taken":0.0},{"damage_healed":0.0,"max_hp_gain":0.0,"max_hp_loss":0.0,"gold_gain":0.0,"event_name":"WeMeetAgain","player_choice":"Gave Potion","floor":38.0,"gold_loss":0.0,"damage_taken":0.0,"relics_obtained":["CaptainsWheel"]},{"damage_healed":0.0,"max_hp_gain":0.0,"max_hp_loss":4.0,"gold_gain":0.0,"event_name":"Winding Halls","player_choice":"Max HP","floor":41.0,"gold_loss":0.0,"damage_taken":0.0}],"is_beta":false,"boss_relics":[{"not_picked":["SlaversCollar","Snecko Eye"],"picked":"Replay:Ancient Bell"},{"not_picked":["Astrolabe","EasyGame_NEW"],"picked":"BewitchedHakkero"}],"items_purged_floors":[4,21,28,37,53],"is_endless":false,"potions_floor_spawned":[1,3,5,8,11,18,23,25,33,35,36,46,54],"killed_by":"The Heart","ascension_level":15}}