{"host":"qfskrnw3pl1q86j0","time":1608845883,"event":{"mods":["BaseMod","Block Reminder","Hermit","Marisa????????","Minty Spire (QoL Compilation)","Quick Restart","Random Character Button","StSLib","The Poker Player","slay the spire mod where everything is the same but ironclad has a cowboy hat"],"gold_per_floor":[117,137,164,176,192,192,224,224,224,224,224,45,45,61,61,165,165,165,165,165,20,20,20,20,20,20,20,20,20,20,20,20,20,20,20,20,20,20,20,20,20,20,20,20,20,20,20],"floor_reached":46,"playtime":1734,"items_purged":[],"score":594,"play_id":"b6d01c89-1a5d-4ea0-af72-324fe94324c2","local_time":"20201224223803","is_ascension_mode":false,"campfire_choices":[{"data":"MasterSpark","floor":6.0,"key":"SMITH"},{"data":"StarBarrage","floor":10.0,"key":"SMITH"},{"data":"MilkyWay","floor":13.0,"key":"SMITH"},{"data":"WitchLeyline","floor":15.0,"key":"SMITH"},{"data":"ShootingEcho","floor":23.0,"key":"SMITH"},{"data":"ShootingEcho","floor":25.0,"key":"SMITH"},{"floor":27.0,"key":"REST"},{"data":"EscapeVelocity","floor":32.0,"key":"SMITH"},{"data":"SuperNova","floor":40,"key":"SMITH"}],"circlet_count":0,"master_deck":["Strike_MRS","Strike_MRS","Strike_MRS","Strike_MRS","Defend_MRS","Defend_MRS","Defend_MRS","Defend_MRS","MasterSpark+1","UpSweep","EscapeVelocity+1","WitchLeyline+1","StarlightTyphoon","StarBarrage+1","MilkyWay+1","PulseMagic","ShootingEcho+1","ShootingEcho+1","SuperNova+1","GravityBeat","DarkMatter+1","OpenUniverse+1","GrandCross+1"],"relics":["MiniHakkero","Orichalcum","Shuriken","Bottled Tornado","Oddly Smooth Stone","Ectoplasm","Membership Card","Bronze Scales","Omamori","SacredBark","AmplifyWand"],"acts_visited":["Exordium","TheCity","TheBeyond"],"potions_floor_usage":[45,45],"damage_taken":[{"damage":0.0,"enemies":"Cultist","floor":1.0,"turns":3.0},{"damage":0.0,"enemies":"2 Louse","floor":2.0,"turns":2.0},{"damage":2.0,"enemies":"Small Slimes","floor":4.0,"turns":3.0},{"damage":5.0,"enemies":"Exordium Thugs","floor":5.0,"turns":4.0},{"damage":3.0,"enemies":"Gremlin Nob","floor":7.0,"turns":4.0},{"damage":0.0,"enemies":"Exordium Wildlife","floor":8.0,"turns":1.0},{"damage":0.0,"enemies":"Gremlin Gang","floor":14.0,"turns":4.0},{"damage":40.0,"enemies":"Hexaghost","floor":16.0,"turns":8.0},{"damage":8.0,"enemies":"Shell Parasite","floor":18.0,"turns":4.0},{"damage":0.0,"enemies":"3 Byrds","floor":19.0,"turns":4.0},{"damage":12.0,"enemies":"Snake Plant","floor":22.0,"turns":3.0},{"damage":28.0,"enemies":"Slavers","floor":24.0,"turns":4.0},{"damage":9.0,"enemies":"Chosen and Byrds","floor":28.0,"turns":3.0},{"damage":11.0,"enemies":"3 Cultists","floor":30.0,"turns":3.0},{"damage":4.0,"enemies":"Cultist and Chosen","floor":31.0,"turns":3.0},{"damage":60.0,"enemies":"Champ","floor":33.0,"turns":7.0},{"damage":3,"enemies":"3 Shapes","floor":35,"turns":4},{"damage":5,"enemies":"Orb Walker","floor":37,"turns":3},{"damage":26,"enemies":"Maw","floor":38,"turns":5},{"damage":34,"enemies":"Spire Growth","floor":44,"turns":4},{"damage":3,"enemies":"Sphere and 2 Shapes","floor":45,"turns":3},{"damage":13,"enemies":"4 Shapes","floor":46,"turns":2}],"seed_played":"1265288703269873340","potions_obtained":[{"floor":2.0,"key":"AttackPotion"},{"floor":5.0,"key":"SmokeBomb"},{"floor":16.0,"key":"Swift Potion"},{"floor":19.0,"key":"Explosive Potion"},{"floor":22.0,"key":"SpeedPotion"},{"floor":24.0,"key":"Energy Potion"},{"floor":31.0,"key":"Fire Potion"},{"floor":33.0,"key":"GamblersBrew"},{"floor":44,"key":"PowerPotion"}],"is_trial":false,"path_per_floor":["M","M","T","M","M","R","E","M","T","R","?","$","R","M","R","B",null,"M","M","?","$","M","R","E","R","T","R","M","?","M","M","R","B",null,"M","$","M","M","?","R","$","?","T","M","M","M"],"character_chosen":"MARISA","items_purchased":["MilkyWay","Oddly Smooth Stone","Membership Card"],"campfire_rested":1,"item_purchase_floors":[12,12,21],"current_hp_per_floor":[75,75,75,73,68,68,65,65,65,65,65,65,65,65,65,25,75,67,67,53,53,41,41,13,13,13,37,28,80,69,65,65,5,80,77,77,72,46,46,46,46,46,46,12,9,0,0],"gold":20,"neow_bonus":"ONE_RANDOM_RARE_CARD","is_daily":false,"chose_seed":false,"campfire_upgraded":8,"win_rate":0.0,"timestamp":1608845883,"path_taken":["M","M","?","?","M","R","E","M","T","R","?","$","R","M","R","BOSS","M","M","?","$","M","R","E","R","T","R","M","?","M","M","R","BOSS","M","$","?","M","?","R","$","?","T","?","M","M"],"items_purchased_type":["Card","Relic","Relic"],"build_version":"2020-12-22","purchased_purges":0,"victory":false,"max_hp_per_floor":[75,75,75,75,75,75,75,75,75,75,75,75,75,75,75,75,75,75,75,80,80,80,80,80,80,80,80,80,80,80,80,80,80,80,80,80,80,80,80,80,80,80,80,80,80,80,80],"card_choices":[{"not_picked":["AlicesGift","LuminesStrike"],"picked":"WitchLeyline","floor":1.0},{"not_picked":["EnergyRecoil","GravityBeat","WitchOfGreed"],"picked":"SKIP","floor":2.0},{"not_picked":["WitchOfGreed","WitchLeyline","6A"],"picked":"SKIP","floor":4.0},{"not_picked":["SuperPerseids","GalacticHalo"],"picked":"StarlightTyphoon","floor":5.0},{"not_picked":["EarthLightRay","StarlightTyphoon"],"picked":"StarBarrage","floor":7.0},{"not_picked":["OrrerysSun","Acceleration"],"picked":"PulseMagic","floor":14.0},{"not_picked":["Acceleration","LuminesStrike","WitchLeyline"],"picked":"SKIP","floor":18.0},{"not_picked":["WitchOfGreed","AsteroidBelt"],"picked":"MagicChant","floor":19.0},{"not_picked":["NonDirectionalLaser","DarkSpark+1"],"picked":"ShootingEcho","floor":22.0},{"not_picked":["WitchLeyline","GrandCross"],"picked":"ShootingEcho","floor":24.0},{"not_picked":["SatelliteIllusion","EventHorizon","DC"],"picked":"SKIP","floor":28.0},{"not_picked":["EventHorizon+1","OpenUniverse","MysteriousBeam+1"],"picked":"SKIP","floor":30.0},{"not_picked":["EventHorizon+1","MysteriousBeam+1","DC"],"picked":"SKIP","floor":31.0},{"not_picked":["StarDustReverie","CollectingQuirk"],"picked":"SuperNova","floor":33.0},{"not_picked":["RefractionSpark","AlicesGift+1"],"picked":"GravityBeat","floor":35},{"not_picked":["StarBarrage","BlazeAway"],"picked":"DarkMatter+1","floor":37},{"not_picked":["ManaConvection","EnergyRecoil+1"],"picked":"OpenUniverse+1","floor":38},{"not_picked":["6A","PowerUp"],"picked":"GrandCross+1","floor":44},{"not_picked":["AbsoluteMagnitude","OneTimeOff","EnergyFlow"],"picked":"SKIP","floor":45}],"player_experience":864383,"relics_obtained":[{"floor":3.0,"key":"Orichalcum"},{"floor":7.0,"key":"Shuriken"},{"floor":9.0,"key":"Bottled Tornado"},{"floor":24.0,"key":"Bronze Scales"},{"floor":26.0,"key":"Omamori"},{"floor":43,"key":"AmplifyWand"}],"event_choices":[{"damage_healed":0.0,"max_hp_gain":0.0,"max_hp_loss":0.0,"gold_gain":0.0,"event_name":"Match and Keep!","player_choice":"0 cards matched","floor":11.0,"gold_loss":0.0,"damage_taken":0.0,"cards_obtained":[]},{"damage_healed":0.0,"max_hp_gain":5.0,"max_hp_loss":0.0,"gold_gain":0.0,"event_name":"Forgotten Altar","player_choice":"Shed Blood","floor":20.0,"gold_loss":0.0,"damage_taken":19.0},{"cards_removed":["MagicChant"],"damage_healed":52.0,"max_hp_gain":0.0,"max_hp_loss":0.0,"gold_gain":0.0,"event_name":"Bonfire Elementals","player_choice":"Offered Uncommon","floor":29.0,"gold_loss":0.0,"damage_taken":0.0},{"damage_healed":0,"gold_gain":0,"player_choice":"Ignored","damage_taken":0,"max_hp_gain":0,"max_hp_loss":0,"event_name":"Mysterious Sphere","floor":39,"gold_loss":0},{"damage_healed":0,"gold_gain":100,"player_choice":"Pray","damage_taken":0,"max_hp_gain":0,"max_hp_loss":0,"event_name":"Golden Shrine","floor":42,"gold_loss":0}],"is_beta":false,"boss_relics":[{"not_picked":["Black Star","Astrolabe"],"picked":"Ectoplasm"},{"not_picked":["Velvet Choker","Fusion Hammer"],"picked":"SacredBark"}],"items_purged_floors":[],"is_endless":false,"potions_floor_spawned":[2,5,16,19,22,24,31,33,44],"killed_by":"4 Shapes","ascension_level":0}}