{"host":"t179ovrkr5k1gnfh","time":1608853040,"event":{"mods":["AchievementEnabler","BaseMod","Colored Map","Downfall","Minty Spire (QoL Compilation)","StSLib"],"gold_per_floor":[366,422,437,77,77,77,121,121,121,164,182,206,227,262,262,382,382,400,419,519,533,8,8,48,48,48,48,48,48,48,72,72,200,500,518,541,566,899,233,233,233,246,273,327,327,357,407,439,439,439,439,439,140,170,170,170,170],"floor_reached":55,"playtime":4613,"items_purged":["Slimebound:Defend_Slimebound","Slimebound:Strike_Slimebound","Slimebound:Defend_Slimebound","Slimebound:Strike_Slimebound"],"score":1060,"play_id":"102432d9-2979-40f9-9149-55a6599b5b06","local_time":"20201225003720","is_ascension_mode":true,"campfire_choices":[{"data":"Slimebound:Split","floor":6,"key":"SMITH"},{"data":"Slimebound:CorrosiveSpit","floor":8,"key":"SMITH"},{"floor":15,"key":"REST"},{"floor":23,"key":"DIG"},{"floor":25,"key":"DIG"},{"floor":27,"key":"DIG"},{"floor":29,"key":"DIG"},{"floor":32,"key":"DIG"},{"floor":40,"key":"DIG"},{"floor":45,"key":"DIG"},{"floor":49,"key":"RECALL"},{"floor":52,"key":"REST"}],"circlet_count":0,"master_deck":["Slimebound:Strike_Slimebound","Slimebound:Tackle","Slimebound:Defend_Slimebound+1","Slimebound:Split+1","Slimebound:CorrosiveSpit+1","Slimebound:SlimeSpikes+1","Slimebound:SplitSpecialist","Slimebound:LeechEnergy","Slimebound:SplitSpecialist","Slimebound:Teamwork","Slimebound:GrowthPunch","Slimebound:RallyTheTroops","Slimebound:SplitMire","Slimebound:FormOfPuddle","Slimebound:SlimeTap","Slimebound:SlimeTap","CurseOfTheBell","Slimebound:Repurpose","Slimebound:WasteNot","Slimebound:MegaLick+1","Slimebound:SlimeBarrage+1","Slimebound:SplitSpecialist+1"],"relics":["Slimebound:AbsorbEndCombat","Mango","Slimebound:SlimedTailRelic","Shovel","MealTicket","Ginger","Fusion Hammer","Sling","Lantern","Slimebound:SlimedSkullRelic","Ornamental Fan","Anchor","Darkstone Periapt","Kunai","War Paint","Strawberry","Calling Bell","Dream Catcher","Mercury Hourglass","Old Coin","TungstenRod","InkBottle","Letter Opener","Thread and Needle","Molten Egg 2","Frozen Egg 2","Du-Vu Doll","Unceasing Top","Strange Spoon","Pen Nib"],"acts_visited":["Exordium","TheCity","TheBeyond","TheEnding"],"potions_floor_usage":[7,14,16,19,24,31,33,37,44,46,47,50],"damage_taken":[{"damage":9,"enemies":"Small Slimes","floor":1,"turns":3},{"damage":11,"enemies":"Jaw Worm","floor":3,"turns":5},{"damage":40,"enemies":"3 Sentries","floor":7,"turns":8},{"damage":18,"enemies":"Lagavulin","floor":10,"turns":7},{"damage":12,"enemies":"Cultist","floor":11,"turns":3},{"damage":8,"enemies":"Large Slime","floor":12,"turns":5},{"damage":15,"enemies":"Gremlin Gang","floor":13,"turns":5},{"damage":27,"enemies":"3 Sentries","floor":14,"turns":6},{"damage":25,"enemies":"Slime Boss","floor":16,"turns":8},{"damage":37,"enemies":"2 Thieves","floor":18,"turns":4},{"damage":16,"enemies":"Spheric Guardian","floor":19,"turns":3},{"damage":30,"enemies":"Snake Plant","floor":21,"turns":3},{"damage":30,"enemies":"Slavers","floor":24,"turns":5},{"damage":12,"enemies":"Chosen and Byrds","floor":31,"turns":6},{"damage":54,"enemies":"Collector","floor":33,"turns":9},{"damage":12,"enemies":"3 Shapes","floor":35,"turns":4},{"damage":14,"enemies":"3 Darklings","floor":36,"turns":4},{"damage":53,"enemies":"Transient","floor":37,"turns":5},{"damage":21,"enemies":"Maw","floor":42,"turns":6},{"damage":32,"enemies":"2 Orb Walkers","floor":44,"turns":4},{"damage":22,"enemies":"Nemesis","floor":46,"turns":5},{"damage":29,"enemies":"Mind Bloom Boss Battle","floor":47,"turns":4},{"damage":41,"enemies":"Giant Head","floor":48,"turns":11},{"damage":61,"enemies":"Donu and Deca","floor":50,"turns":8},{"damage":44,"enemies":"Shield and Spear","floor":54,"turns":5},{"damage":187,"enemies":"The Heart","floor":55,"turns":11}],"seed_played":"-834233830594292201","potions_obtained":[{"floor":3,"key":"EssenceOfSteel"},{"floor":12,"key":"champ:CounterPotion"},{"floor":13,"key":"SteroidPotion"},{"floor":14,"key":"SteroidPotion"},{"floor":24,"key":"ColorlessPotion"},{"floor":30,"key":"FairyPotion"},{"floor":30,"key":"Weak Potion"},{"floor":31,"key":"SteroidPotion"},{"floor":33,"key":"LiquidBronze"},{"floor":37,"key":"champ:CounterPotion"},{"floor":42,"key":"Block Potion"},{"floor":44,"key":"Block Potion"},{"floor":46,"key":"PowerPotion"}],"is_trial":false,"path_per_floor":["M","?","M","$","?","R","E","R","T","E","M","M","M","E","R","B",null,"M","M","?","M","$","R","E","R","T","R","$","R","?","M","R","B",null,"M","M","M","?","$","R","?","M","T","?","R","E","?","E","R","B",null,"R","$","E","B"],"character_chosen":"SLIMEBOUND","items_purchased":["Mango","Sling","Slimebound:SlimeTap","Lantern","PowerPotion","TungstenRod","InkBottle","Strange Spoon"],"campfire_rested":2,"item_purchase_floors":[4,22,22,22,22,39,39,53],"current_hp_per_floor":[38,38,39,53,53,53,33,33,33,37,39,41,44,39,59,44,63,50,50,50,38,53,53,47,47,47,47,62,62,62,69,76,60,78,82,82,51,51,66,66,66,80,80,75,75,82,82,58,58,41,72,82,82,69,0,0,0],"gold":170,"neow_bonus":"TWO_FIFTY_GOLD","is_daily":false,"chose_seed":false,"campfire_upgraded":2,"win_rate":0.0,"timestamp":1608853040,"path_taken":["M","?","M","$","?","R","E","R","T","E","M","?","M","E","R","BOSS","M","M","?","M","?","R","E","R","T","R","$","R","?","M","R","BOSS","M","M","?","?","$","R","?","?","T","?","R","E","?","E","R","BOSS","R","$","E","BOSS"],"items_purchased_type":["Relic","Relic","Card","Relic","Potion","Relic","Relic","Relic"],"build_version":"2020-12-22","purchased_purges":4,"victory":false,"max_hp_per_floor":[60,60,60,74,69,69,69,69,69,69,69,69,69,69,69,69,69,69,69,69,69,69,69,69,69,69,69,69,69,69,69,76,76,82,82,82,82,82,82,82,82,82,82,82,82,82,82,82,82,82,82,82,82,82,82,82,82],"card_choices":[{"not_picked":["Slimebound:PressTheAttack","Slimebound:LeechingTouch"],"picked":"Slimebound:SlimeSpikes","floor":1},{"not_picked":["Slimebound:LeechEnergy","Slimebound:SplitBruiser"],"picked":"Slimebound:SplitSpecialist","floor":3},{"not_picked":["Slimebound:LeechingTouch","Slimebound:Chomp","Slimebound:ViciousTackle"],"picked":"SKIP","floor":7},{"not_picked":["Slimebound:SamplingLick","Slimebound:LivingWall"],"picked":"Slimebound:LeechEnergy","floor":10},{"not_picked":["Slimebound:Prepare","Slimebound:DisruptingSlam"],"picked":"Slimebound:SplitSpecialist","floor":11},{"not_picked":["Slimebound:Schlurp","Slimebound:SlimeTap"],"picked":"Slimebound:Teamwork","floor":12},{"not_picked":["Slimebound:PressTheAttack","Slimebound:TongueLash"],"picked":"Slimebound:GrowthPunch","floor":13},{"not_picked":["Slimebound:LeechEnergy","Slimebound:FirmFortitude","Slimebound:LeadByExample"],"picked":"SKIP","floor":14},{"not_picked":["Slimebound:WasteNot","Slimebound:DouseInSlime"],"picked":"Slimebound:RallyTheTroops","floor":16},{"not_picked":["Slimebound:SlimeSpikes","Slimebound:SamplingLick","Slimebound:TongueLash"],"picked":"SKIP","floor":18},{"not_picked":["Slimebound:RollThrough+1","Slimebound:RainOfGoop"],"picked":"Slimebound:SplitMire","floor":19},{"not_picked":["Slimebound:Dissolve","Slimebound:SplitMire"],"picked":"Slimebound:FormOfPuddle","floor":21},{"not_picked":["Slimebound:SplitAcid+1","Slimebound:GoopTackle","Slimebound:ComboTackle"],"picked":"SKIP","floor":24},{"not_picked":["Slimebound:ViciousTackle+1","Slimebound:DisruptingSlam"],"picked":"Slimebound:SlimeTap","floor":31},{"not_picked":["Slimebound:SplitBruiser+1","Slimebound:Recollect","Slimebound:SplitAcid"],"picked":"SKIP","floor":35},{"not_picked":["Slimebound:ComboTackle+1","Slimebound:SlimeSpikes+1"],"picked":"Slimebound:Repurpose","floor":36},{"not_picked":["Slimebound:SplitAcid","Slimebound:Schlurp","Slimebound:AcidTongue"],"picked":"SKIP","floor":37},{"not_picked":["Slimebound:FlameTackle+1","Slimebound:SplitLeeching+1","Slimebound:LeechingTouch"],"picked":"SKIP","floor":42},{"not_picked":["Slimebound:ComboTackle+1","Slimebound:Repurpose"],"picked":"Slimebound:MegaLick+1","floor":46},{"not_picked":["Slimebound:LeechEnergy+1","Slimebound:SlimeTap","Slimebound:AcidTongue+1"],"picked":"SKIP","floor":48},{"not_picked":["Slimebound:LeechEnergy+1","Slimebound:DuplicatedForm+1"],"picked":"Slimebound:SlimeBarrage+1","floor":52},{"not_picked":["Slimebound:Dissolve","Slimebound:RollThrough+1"],"picked":"Slimebound:SplitSpecialist+1","floor":54}],"player_experience":155842,"relics_obtained":[{"floor":7,"key":"Slimebound:SlimedTailRelic"},{"floor":9,"key":"Shovel"},{"floor":10,"key":"MealTicket"},{"floor":14,"key":"Ginger"},{"floor":23,"key":"Slimebound:SlimedSkullRelic"},{"floor":24,"key":"Ornamental Fan"},{"floor":25,"key":"Anchor"},{"floor":26,"key":"Darkstone Periapt"},{"floor":27,"key":"Kunai"},{"floor":29,"key":"War Paint"},{"floor":32,"key":"Strawberry"},{"floor":34,"key":"Dream Catcher"},{"floor":34,"key":"Mercury Hourglass"},{"floor":34,"key":"Old Coin"},{"floor":40,"key":"Letter Opener"},{"floor":44,"key":"Thread and Needle"},{"floor":45,"key":"Molten Egg 2"},{"floor":46,"key":"Frozen Egg 2"},{"floor":47,"key":"Du-Vu Doll"},{"floor":48,"key":"Unceasing Top"},{"floor":54,"key":"Pen Nib"}],"event_choices":[{"damage_healed":0,"gold_gain":56,"player_choice":"Gained Gold","damage_taken":0,"max_hp_gain":0,"max_hp_loss":0,"event_name":"Golden Wing","floor":2,"gold_loss":0},{"damage_healed":0,"gold_gain":0,"player_choice":"Lose Max HP","damage_taken":0,"relics_obtained":["Golden Idol"],"max_hp_gain":0,"max_hp_loss":5,"event_name":"Golden Idol","floor":5,"gold_loss":0},{"damage_healed":0,"gold_gain":100,"player_choice":"Pray","damage_taken":0,"max_hp_gain":0,"max_hp_loss":0,"event_name":"Golden Shrine","floor":20,"gold_loss":0},{"damage_healed":0,"gold_gain":0,"player_choice":"Got Potions","damage_taken":0,"max_hp_gain":0,"max_hp_loss":0,"event_name":"Lab","floor":30,"gold_loss":0},{"damage_healed":0,"gold_gain":333,"player_choice":"Gave Idol","damage_taken":0,"max_hp_gain":0,"max_hp_loss":0,"event_name":"The Moai Head","floor":38,"relics_lost":["Golden Idol"],"gold_loss":0},{"damage_healed":0,"gold_gain":0,"cards_transformed":["Slimebound:Defend_Slimebound"],"player_choice":"Transformed","damage_taken":0,"max_hp_gain":0,"max_hp_loss":0,"event_name":"Transmorgrifier","floor":41,"gold_loss":0,"cards_obtained":["Slimebound:WasteNot"]},{"damage_healed":0,"gold_gain":0,"player_choice":"Fight","damage_taken":0,"max_hp_gain":0,"max_hp_loss":0,"event_name":"Mysterious Sphere","floor":44,"gold_loss":0},{"damage_healed":0,"gold_gain":0,"player_choice":"Fight","damage_taken":0,"max_hp_gain":0,"max_hp_loss":0,"event_name":"MindBloom","floor":47,"gold_loss":0}],"is_beta":false,"boss_relics":[{"not_picked":["SacredBark","SlaversCollar"],"picked":"Fusion Hammer"},{"not_picked":["Runic Dome","Philosopher\u0027s Stone"],"picked":"Calling Bell"}],"items_purged_floors":[4,22,39,53],"is_endless":false,"potions_floor_spawned":[3,12,13,14,24,31,33,37,42,44,46],"killed_by":"The Heart","ascension_level":7}}