{"host":"uclt3t1usqzz4m5p","time":1608851502,"event":{"mods":["AchievementEnabler","Arknights The Spire","BaseMod","Better Altar","Better Match","Better Sensory Stone","Better Skull","Better Third Choice","Booster Modes","Card Forge","Colored Powertips","Displayed Cursed Tome","GifTheSpireLib","Gremlin Skip","Minty Spire (QoL Compilation)","Permanent Neow","Quick Restart","StSLib","SuperFastMode","The Caster"],"gold_per_floor":[113,125,125,125,142,172,172,172,172,199,211,231,231,248,248,348,348,360,285,67,67,84,111,111,111,111,111,126,141,157,157,157,253,253,253,253],"floor_reached":35,"playtime":2197,"items_purged":[],"score":387,"play_id":"80dc2d2b-3745-4f9e-a678-d56d334449e9","local_time":"20201224151142","is_ascension_mode":false,"campfire_choices":[{"data":"caster:Meteor","floor":7,"key":"SMITH"},{"data":"caster:MeteorStorm","floor":13,"key":"SMITH"},{"data":"caster:GlacialShield","floor":15,"key":"SMITH"},{"data":"caster:Ifrit","floor":24,"key":"SMITH"},{"data":"caster:LordOfVermillion","floor":27,"key":"SMITH"},{"floor":32,"key":"REST"}],"circlet_count":0,"master_deck":["caster:Meteor+1","caster:DivertFocus","caster:strike","caster:strike","caster:defend","caster:defend","caster:defend","caster:defend","caster:defend","caster:Fireball","caster:WallOfRocks","caster:Tundra","Predator+1","caster:Sleet","caster:FrostDriver","caster:LAZER","caster:MeteorStorm+1","caster:WallOfMirrors","caster:GlacialShield+1","caster:LordOfVermillion+1","caster:ShivasGrace","caster:MeteorStorm","caster:LAZER","caster:Ifrit+1","caster:Unearth+1","caster:JupitelThunder","caster:FrostDriver+1","Dark Shackles","Mayhem","caster:ManaOverflow"],"relics":["caster:MagicBook","Hammer of Thor","Seething Fire","Anvil of the Gods","Eternal Feather","Mango","Mummified Hand","Vajra","Matryoshka","Question Card","SlaversCollar","Chemical X","Potion Belt","Vajra","InkBottle","Ornamental Fan","Snecko Eye"],"acts_visited":["Exordium","TheCity","TheBeyond"],"potions_floor_usage":[6,14,18,23,33],"damage_taken":[{"damage":0,"enemies":"Small Slimes","floor":1,"turns":4},{"damage":6,"enemies":"Jaw Worm","floor":2,"turns":3},{"damage":6,"enemies":"Cultist","floor":5,"turns":3},{"damage":18,"enemies":"Gremlin Nob","floor":6,"turns":4},{"damage":15,"enemies":"3 Sentries","floor":10,"turns":7},{"damage":0,"enemies":"Looter","floor":11,"turns":4},{"damage":0,"enemies":"Exordium Wildlife","floor":12,"turns":4},{"damage":2,"enemies":"3 Louse","floor":14,"turns":3},{"damage":19,"enemies":"The Guardian","floor":16,"turns":9},{"damage":20,"enemies":"2 Thieves","floor":18,"turns":4},{"damage":20,"enemies":"3 Byrds","floor":22,"turns":7},{"damage":8,"enemies":"Book of Stabbing","floor":23,"turns":7},{"damage":35,"enemies":"Cultist and Chosen","floor":28,"turns":7},{"damage":17,"enemies":"3 Cultists","floor":29,"turns":5},{"damage":2,"enemies":"Centurion and Healer","floor":30,"turns":6},{"damage":28,"enemies":"Champ","floor":33,"turns":7},{"damage":81,"enemies":"3 Shapes","floor":35,"turns":5}],"seed_played":"-6481643073660094991","potions_obtained":[{"floor":2,"key":"Explosive Potion"},{"floor":11,"key":"AttackPotion"},{"floor":14,"key":"Energy Potion"},{"floor":22,"key":"SteroidPotion"},{"floor":29,"key":"DuplicationPotion"},{"floor":33,"key":"Weak Potion"}],"is_trial":false,"path_per_floor":["M","M","?","?","M","E","R","?","T","E","M","M","R","M","R","B",null,"M","?","$","?","M","E","R","?","T","R","M","M","M","?","R","B",null,"M"],"character_chosen":"THE_CASTER","items_purchased":["Chemical X","caster:MeteorStorm"],"campfire_rested":1,"item_purchase_floors":[20,20],"current_hp_per_floor":[64,58,58,44,38,20,29,29,29,14,14,14,23,21,33,14,78,58,58,58,58,38,30,42,42,42,54,19,4,4,4,42,14,78,0,0],"gold":253,"neow_bonus":"THREE_CARDS","is_daily":false,"chose_seed":false,"campfire_upgraded":5,"win_rate":0.0,"timestamp":1608851502,"path_taken":["M","M","?","?","M","E","R","?","T","E","M","M","R","M","R","BOSS","M","?","$","?","M","E","R","?","T","R","M","M","?","?","R","BOSS","M"],"items_purchased_type":["Relic","Card"],"build_version":"2020-12-22","purchased_purges":0,"victory":false,"max_hp_per_floor":[64,64,64,78,78,78,78,78,78,78,78,78,78,78,78,78,78,78,78,78,78,78,78,78,78,78,78,78,78,78,78,78,78,78,78,78],"card_choices":[{"not_picked":["caster:FireWall","caster:FlashFrost"],"picked":"caster:Fireball","floor":0},{"not_picked":["caster:FrigidBeam","caster:Surge"],"picked":"caster:WallOfRocks","floor":1},{"not_picked":["caster:BloodRitual","caster:MagicWeapon"],"picked":"caster:Tundra","floor":2},{"not_picked":["caster:Enfeeble","caster:AshesToAshes"],"picked":"caster:Sleet","floor":5},{"not_picked":["caster:Ramuh","caster:MagicWeapon"],"picked":"caster:FrostDriver","floor":6},{"not_picked":["caster:MagicBarrier","caster:Surge"],"picked":"caster:LAZER","floor":10},{"not_picked":["caster:MagicWeapon","caster:MegaloSpark","caster:JupitelThunder"],"picked":"caster:MeteorStorm","floor":11},{"not_picked":["caster:LAZER","caster:MagicResonance","caster:Sleet"],"picked":"caster:WallOfMirrors","floor":12},{"not_picked":["caster:MagicWeapon","caster:FlashFrost","caster:DiablosFlame"],"picked":"caster:GlacialShield","floor":14},{"not_picked":["caster:Focusyn","caster:Demi","caster:PhoenixFlare"],"picked":"caster:LordOfVermillion","floor":16},{"not_picked":["caster:BurnItDown","caster:GlacialShield","caster:FireWall"],"picked":"caster:ShivasGrace","floor":18},{"not_picked":["caster:Sleet","caster:FlashFrost+1","caster:MagicWeapon+1"],"picked":"caster:LAZER","floor":22},{"not_picked":["caster:Barbroot","caster:WallOfThorns","caster:Embers+1"],"picked":"caster:Ifrit","floor":23},{"not_picked":["caster:FrigidBeam+1","caster:Fireball","caster:MagicBarrier"],"picked":"caster:Unearth+1","floor":28},{"not_picked":["caster:SpontaneousCombustion","caster:Elementalize","caster:LAZER+1"],"picked":"caster:JupitelThunder","floor":29},{"not_picked":["caster:MagicWeapon","caster:LAZER+1","caster:Charge"],"picked":"caster:FrostDriver+1","floor":30},{"not_picked":["Swift Strike","Blind","Purity"],"picked":"Dark Shackles","floor":31},{"not_picked":["Secret Weapon","Enlightenment","Mind Blast"],"picked":"Mayhem","floor":31},{"not_picked":["caster:ShortenedChant","caster:GateOfBabylon","caster:Ramuh"],"picked":"caster:ManaOverflow","floor":33}],"player_experience":550886,"relics_obtained":[{"floor":6,"key":"Mummified Hand"},{"floor":9,"key":"Matryoshka"},{"floor":10,"key":"Question Card"},{"floor":23,"key":"Potion Belt"},{"floor":26,"key":"InkBottle"},{"floor":26,"key":"Ornamental Fan"}],"event_choices":[{"damage_healed":0,"gold_gain":0,"cards_transformed":["caster:strike"],"player_choice":"Change","damage_taken":0,"max_hp_gain":0,"max_hp_loss":0,"event_name":"Living Wall","floor":3,"gold_loss":0,"cards_obtained":["caster:Discharge"]},{"damage_healed":0,"gold_gain":1,"player_choice":"Relic Relic Card ","damage_taken":28,"max_hp_gain":0,"max_hp_loss":0,"event_name":"betterThird:BetterScrap","floor":4,"gold_loss":0,"cards_obtained":["Predator","Electrodynamics"]},{"cards_removed":["caster:strike"],"damage_healed":0,"gold_gain":0,"player_choice":"Gave Gold","damage_taken":0,"max_hp_gain":0,"max_hp_loss":0,"event_name":"Beggar","floor":19,"gold_loss":75},{"damage_healed":0,"gold_gain":0,"player_choice":"Ignored","damage_taken":0,"max_hp_gain":0,"max_hp_loss":0,"event_name":"NoteForYourself","floor":21,"gold_loss":0},{"damage_healed":0,"gold_gain":2,"player_choice":"1","damage_taken":0,"max_hp_gain":0,"max_hp_loss":0,"event_name":"betterStone:BetterStone","floor":31,"gold_loss":0}],"is_beta":false,"boss_relics":[{"not_picked":["Busted Crown","SacredBark"],"picked":"SlaversCollar"},{"not_picked":["Philosopher\u0027s Stone","Pandora\u0027s Box"],"picked":"Snecko Eye"}],"items_purged_floors":[],"is_endless":false,"potions_floor_spawned":[2,11,14,22,29,33],"killed_by":"3 Shapes","ascension_level":0}}