{"host":"5qewjvycy34u7aeo","time":1608768565,"event":{"mods":["Act Like it!","Aspiration","BaseMod","Conspire","Downfall","GifTheSpireLib","Hubris","Infinite Spire","Minty Spire (QoL Compilation)","Permanent Neow","Replay The Spire","Shop Mod","StSLib","Stuff the Spire"],"gold_per_floor":[99,109,128,143,153,171,197,268,316,336,336,360,135,150,168,168,168,168],"floor_reached":16,"playtime":848,"items_purged":[],"score":106,"play_id":"080b3095-cade-4d01-9956-758f6c6e9462","local_time":"20201223160925","is_ascension_mode":false,"campfire_choices":[{"floor":1.0,"key":"RECALL"},{"floor":13,"key":"REST"}],"circlet_count":0,"master_deck":["hexamod:Strike","hexamod:Strike","hexamod:Strike","hexamod:Strike","hexamod:Defend","hexamod:Defend","hexamod:Defend","hexamod:Defend","hexamod:Sear","hexamod:Float","hexamod:SoulSteal","hexamod:BurningTouch","hexamod:AdvancingGuard","hexamod:SwordOfDarkness","hexamod:SecondSeal","hexamod:ThirdSeal","hexamod:ShieldOfDarkness","hexamod:SecondSeal","hexamod:SearingWound","hexamod:BurningTouch","hexamod:GhostflameBarrier","hexamod:FourthSeal","hexamod:WildfireWeapon"],"relics":["hexamod:SpiritBrand","Oddly Smooth Stone","hubris:TenFootPole","hubris:Towel","Pen Nib","downfall:HeartBlessingRed","downfall:HeartBlessingGreen","downfall:HeartBlessingBlue"],"acts_visited":["Exordium"],"potions_floor_usage":[9],"damage_taken":[{"damage":0.0,"enemies":"2 Louse","floor":2.0,"turns":3.0},{"damage":1.0,"enemies":"Small Slimes","floor":3.0,"turns":5.0},{"damage":0.0,"enemies":"Jaw Worm","floor":4.0,"turns":3.0},{"damage":9.0,"enemies":"Exordium Thugs","floor":5.0,"turns":5.0},{"damage":0.0,"enemies":"Gremlin Gang","floor":6.0,"turns":3.0},{"damage":25,"enemies":"Gremlin Nob","floor":9,"turns":5},{"damage":0,"enemies":"Large Slime","floor":10,"turns":3},{"damage":6,"enemies":"Blue Slaver","floor":14,"turns":3},{"damage":1,"enemies":"Gremlin Gang","floor":15,"turns":4},{"damage":42,"enemies":"downfall:Defect","floor":16,"turns":5}],"seed_played":"-1626187887245760013","potions_obtained":[{"floor":3.0,"key":"Elixir"},{"floor":5.0,"key":"Venom Potion"},{"floor":6.0,"key":"SpeedPotion"},{"floor":8.0,"key":"hexamod:InfernoChargePotion"},{"floor":14,"key":"Dexterity Potion"},{"floor":15,"key":"hexamod:InfernoChargePotion"}],"is_trial":false,"path_per_floor":["R","M","M","M","M","M","T","?","E","M","?","T","R","M","M","B"],"character_chosen":"THE_SPIRIT","items_purchased":[],"campfire_rested":1,"item_purchase_floors":[],"current_hp_per_floor":[70,70,69,69,60,60,60,32,7,7,7,7,41,35,34,0,0,0],"gold":168,"neow_bonus":"THREE_CARDS","is_daily":false,"chose_seed":false,"campfire_upgraded":0,"win_rate":0.0,"timestamp":1608768565,"path_taken":["R","M","M","M","M","M","T","?","E","M","?","?","R","M","M","BOSS"],"items_purchased_type":[],"build_version":"2020-12-22","purchased_purges":0,"victory":false,"max_hp_per_floor":[70,70,70,70,70,70,70,70,70,70,70,70,80,80,80,80,80,80],"card_choices":[{"not_picked":["hexamod:RainOfEmbers","hexamod:GhostLash"],"picked":"hexamod:SoulSteal","floor":0.0},{"not_picked":["hexamod:GhostOfSpirePresent","hexamod:DynamicBlow"],"picked":"hexamod:BurningTouch","floor":2.0},{"not_picked":["hexamod:NecessarySacrifice","hexamod:GhostShield"],"picked":"hexamod:AdvancingGuard","floor":3.0},{"not_picked":["hexamod:RainOfEmbers","hexamod:CatchUp"],"picked":"hexamod:SwordOfDarkness","floor":4.0},{"not_picked":["hexamod:StepThrough","hexamod:RecurringNightmare"],"picked":"hexamod:SecondSeal","floor":5.0},{"not_picked":["hexamod:ChargedBarrage","hexamod:SwordOfDarkness"],"picked":"hexamod:ThirdSeal","floor":6.0},{"not_picked":["hexamod:BurningTouch","hexamod:AdvancingGuard"],"picked":"hexamod:ShieldOfDarkness","floor":8.0},{"not_picked":["hexamod:DynamicBlow","hexamod:GhostOfSpirePresent"],"picked":"hexamod:SecondSeal","floor":8.0},{"not_picked":["hexamod:InspiringFlames","hexamod:PhantomFireball"],"picked":"hexamod:SearingWound","floor":9},{"not_picked":["hexamod:HauntingEcho","hexamod:RainOfEmbers"],"picked":"hexamod:BurningTouch","floor":9},{"not_picked":["hexamod:InspiringFlames","hexamod:SpectersWail"],"picked":"hexamod:GhostflameBarrier","floor":10},{"not_picked":["hexamod:RainOfEmbers","hexamod:GhostflameBarrier","hexamod:CatchUp"],"picked":"SKIP","floor":10},{"not_picked":["hexamod:Firestarter","hexamod:ParanormalForm","hexamod:RecurringNightmare"],"picked":"SKIP","floor":14},{"not_picked":["hexamod:GhostShield","hexamod:ShieldOfDarkness"],"picked":"hexamod:FourthSeal","floor":15},{"not_picked":["hexamod:RainOfEmbers","hexamod:SpectersWail"],"picked":"hexamod:WildfireWeapon","floor":15}],"player_experience":402872,"relics_obtained":[{"floor":8.0,"key":"Oddly Smooth Stone"},{"floor":9,"key":"hubris:TenFootPole"},{"floor":12,"key":"Pen Nib"}],"event_choices":[],"is_beta":false,"boss_relics":[],"items_purged_floors":[],"is_endless":false,"potions_floor_spawned":[3,5,6,14,15],"killed_by":"downfall:Defect","ascension_level":0}}