{"host":"4akf6f7tvzk9vus6","time":1608796035,"event":{"mods":["BaseMod","Downfall","Minty Spire (QoL Compilation)","StSLib"],"gold_per_floor":[119,139,139,139,214,242,242,242,242],"floor_reached":8,"playtime":546,"items_purged":[],"score":91,"play_id":"b2e97f15-cc2d-43e6-9ffa-308dbf91bab1","local_time":"20201224014715","is_ascension_mode":true,"campfire_choices":[{"floor":7,"key":"DIG"}],"circlet_count":0,"master_deck":["Strike_G","Strike_G","Strike_G","Strike_G","Strike_G","Defend_G","Defend_G","Defend_G","Defend_G","Defend_G","Survivor","Neutralize","Acrobatics","Backflip","Regret","Finisher"],"relics":["Ring of the Snake","NeowsBlessing","MealTicket","Shovel","Sundial","Strawberry"],"acts_visited":["Exordium"],"potions_floor_usage":[],"damage_taken":[{"damage":0,"enemies":"2 Louse","floor":1,"turns":1},{"damage":0,"enemies":"Small Slimes","floor":2,"turns":1},{"damage":0,"enemies":"Lagavulin","floor":6,"turns":1},{"damage":59,"enemies":"3 Sentries","floor":8,"turns":11}],"seed_played":"1788720584003366235","potions_obtained":[],"is_trial":false,"path_per_floor":["M","M","?","?","?","E","R","E"],"character_chosen":"THE_SILENT","items_purchased":[],"campfire_rested":0,"item_purchase_floors":[],"current_hp_per_floor":[70,70,63,63,52,52,59,0,0],"gold":242,"neow_bonus":"THREE_ENEMY_KILL","is_daily":false,"chose_seed":false,"campfire_upgraded":0,"win_rate":0.0,"timestamp":1608796035,"path_taken":["M","M","?","?","?","E","R","E"],"items_purchased_type":[],"build_version":"2020-12-22","purchased_purges":0,"victory":false,"max_hp_per_floor":[70,70,70,70,70,70,77,77,77],"card_choices":[{"not_picked":["Underhanded Strike","Reflex"],"picked":"Acrobatics","floor":1},{"not_picked":["Blade Dance","Tactician"],"picked":"Backflip","floor":2},{"not_picked":["Tactician","Flying Knee"],"picked":"Finisher","floor":6}],"player_experience":273777,"relics_obtained":[{"floor":6,"key":"Sundial"},{"floor":7,"key":"Strawberry"}],"event_choices":[{"damage_healed":0,"gold_gain":0,"player_choice":"Success","damage_taken":7,"relics_obtained":["MealTicket"],"max_hp_gain":0,"max_hp_loss":0,"event_name":"Scrap Ooze","floor":3,"gold_loss":0},{"damage_healed":0,"gold_gain":0,"player_choice":"Box","damage_taken":0,"relics_obtained":["Shovel"],"max_hp_gain":0,"max_hp_loss":0,"event_name":"Big Fish","floor":4,"gold_loss":0,"cards_obtained":["Regret"]},{"damage_healed":0,"gold_gain":75,"player_choice":"Gather Gold","damage_taken":11,"max_hp_gain":0,"max_hp_loss":0,"event_name":"World of Goop","floor":5,"gold_loss":0}],"is_beta":false,"boss_relics":[],"items_purged_floors":[],"is_endless":false,"potions_floor_spawned":[],"killed_by":"3 Sentries","ascension_level":3}}