{"host":"gww6ffkzfofersck","time":1608770642,"event":{"mods":["Astrologer","BaseMod","ChefMod","Colored Powertips","Conspire","Downfall","Hermit","Highlight Path","Infinite Spire","Ironclad Rager","Minty Spire (QoL Compilation)","Potionbrewer","Quick Restart","Replay The Spire","Shop Mod","StSLib","The Blackbeard","The Necromancer","TheVacant","Wandering Minibosses"],"gold_per_floor":[116,16,68,87,117,117,192,221,221,221,264,318,8,8,8,15,15],"floor_reached":16,"playtime":774,"items_purged":[],"score":104,"play_id":"240a3fde-1a20-4130-b876-2a01637fa411","local_time":"20201223194402","is_ascension_mode":false,"campfire_choices":[{"data":"hermit:CursedWeapon","floor":6,"key":"SMITH"},{"floor":10,"key":"REST"},{"floor":15,"key":"REST"}],"circlet_count":0,"master_deck":["hermit:Strike_Hermit","hermit:Strike_Hermit","hermit:Strike_Hermit","hermit:Strike_Hermit","hermit:Defend_Hermit","hermit:Defend_Hermit","hermit:Defend_Hermit","hermit:Defend_Hermit","hermit:Snapshot","hermit:Covet","hermit:HighCaliber","conspire:SpireCoStock","conspire:SpireCoStock","hermit:ItchyTrigger","hermit:Shortfuse","hermit:CursedWeapon+1","hermit:Determination","hermit:BodyArmor","hermit:Deadeye","hermit:Roulette","hermit:Manifest"],"relics":["hermit:Momento","NeowsBlessing","ReplayFunnel","conspire:DeflatedDodgeball","Odd Mushroom","Replay:Bottled Flurry"],"acts_visited":["Exordium"],"potions_floor_usage":[7,8,11,14],"damage_taken":[{"damage":0,"enemies":"Cultist","floor":1,"turns":1},{"damage":2,"enemies":"conspire:RoseBush","floor":3,"turns":1},{"damage":0,"enemies":"2 Louse","floor":4,"turns":1},{"damage":16,"enemies":"Blue Slaver","floor":5,"turns":4},{"damage":38,"enemies":"Lagavulin","floor":7,"turns":7},{"damage":11,"enemies":"Large Slime","floor":8,"turns":5},{"damage":2,"enemies":"Exordium Wildlife","floor":11,"turns":4},{"damage":23,"enemies":"The Mushroom Lair","floor":12,"turns":4},{"damage":0,"enemies":"3 Louse","floor":14,"turns":1},{"damage":32,"enemies":"Slime Boss","floor":16,"turns":5}],"seed_played":"-2621916669711164862","potions_obtained":[{"floor":3,"key":"SmokeBomb"},{"floor":5,"key":"champ:CounterPotion"},{"floor":7,"key":"potionbrewer:MidasPotion"},{"floor":8,"key":"hermit:Tonic"}],"is_trial":false,"path_per_floor":["M","?","M","M","M","R","E","M","T","R","M","?","$","M","R","B"],"character_chosen":"HERMIT","items_purchased":["Replay:Bottled Flurry","hermit:Manifest"],"campfire_rested":2,"item_purchase_floors":[13,13],"current_hp_per_floor":[75,75,73,73,57,57,19,8,8,30,28,5,5,5,27,0,0],"gold":15,"neow_bonus":"THREE_ENEMY_KILL","is_daily":false,"chose_seed":false,"campfire_upgraded":1,"win_rate":0.0,"timestamp":1608770642,"path_taken":["M","?","M","M","M","R","E","M","T","R","M","?","$","M","R","BOSS"],"items_purchased_type":["Relic","Card"],"build_version":"2020-12-22","purchased_purges":0,"victory":false,"max_hp_per_floor":[75,75,75,75,75,75,75,75,75,75,75,75,75,75,75,75,75],"card_choices":[{"not_picked":["hermit:Manifest","hermit:BodyArmor"],"picked":"hermit:HighCaliber","floor":1},{"not_picked":["hermit:Feint","hermit:DeadMansHand"],"picked":"hermit:ItchyTrigger","floor":3},{"not_picked":["hermit:FlashPowder","hermit:LowProfile"],"picked":"hermit:Shortfuse","floor":4},{"not_picked":["hermit:Virtue","hermit:Headshot"],"picked":"hermit:CursedWeapon","floor":5},{"not_picked":["hermit:WideOpen","hermit:Enervate"],"picked":"hermit:Determination","floor":7},{"not_picked":["hermit:Gambit","hermit:Snipe"],"picked":"hermit:BodyArmor","floor":8},{"not_picked":["hermit:Snipe","hermit:Coalescence"],"picked":"hermit:Deadeye","floor":11},{"not_picked":["hermit:CalledShot","hermit:LuckOfTheDraw"],"picked":"hermit:Roulette","floor":12}],"player_experience":198410,"relics_obtained":[{"floor":7,"key":"ReplayFunnel"},{"floor":9,"key":"conspire:DeflatedDodgeball"},{"floor":12,"key":"Odd Mushroom"}],"event_choices":[{"damage_healed":0,"gold_gain":0,"player_choice":"Invest 2","damage_taken":0,"max_hp_gain":0,"max_hp_loss":0,"event_name":"conspire:Investor","floor":2,"gold_loss":0},{"damage_healed":0,"gold_gain":0,"player_choice":"Fought Mushrooms","damage_taken":0,"max_hp_gain":0,"max_hp_loss":0,"event_name":"Mushrooms","floor":12,"gold_loss":0}],"is_beta":false,"boss_relics":[],"items_purged_floors":[],"is_endless":false,"potions_floor_spawned":[3,5,7,8,14],"killed_by":"Slime Boss","ascension_level":0}}