{"host":"h8l1uc7c2i19r904","time":1608769051,"event":{"mods":["AchievementEnabler","BaseMod","Colored Map","Colored Powertips","Downfall","Minty Spire (QoL Compilation)","Quick Restart","Replay The Spire","StSLib","SuperFastMode"],"gold_per_floor":[111,111,130,130,140,140,167,167,190,190,190,249,249,249],"floor_reached":13,"playtime":342,"items_purged":[],"score":81,"play_id":"bdc43845-ce80-4697-a9a9-336fce89ce7f","local_time":"20201223161731","is_ascension_mode":false,"campfire_choices":[{"data":"Strike_R","floor":6,"key":"SMITH"},{"data":"Rampage","floor":8,"key":"SMITH"},{"floor":10,"key":"REST"}],"circlet_count":0,"master_deck":["Strike_R+1","Strike_R","Strike_R","Strike_R+1","Strike_R","Defend_R","Defend_R","Defend_R","Defend_R","Bash+1","Rampage+1","ReplayTheSpireMod:Splinters","Double Tap"],"relics":["Ring of Chaos","Art of War","Bag of Marbles","Bag of Preparation"],"acts_visited":["Exordium"],"potions_floor_usage":[13],"damage_taken":[{"damage":3,"enemies":"Small Slimes","floor":1,"turns":3},{"damage":1,"enemies":"Cultist","floor":3,"turns":4},{"damage":7,"enemies":"2 Louse","floor":5,"turns":2},{"damage":59,"enemies":"Gremlin Nob","floor":7,"turns":6},{"damage":34,"enemies":"3 Sentries","floor":13,"turns":6}],"seed_played":"8130820946423573626","potions_obtained":[{"floor":7,"key":"Swift Potion"},{"floor":12,"key":"Doom Potion"},{"floor":12,"key":"Doom Potion"}],"is_trial":false,"path_per_floor":["M","?","M","$","M","R","E","R","T","R","?","?","E"],"character_chosen":"IRONCLAD","items_purchased":[],"campfire_rested":1,"item_purchase_floors":[],"current_hp_per_floor":[77,77,76,76,69,69,10,10,10,34,34,34,0,0],"gold":249,"neow_bonus":"BOSS_RELIC","is_daily":false,"chose_seed":false,"campfire_upgraded":2,"win_rate":0.0,"timestamp":1608769051,"path_taken":["M","?","?","?","M","R","E","R","T","R","?","?","E"],"items_purchased_type":[],"build_version":"2020-12-22","purchased_purges":0,"victory":false,"max_hp_per_floor":[80,80,80,80,80,80,80,80,80,80,80,80,80,80],"card_choices":[{"not_picked":["Headbutt","Replay:Undeath\u0027s Touch","Disarm"],"picked":"SKIP","floor":1},{"not_picked":["Thunderclap","Entrench","Clash"],"picked":"SKIP","floor":3},{"not_picked":["Replay:Undeath\u0027s Touch","Headbutt","Run Through"],"picked":"SKIP","floor":5},{"not_picked":["Reckless Charge","Replay:Undeath\u0027s Touch"],"picked":"Rampage","floor":7},{"not_picked":["Perfected Strike","Shrug It Off"],"picked":"Double Tap","floor":12}],"player_experience":124584,"relics_obtained":[{"floor":7,"key":"Art of War"},{"floor":9,"key":"Bag of Marbles"},{"floor":12,"key":"Bag of Preparation"}],"event_choices":[{"damage_healed":0,"gold_gain":0,"player_choice":"Upgraded","damage_taken":0,"max_hp_gain":0,"max_hp_loss":0,"event_name":"Upgrade Shrine","floor":2,"gold_loss":0,"cards_upgraded":["Bash"]}],"is_beta":false,"boss_relics":[],"items_purged_floors":[],"is_endless":false,"potions_floor_spawned":[7],"killed_by":"3 Sentries","ascension_level":0}}