{"host":"njruw0b0uprlitpx","time":1608845847,"event":{"mods":["2.2 Compatiblity","Astrologer","Bartender","BaseMod","Better Altar","Better Match","Better Note","Better Sensory Stone","Better Skull","Better Third Choice","BetterRewards","Block Reminder","Chen","Colored Map","Colored Powertips","Jedi Mod","Keyboard Shortcuts","Magitek Elite","Minty Spire (QoL Compilation)","Quick Restart","Relic Stats","Replay The Spire","SacredBarkPlus","Spicy Shops","StSLib","SuperFastMode","The Disciple","The Evolution","The Forsaken","The Marked","The Mystic","The Necromancer","The Spell Scribe","TheVelvet","Wandering Minibosses"],"gold_per_floor":[13,13,13,33,113,145,145,170,239,249,264,298,66,92,92,197,197,214,232,247,267,277,277,302,302,353,251,251,251,251,22,22,22,22,22,22],"floor_reached":35,"playtime":6044,"items_purged":["Regret","Decay","Looming Evil"],"score":597,"play_id":"abfab338-55fc-4273-91b6-b9b6d58831e2","local_time":"20201224153727","is_ascension_mode":true,"campfire_choices":[{"data":"evolutionmod:Stampede","floor":7,"key":"SMITH"},{"floor":15,"key":"REST"},{"data":"evolutionmod:HardWorker","floor":23,"key":"SMITH"},{"data":"evolutionmod:HardWorker","floor":28,"key":"SMITH"},{"data":"evolutionmod:CurrentsDancer","floor":32,"key":"SMITH"}],"circlet_count":0,"master_deck":["evolutionmod:LoyalWarrior+1","evolutionmod:LoyalCompanion+1","evolutionmod:Stampede+1","evolutionmod:CrystalDust","evolutionmod:TalonStrike","Delirium","evolutionmod:ChimeraDefense","evolutionmod:CursedTouch","evolutionmod:HeavyKick","evolutionmod:Grow","evolutionmod:HardWorker+1","evolutionmod:FeatherStorm","evolutionmod:Strenghten","evolutionmod:Stampede","AbeCurse","evolutionmod:FeatherStorm","evolutionmod:Aegis2","evolutionmod:Charm","evolutionmod:NightMare+1","evolutionmod:DepthsLurker","evolutionmod:Shadowbolt","evolutionmod:HardWorker+1","evolutionmod:Shadowbolt","The Bomb","The Bomb","evolutionmod:ShiftingStrike","evolutionmod:CurrentsDancer+1","evolutionmod:Ritual"],"relics":["evolutionmod:TorisGift","Whetstone","Anchor","White Beast Statue","jedi:shrinkray","HornCleat","Replay:Grab Bag","Abe\u0027s Treasure","theForsaken:PaleLantern","Kintsugi","Pandora\u0027s Box","Blue Doll","Akabeko","jedi:ominousloannote","Membership Card","Counterbalance","FossilizedHelix","Mirror","Genji_Glove","Lee\u0027s Waffle","Cursed Key"],"acts_visited":["Exordium","TheCity","TheBeyond"],"potions_floor_usage":[6,12,14,16,16,24,24,29,33],"damage_taken":[{"damage":1,"enemies":"2 Louse","floor":1,"turns":2},{"damage":4,"enemies":"Small Slimes","floor":4,"turns":3},{"damage":10,"enemies":"3 Sentries","floor":6,"turns":5},{"damage":15,"enemies":"Lagavulin","floor":8,"turns":5},{"damage":0,"enemies":"Jaw Worm","floor":10,"turns":3},{"damage":0,"enemies":"Gremlin Gang","floor":11,"turns":1},{"damage":0,"enemies":"3 Sentries","floor":12,"turns":2},{"damage":15,"enemies":"Lagavulin","floor":14,"turns":4},{"damage":19,"enemies":"Slime Boss","floor":16,"turns":7},{"damage":6,"enemies":"2 Thieves","floor":18,"turns":3},{"damage":0,"enemies":"Chosen","floor":19,"turns":3},{"damage":1,"enemies":"Snake Plant","floor":20,"turns":4},{"damage":11,"enemies":"Centurion and Healer","floor":21,"turns":5},{"damage":0,"enemies":"Snecko","floor":22,"turns":3},{"damage":2,"enemies":"Gremlin Leader","floor":24,"turns":5},{"damage":0,"enemies":"Book of Stabbing","floor":29,"turns":4},{"damage":11,"enemies":"Sentry and Sphere","floor":30,"turns":4},{"damage":1,"enemies":"Automaton","floor":33,"turns":7},{"damage":0,"enemies":"3 Shapes","floor":35,"turns":2}],"seed_played":"6460240400503984013","potions_obtained":[{"floor":1,"key":"Energy Potion"},{"floor":6,"key":"Block Potion"},{"floor":10,"key":"Weak Potion"},{"floor":11,"key":"Fire Potion"},{"floor":12,"key":"Elixir"},{"floor":14,"key":"Fruit Juice"},{"floor":16,"key":"LiquidMemories"},{"floor":18,"key":"PowerPotion"},{"floor":19,"key":"BlessingOfTheForge"},{"floor":24,"key":"SkillPotion"},{"floor":29,"key":"FearPotion"},{"floor":33,"key":"Elixir"}],"is_trial":false,"path_per_floor":["M","?","?","M","?","E","R","E","T","M","M","E","$","E","R","B",null,"M","M","M","M","M","R","E","?","T","$","R","E","M","$","R","B",null,"M"],"character_chosen":"EVOLUTION_CLASS","items_purchased":["evolutionmod:HardWorker","evolutionmod:FeatherStorm","jedi:ominousloannote","Membership Card","Counterbalance","evolutionmod:Shadowbolt","LiquidMemories","FossilizedHelix","The Bomb","Genji_Glove","Lee\u0027s Waffle"],"campfire_rested":1,"item_purchase_floors":[13,13,27,27,27,27,27,27,27,31,31],"current_hp_per_floor":[76,61,61,57,57,47,47,32,32,32,32,32,32,22,46,27,82,76,76,75,64,64,64,62,62,62,62,62,62,51,89,89,88,89,89,89],"gold":22,"neow_bonus":"THREE_RARE_CARDS","is_daily":false,"chose_seed":false,"campfire_upgraded":4,"win_rate":0.0,"timestamp":1608845847,"path_taken":["M","?","?","M","?","E","R","E","T","M","?","E","$","E","R","BOSS","M","M","?","?","?","R","E","?","T","?","R","E","M","$","R","BOSS","M"],"items_purchased_type":["Card","Card","Relic","Relic","Relic","Card","Potion","Relic","Card","Relic","Relic"],"build_version":"2020-12-22","purchased_purges":3,"victory":false,"max_hp_per_floor":[77,77,77,77,77,77,77,77,77,77,77,77,77,82,82,82,82,82,82,82,82,82,82,82,82,82,82,82,82,82,89,89,89,89,89,89],"relic_stats":{"Lee\u0027s Waffle":38,"counters":[116,458],"Pandora\u0027s Box":["evolutionmod:FeatherStorm","evolutionmod:Aegis2","evolutionmod:Charm"],"Whetstone":["evolutionmod:StrikeEvo","evolutionmod:LoyalWarrior"],"Cursed Key":0,"obtain_stats":[{"jedi:angrymask":26,"Golden Egg":19,"Replay:Accelerometer":40,"Gremlin Horn":45,"jedi:bottledfury":15,"Whetstone":6,"construct:ClockworkPhoenix":22,"Sling":19,"Boot":20,"Ring of Searing":43,"jedi:shrinkray":11,"Replay:Wanted Poster":34,"Centennial Puzzle":5,"HornCleat":14,"Ribbon":10,"jedi:firstaidkit":40,"jedi:paperlyon":17,"MealTicket":13,"Iron Hammer":10,"Replay:Bottled Flurry":36,"Replay:Wax Seal":13,"jedi:othersneckoeye":43,"Pear":12,"ReplayTheSpireMod:CursedCoin":25,"Astrolabe":36,"ReplayTheSpireMod:Ring of Addiction":26,"Replay:Grab Bag":17,"Counterbalance":27,"Ring of Chaos":19,"theForsaken:PaleLantern":17,"Letter Opener":39,"Replay:Kaleidoscope":11,"Akabeko":7,"Runic Dome":17,"jedi:heavyjacket":28,"Replay:Baseball":43,"Bottled Flame":28,"ReplayTheSpireMod:Ring of Collecting":5,"Bronze Scales":6,"Simple Rune":9,"Onion Ring":43,"Pandora\u0027s Box":17,"Nloth\u0027s Gift":22,"ReplayTheSpireMod:TigerMarble":6,"Black Star":34,"Kintsugi":17,"Mirror":25,"StrikeDummy":27,"Abe\u0027s Treasure":19,"ReplayTheSpireMod:Ring of Exchange":36,"Regal Pillow":25,"Torii":14,"Blue Doll":24,"Mythril_Glove":43,"TeardropLocket":0,"jedi:Pinwheel":9,"theForsaken:Gavel":46,"Cursed Key":34,"Replay:Rubber Ducky":14,"Dream Catcher":15,"Matryoshka":26,"theSleuth:Tectrixcalibur":40,"Chameleon Ring":26,"theForsaken:Kindling":0,"Ring of Peace":9,"jedi:matchstick":19,"Genji_Glove":31,"Lee\u0027s Waffle":13,"BargainBundle":19,"Guide Book":0,"Damaru":9,"PreservedInsect":13,"Medical Kit":2,"MawBank":13,"White Beast Statue":11,"Replay:Arrowhead":16,"Mercury Hourglass":24,"Anchor":8,"jedi:ominousloannote":26,"Orrery":19,"Garlic":23,"Bag of Marbles":9,"Membership Card":27,"PureWater":0,"Toy Ornithopter":26,"FossilizedHelix":27},{"jedi:angrymask":34,"Golden Egg":67,"Replay:Accelerometer":77,"Gremlin Horn":41,"jedi:bottledfury":53,"Whetstone":100,"construct:ClockworkPhoenix":56,"Sling":10,"Boot":90,"Ring of Searing":77,"jedi:shrinkray":87,"Replay:Wanted Poster":17,"Centennial Puzzle":23,"HornCleat":105,"Ribbon":6,"jedi:firstaidkit":77,"jedi:paperlyon":89,"MealTicket":7,"Iron Hammer":51,"Replay:Bottled Flurry":75,"Replay:Wax Seal":7,"jedi:othersneckoeye":41,"Pear":52,"ReplayTheSpireMod:CursedCoin":13,"Astrolabe":39,"ReplayTheSpireMod:Ring of Addiction":69,"Replay:Grab Bag":106,"Counterbalance":112,"Ring of Chaos":30,"theForsaken:PaleLantern":106,"Letter Opener":40,"Replay:Kaleidoscope":63,"Akabeko":5,"Runic Dome":9,"jedi:heavyjacket":71,"Replay:Baseball":20,"Bottled Flame":35,"ReplayTheSpireMod:Ring of Collecting":60,"Bronze Scales":85,"Simple Rune":24,"Onion Ring":77,"Pandora\u0027s Box":106,"Nloth\u0027s Gift":56,"ReplayTheSpireMod:TigerMarble":61,"Black Star":74,"Kintsugi":106,"Mirror":13,"StrikeDummy":93,"Abe\u0027s Treasure":54,"ReplayTheSpireMod:Ring of Exchange":18,"Regal Pillow":34,"Torii":8,"Blue Doll":112,"Mythril_Glove":20,"TeardropLocket":21,"jedi:Pinwheel":86,"theForsaken:Gavel":42,"Cursed Key":115,"Replay:Rubber Ducky":65,"Dream Catcher":28,"Matryoshka":13,"theSleuth:Tectrixcalibur":40,"Chameleon Ring":69,"theForsaken:Kindling":21,"Ring of Peace":62,"jedi:matchstick":10,"Genji_Glove":114,"Lee\u0027s Waffle":7,"BargainBundle":10,"Guide Book":21,"Damaru":5,"PreservedInsect":7,"Medical Kit":83,"MawBank":87,"White Beast Statue":51,"Replay:Arrowhead":53,"Mercury Hourglass":69,"Anchor":101,"jedi:ominousloannote":34,"Orrery":67,"Garlic":13,"Bag of Marbles":62,"Membership Card":112,"PureWater":0,"Toy Ornithopter":69,"FossilizedHelix":112},{"jedi:angrymask":104,"Golden Egg":258,"Replay:Accelerometer":305,"Gremlin Horn":133,"jedi:bottledfury":184,"Whetstone":396,"construct:ClockworkPhoenix":197,"Sling":27,"Boot":359,"Ring of Searing":305,"jedi:shrinkray":344,"Replay:Wanted Poster":51,"Centennial Puzzle":71,"HornCleat":411,"Ribbon":14,"jedi:firstaidkit":305,"jedi:paperlyon":356,"MealTicket":17,"Iron Hammer":172,"Replay:Bottled Flurry":298,"Replay:Wax Seal":17,"jedi:othersneckoeye":133,"Pear":181,"ReplayTheSpireMod:CursedCoin":35,"Astrolabe":127,"ReplayTheSpireMod:Ring of Addiction":267,"Replay:Grab Bag":418,"Counterbalance":441,"Ring of Chaos":88,"theForsaken:PaleLantern":418,"Letter Opener":131,"Replay:Kaleidoscope":228,"Akabeko":11,"Runic Dome":23,"jedi:heavyjacket":275,"Replay:Baseball":61,"Bottled Flame":109,"ReplayTheSpireMod:Ring of Collecting":214,"Bronze Scales":338,"Simple Rune":73,"Onion Ring":305,"Pandora\u0027s Box":418,"Nloth\u0027s Gift":197,"ReplayTheSpireMod:TigerMarble":218,"Black Star":292,"Kintsugi":418,"Mirror":35,"StrikeDummy":369,"Abe\u0027s Treasure":191,"ReplayTheSpireMod:Ring of Exchange":54,"Regal Pillow":104,"Torii":19,"Blue Doll":441,"Mythril_Glove":61,"TeardropLocket":67,"jedi:Pinwheel":340,"theForsaken:Gavel":136,"Cursed Key":456,"Replay:Rubber Ducky":238,"Dream Catcher":82,"Matryoshka":35,"theSleuth:Tectrixcalibur":131,"Chameleon Ring":267,"theForsaken:Kindling":67,"Ring of Peace":224,"jedi:matchstick":27,"Genji_Glove":449,"Lee\u0027s Waffle":17,"BargainBundle":27,"Guide Book":67,"Damaru":11,"PreservedInsect":17,"Medical Kit":330,"MawBank":344,"White Beast Statue":172,"Replay:Arrowhead":184,"Mercury Hourglass":267,"Anchor":401,"jedi:ominousloannote":104,"Orrery":258,"Garlic":35,"Bag of Marbles":224,"Membership Card":441,"PureWater":0,"Toy Ornithopter":267,"FossilizedHelix":441}]},"card_choices":[{"not_picked":["evolutionmod:Broodmother","evolutionmod:SpikeVolley"],"picked":"evolutionmod:Stampede","floor":0},{"not_picked":["evolutionmod:Omen","evolutionmod:BlackCat"],"picked":"evolutionmod:CrystalDust","floor":1},{"not_picked":["evolutionmod:Dive","evolutionmod:Brambles"],"picked":"evolutionmod:TalonStrike","floor":4},{"not_picked":["evolutionmod:CrystalShard","evolutionmod:Firebloom"],"picked":"evolutionmod:ChimeraDefense","floor":6},{"not_picked":["evolutionmod:ChimeraDefense","evolutionmod:Shadowbolt","evolutionmod:Mastery"],"picked":"SKIP","floor":8},{"not_picked":["evolutionmod:DrainMana","evolutionmod:Shadowbolt"],"picked":"evolutionmod:CursedTouch","floor":10},{"not_picked":["evolutionmod:CrystalStone","evolutionmod:CrystalDust"],"picked":"evolutionmod:HeavyKick","floor":11},{"not_picked":["evolutionmod:StripArmor","evolutionmod:DrainMana"],"picked":"evolutionmod:Grow","floor":12},{"not_picked":["evolutionmod:Dive","evolutionmod:HeightenedSenses"],"picked":"evolutionmod:Strenghten","floor":14},{"not_picked":["evolutionmod:PoisonSpit","evolutionmod:DarkDesires"],"picked":"evolutionmod:Stampede","floor":16},{"not_picked":["evolutionmod:Dive","evolutionmod:HardWorker"],"picked":"evolutionmod:NightMare+1","floor":18},{"not_picked":["evolutionmod:PoisonFangs","evolutionmod:CrystalStone","evolutionmod:ChimeraDefense+1"],"picked":"SKIP","floor":19},{"not_picked":["evolutionmod:Firebloom","evolutionmod:TalonStrike"],"picked":"evolutionmod:DepthsLurker","floor":20},{"not_picked":["evolutionmod:Omen","evolutionmod:Toxin"],"picked":"evolutionmod:Shadowbolt","floor":21},{"not_picked":["evolutionmod:Aphrodisiac","evolutionmod:Symbiotes","evolutionmod:PoisonFangs"],"picked":"SKIP","floor":22},{"not_picked":["evolutionmod:Aphrodisiac","evolutionmod:BlackCat"],"picked":"evolutionmod:HardWorker","floor":24},{"not_picked":["evolutionmod:Dive","evolutionmod:FlameStrike"],"picked":"evolutionmod:ShiftingStrike","floor":29},{"not_picked":["evolutionmod:Omen","evolutionmod:ChimeraStrike"],"picked":"evolutionmod:CurrentsDancer","floor":30},{"not_picked":["evolutionmod:Grow","evolutionmod:Stampede"],"picked":"evolutionmod:Ritual","floor":33}],"player_experience":1743417,"relics_obtained":[{"floor":6,"key":"Whetstone"},{"floor":8,"key":"Anchor"},{"floor":9,"key":"White Beast Statue"},{"floor":12,"key":"jedi:shrinkray"},{"floor":14,"key":"HornCleat"},{"floor":24,"key":"Blue Doll"},{"floor":26,"key":"Akabeko"},{"floor":29,"key":"Mirror"}],"event_choices":[{"damage_healed":76,"gold_gain":0,"player_choice":"Upgrade","damage_taken":15,"max_hp_gain":0,"max_hp_loss":77,"event_name":"betterThird:BetterShining","floor":2,"gold_loss":0,"cards_upgraded":["evolutionmod:DefendEvo","evolutionmod:LoyalCompanion"]},{"cards_removed":["evolutionmod:Stampede"],"damage_healed":0,"gold_gain":0,"player_choice":"Give","damage_taken":0,"max_hp_gain":0,"max_hp_loss":0,"event_name":"betterNote:BetterNote","floor":25,"gold_loss":0,"cards_obtained":["None"]}],"is_beta":false,"boss_relics":[{"not_picked":["Replay:Bronze Core","Tiny House"],"picked":"Replay:Grab Bag"},{"not_picked":["Busted Crown","Ectoplasm"],"picked":"Abe\u0027s Treasure"},{"not_picked":["ChewingGum","jedi:hotpepper"],"picked":"theForsaken:PaleLantern"},{"not_picked":["SacredBark","Astrolabe"],"picked":"Kintsugi"},{"not_picked":["Ring of Chaos","Snecko Heart"],"picked":"Pandora\u0027s Box"},{"not_picked":["Honey Jar","Replay:Ancient Bell"],"picked":"Cursed Key"}],"items_purged_floors":[27,31,31],"is_endless":false,"potions_floor_spawned":[1,6,10,11,12,14,16,18,19,20,21,22,24,29,30,33,35],"killed_by":"3 Shapes","ascension_level":4}}