{"host":"m6aaltr68g9tvoay","time":1608780436,"event":{"mods":["AchievementEnabler","BaseMod","Colored Map","Minty Spire (QoL Compilation)","StSLib"],"gold_per_floor":[113,130,144,144,160,160,1,16,89,89,99,99,99,117,117,193,193,210,227,152,170,170,170],"floor_reached":22,"playtime":858,"items_purged":[],"score":351,"play_id":"2f7140c6-8d22-4d19-98c4-90b4cf5f9a69","local_time":"20201223192716","is_ascension_mode":true,"campfire_choices":[{"floor":6,"key":"REST"},{"floor":10,"key":"REST"},{"data":"Loop","floor":13,"key":"SMITH"},{"floor":15,"key":"REST"}],"circlet_count":0,"master_deck":["AscendersBane","Strike_B","Strike_B","Strike_B","Defend_B","Defend_B","Defend_B","Zap","Dualcast","Fission","Leap","Genetic Algorithm","Self Repair","Loop+1","Doom and Gloom","Storm","Streamline","Amplify","Force Field","Hyperbeam","Cold Snap","Chill","Self Repair"],"relics":["FrozenCore","The Courier","Dead Branch"],"acts_visited":["Exordium","TheCity"],"potions_floor_usage":[3,16,21],"damage_taken":[{"damage":6,"enemies":"Cultist","floor":1,"turns":4},{"damage":14,"enemies":"Jaw Worm","floor":2,"turns":4},{"damage":0,"enemies":"2 Louse","floor":3,"turns":1},{"damage":25,"enemies":"Red Slaver","floor":5,"turns":8},{"damage":12,"enemies":"Blue Slaver","floor":8,"turns":3},{"damage":25,"enemies":"3 Louse","floor":11,"turns":4},{"damage":1,"enemies":"2 Fungi Beasts","floor":14,"turns":4},{"damage":40,"enemies":"The Guardian","floor":16,"turns":12},{"damage":19,"enemies":"Spheric Guardian","floor":18,"turns":8},{"damage":10,"enemies":"Shell Parasite","floor":19,"turns":6},{"damage":39,"enemies":"Sentry and Sphere","floor":21,"turns":9},{"damage":22,"enemies":"3 Cultists","floor":22,"turns":3}],"seed_played":"-4385616101015085048","potions_obtained":[{"floor":2,"key":"Explosive Potion"},{"floor":11,"key":"Strength Potion"},{"floor":14,"key":"Dexterity Potion"},{"floor":18,"key":"PotionOfCapacity"}],"is_trial":false,"path_per_floor":["M","M","M","?","M","R","$","M","T","R","M","?","R","M","R","B",null,"M","M","?","M","M"],"character_chosen":"DEFECT","items_purchased":["Doom and Gloom","Storm"],"campfire_rested":3,"item_purchase_floors":[7,7],"current_hp_per_floor":[58,44,44,44,26,47,47,42,42,63,45,45,45,44,65,32,61,56,53,53,21,0,0],"gold":170,"neow_bonus":"ONE_RANDOM_RARE_CARD","is_daily":false,"chose_seed":false,"campfire_upgraded":1,"win_rate":0.0,"timestamp":1608780436,"path_taken":["M","?","M","?","M","R","$","M","T","R","M","?","R","M","R","BOSS","M","M","?","M","M"],"items_purchased_type":["Card","Card"],"build_version":"2020-12-22","purchased_purges":0,"victory":false,"max_hp_per_floor":[71,71,71,71,71,71,71,71,71,71,71,71,71,71,71,71,71,71,71,71,71,71,71],"card_choices":[{"not_picked":["Rebound","Beam Cell"],"picked":"Leap","floor":1},{"not_picked":["Hologram","Skim","Turbo"],"picked":"SKIP","floor":2},{"not_picked":["Streamline","Tempest"],"picked":"Genetic Algorithm","floor":3},{"not_picked":["Leap","Turbo"],"picked":"Loop","floor":5},{"not_picked":["Compile Driver","Conserve Battery"],"picked":"Streamline","floor":8},{"not_picked":["Streamline","Turbo"],"picked":"Amplify","floor":11},{"not_picked":["Go for the Eyes","Rebound"],"picked":"Force Field","floor":14},{"not_picked":["Creative AI","Fission"],"picked":"Hyperbeam","floor":16},{"not_picked":["Gash","Reprogram"],"picked":"Cold Snap","floor":18},{"not_picked":["Turbo","Compile Driver"],"picked":"Chill","floor":19},{"not_picked":["Doom and Gloom","Steam"],"picked":"Self Repair","floor":21}],"player_experience":1304833,"relics_obtained":[{"floor":9,"key":"The Courier"}],"event_choices":[{"damage_healed":0,"gold_gain":0,"cards_transformed":["Strike_B"],"player_choice":"Change","damage_taken":0,"max_hp_gain":0,"max_hp_loss":0,"event_name":"Living Wall","floor":4,"gold_loss":0,"cards_obtained":["Self Repair"]},{"damage_healed":0,"gold_gain":0,"player_choice":"Gave Potion","damage_taken":0,"relics_obtained":["Dead Branch"],"max_hp_gain":0,"max_hp_loss":0,"event_name":"WeMeetAgain","floor":12,"gold_loss":0},{"cards_removed":["Defend_B"],"damage_healed":0,"gold_gain":0,"player_choice":"Gave Gold","damage_taken":0,"max_hp_gain":0,"max_hp_loss":0,"event_name":"Beggar","floor":20,"gold_loss":75}],"is_beta":false,"boss_relics":[{"not_picked":["Coffee Dripper","Runic Pyramid"],"picked":"FrozenCore"}],"items_purged_floors":[],"is_endless":false,"potions_floor_spawned":[2,11,14,18],"killed_by":"3 Cultists","ascension_level":19}}