{"host":"Dean","time":1608850639,"event":{"mods":["2.2 Compatiblity","AchievementEnabler","BaseMod","Block Reminder","Colored Map","Colored Powertips","Downfall","Minty Spire (QoL Compilation)","Permanent Neow","Quick Restart","Relic Stats","Replay The Spire","StSLib"],"gold_per_floor":[99,113,129,148,148,148,148,168,201,218,248,126,126,138,150,245,245,245,257,357,231,245,276,276,131,143,158,8,34,34,211,231,332,332,257,273,126,126,126,161,188,238,238,292,292,321,350,381,401,401,401,428,6,6,6],"floor_reached":56,"playtime":6078,"items_purged":["champ:Strike","champ:ArenaPreparation+1","champ:Defend+1"],"score":2336,"play_id":"6eea269f-9ad4-4877-b408-f23659b343e1","local_time":"20201224175719","is_ascension_mode":true,"campfire_choices":[{"data":"champ:Taunt","floor":1.0,"key":"SMITH"},{"data":"champ:Execute","floor":1.0,"key":"SMITH"},{"data":"champ:AdrenalArmor","floor":6.0,"key":"SMITH"},{"data":"champ:SwordSigil","floor":6.0,"key":"SMITH"},{"data":"champ:ArenaPreparation","floor":13.0,"key":"SMITH"},{"data":"champ:Defend","floor":13.0,"key":"SMITH"},{"floor":18.0,"key":"RECALL"},{"data":"champ:SwordSigil","floor":28.0,"key":"SMITH"},{"data":"champ:FaceSlap","floor":28.0,"key":"SMITH"},{"data":"champ:FanOfKnives","floor":30.0,"key":"SMITH"},{"data":"J.A.X.","floor":30.0,"key":"SMITH"},{"floor":35.0,"key":"REST"},{"data":"champ:AdrenalArmor","floor":43.0,"key":"SMITH"},{"floor":54,"key":"REST"}],"circlet_count":0,"master_deck":["champ:Execute+1","champ:Taunt+1","champ:SwordSigil+1","champ:AdrenalArmor+1","champ:VampiricStrike+1","champ:Improvising+1","champ:AdrenalArmor+1","champ:Shatter+1","champ:BerserkersShout+1","champ:AdrenalArmor+1","champ:EnchantCrown+1","J.A.X.+1","champ:FaceSlap+1","champ:FanOfKnives+1","champ:SwordThrow+1","champ:DancingMaster+1","champ:HeartStrike+1","champ:SwordSigil+1","champ:VampiricStrike+1","champ:Improvising+1","champ:RapidStrikes+1","champ:StanceDance+1","champ:MurderStrike+1","champ:CheapShot+1","champ:AdrenalArmor+1","Master of Strategy+1","champ:CheapShot+1","champ:BerserkerStyle+1","champ:Encircle+1","champ:LastStand+1","Panache+1"],"relics":["champ:ChampionCrownUpgraded","Golden Egg","Replay:Arrowhead","Gambling Chip","Mango","Replay:Bottled Snecko","Replay:Accelerometer","Kunai","Pet Ghost","Replay:Drink Me","Sozu","Smiling Mask","MutagenicStrength","Prayer Wheel","Incense Burner","War Paint","downfall:HeartBlessingRed","downfall:HeartBlessingBlue","Bag of Marbles","DollysMirror","Frozen Egg 2","Philosopher\u0027s Stone","downfall:HeartBlessingGreen","BargainBundle","champ:DuelingGlove","Quantum Egg","Thread and Needle","champ:DefensiveTrainingManual","champ:DeflectingBracers","Shuriken","Chemical X","Replay:Bottled Steam","Bronze Scales","Gremlin Horn","WingedGreaves","Ginger","Du-Vu Doll","Bottled Lightning"],"acts_visited":["Exordium","TheCity","TheBeyond","TheEnding"],"potions_floor_usage":[],"damage_taken":[{"damage":5.0,"enemies":"Cultist","floor":2.0,"turns":4.0},{"damage":11.0,"enemies":"2 Louse","floor":3.0,"turns":2.0},{"damage":5.0,"enemies":"Jaw Worm","floor":4.0,"turns":2.0},{"damage":9.0,"enemies":"Exordium Wildlife","floor":8.0,"turns":3.0},{"damage":64.0,"enemies":"3 Sentries","floor":9.0,"turns":4.0},{"damage":7.0,"enemies":"Red Slaver","floor":10.0,"turns":2.0},{"damage":67.0,"enemies":"Lagavulin","floor":11.0,"turns":6.0},{"damage":50.0,"enemies":"downfall:FleeingMerchant","floor":12.0,"turns":4.0},{"damage":10.0,"enemies":"3 Louse","floor":14.0,"turns":1.0},{"damage":5.0,"enemies":"2 Fungi Beasts","floor":15.0,"turns":2.0},{"damage":79.0,"enemies":"downfall:Ironclad","floor":16.0,"turns":7.0},{"damage":66.0,"enemies":"Shell Parasite","floor":19.0,"turns":2.0},{"damage":62.0,"enemies":"downfall:Augmenter","floor":20.0,"turns":3.0},{"damage":61.0,"enemies":"downfall:FleeingMerchant","floor":21.0,"turns":4.0},{"damage":31.0,"enemies":"Chosen","floor":22.0,"turns":1.0},{"damage":65.0,"enemies":"Gremlin Leader","floor":23.0,"turns":3.0},{"damage":45.0,"enemies":"Shelled Parasite and Fungi","floor":26.0,"turns":7.0},{"damage":55.0,"enemies":"Snecko","floor":27.0,"turns":3.0},{"damage":58.0,"enemies":"Slavers","floor":29.0,"turns":4.0},{"damage":40.0,"enemies":"Centurion and Healer","floor":32.0,"turns":2.0},{"damage":31.0,"enemies":"downfall:Defect","floor":33.0,"turns":2.0},{"damage":30.0,"enemies":"Orb Walker","floor":36.0,"turns":1.0},{"damage":41.0,"enemies":"Nemesis","floor":40.0,"turns":1.0},{"damage":48.0,"enemies":"Mind Bloom Boss Battle","floor":42.0,"turns":1.0},{"damage":43,"enemies":"Reptomancer","floor":46,"turns":2},{"damage":49,"enemies":"Giant Head","floor":47,"turns":2},{"damage":53,"enemies":"R_Hoarder","floor":48,"turns":3},{"damage":36,"enemies":"3 Darklings","floor":49,"turns":1},{"damage":47,"enemies":"downfall:Silent","floor":50,"turns":2},{"damage":78,"enemies":"downfall:CharBossMerchant","floor":52,"turns":2},{"damage":141,"enemies":"downfall:NeowBoss","floor":55,"turns":10}],"seed_played":"8933034228069274629","potions_obtained":[{"floor":3.0,"key":"DistilledChaos"},{"floor":9.0,"key":"Guardian:BlockOnCardUsePotion"},{"floor":10.0,"key":"DistilledChaos"},{"floor":14.0,"key":"SteroidPotion"}],"is_trial":false,"path_per_floor":["R","M","M","M","T","R","T","M","E","M","E","$","R","M","M","B",null,"R","M","?","$","M","E","T","$","M","M","R","E","R","$","M","B",null,"R","M","$","?","?","E","T","?","R","$","?","E","E","E","M","B",null,"E","$","R","B",null],"character_chosen":"THE_CHAMP","items_purchased":["champ:Improvising","champ:AdrenalArmor","Pet Ghost","champ:Shatter","Master of Strategy","Prayer Wheel","champ:DancingMaster","War Paint","DollysMirror","champ:RapidStrikes","Frozen Egg 2","BargainBundle","champ:DuelingGlove","champ:CheapShot","Shuriken","Chemical X","Replay:Bottled Steam","Panache+1","Bottled Lightning"],"campfire_rested":2,"item_purchase_floors":[12,12,12,12,12,21,21,25,31,31,31,37,37,37,44,44,44,53,53],"current_hp_per_floor":[81,81,75,75,89,89,89,95,95,95,95,95,95,95,95,95,72,72,72,72,72,72,69,69,69,77,74,84,92,92,92,89,92,92,92,92,92,92,92,89,89,86,86,86,86,92,92,89,92,92,92,92,92,92,92],"gold":6,"neow_bonus":"ONE_RARE_RELIC","is_daily":false,"chose_seed":false,"campfire_upgraded":11,"win_rate":0.0,"timestamp":1608850639,"path_taken":["R","M","M","M","?","R","T","M","E","M","E","$","R","M","M","BOSS","R","M","?","?","M","E","T","$","M","?","R","E","R","?","M","BOSS","R","M","$","?","?","E","T","?","R","$","?","E","E","E","M","BOSS","E","$","R","BOSS"],"items_purchased_type":["Card","Card","Relic","Card","Card","Relic","Card","Relic","Relic","Card","Relic","Relic","Relic","Card","Relic","Relic","Relic","Card","Relic"],"build_version":"2020-12-18","purchased_purges":3,"victory":true,"max_hp_per_floor":[81,81,81,81,95,95,95,95,95,95,95,95,95,95,95,95,72,72,72,72,72,72,72,72,72,77,77,87,92,92,92,92,92,92,92,92,92,92,92,92,92,92,92,92,92,92,92,92,92,92,92,92,92,92,92],"relic_stats":{"Gremlin Horn":[5,5],"counters":[31,93],"Ginger":[3],"War Paint":["champ:AdrenalArmor","champ:BerserkersShout"],"Smiling Mask":125,"Sozu":9,"Shuriken":[11],"Gambling Chip":[73],"Bronze Scales":[10],"Prayer Wheel":6,"Kunai":[19],"Chemical X":[1],"obtain_stats":[{"Golden Egg":0,"Replay:Accelerometer":9,"champ:DuelingGlove":37,"Gremlin Horn":47,"champ:ChampionCrown":0,"Mango":5,"downfall:HeartBlessingGreen":35,"Incense Burner":23,"Ginger":48,"Smiling Mask":17,"Pet Ghost":12,"Sozu":17,"downfall:HeartBlessingBlue":28,"DollysMirror":31,"champ:DefensiveTrainingManual":41,"Gambling Chip":0,"Prayer Wheel":21,"Philosopher\u0027s Stone":34,"WingedGreaves":17,"Replay:Bottled Snecko":7,"Kunai":11,"Chemical X":44,"Replay:Drink Me":17,"Replay:Bottled Steam":44,"BargainBundle":37,"downfall:HeartBlessingRed":28,"Quantum Egg":38,"Thread and Needle":40,"champ:ChampionCrownUpgraded":34,"champ:DeflectingBracers":42,"War Paint":25,"Frozen Egg 2":31,"Replay:Arrowhead":0,"Du-Vu Doll":52,"Shuriken":44,"MutagenicStrength":20,"Bronze Scales":46,"Bag of Marbles":29,"Bottled Lightning":53},{"Golden Egg":0,"Replay:Accelerometer":5,"champ:DuelingGlove":22,"Gremlin Horn":26,"champ:ChampionCrown":0,"Mango":3,"downfall:HeartBlessingGreen":21,"Incense Burner":16,"Ginger":27,"Smiling Mask":11,"Pet Ghost":8,"Sozu":11,"downfall:HeartBlessingBlue":18,"DollysMirror":19,"champ:DefensiveTrainingManual":23,"Gambling Chip":0,"Prayer Wheel":14,"Philosopher\u0027s Stone":21,"WingedGreaves":11,"Replay:Bottled Snecko":3,"Kunai":7,"Chemical X":24,"Replay:Drink Me":11,"Replay:Bottled Steam":24,"BargainBundle":22,"downfall:HeartBlessingRed":18,"Quantum Egg":22,"Thread and Needle":23,"champ:ChampionCrownUpgraded":21,"champ:DeflectingBracers":24,"War Paint":16,"Frozen Egg 2":19,"Replay:Arrowhead":0,"Du-Vu Doll":30,"Shuriken":24,"MutagenicStrength":13,"Bronze Scales":25,"Bag of Marbles":19,"Bottled Lightning":30},{"Golden Egg":0,"Replay:Accelerometer":15,"champ:DuelingGlove":69,"Gremlin Horn":75,"champ:ChampionCrown":0,"Mango":8,"downfall:HeartBlessingGreen":68,"Incense Burner":50,"Ginger":78,"Smiling Mask":37,"Pet Ghost":27,"Sozu":37,"downfall:HeartBlessingBlue":60,"DollysMirror":64,"champ:DefensiveTrainingManual":70,"Gambling Chip":0,"Prayer Wheel":46,"Philosopher\u0027s Stone":68,"WingedGreaves":37,"Replay:Bottled Snecko":8,"Kunai":23,"Chemical X":71,"Replay:Drink Me":37,"Replay:Bottled Steam":71,"BargainBundle":69,"downfall:HeartBlessingRed":60,"Quantum Egg":69,"Thread and Needle":70,"champ:ChampionCrownUpgraded":68,"champ:DeflectingBracers":71,"War Paint":50,"Frozen Egg 2":64,"Replay:Arrowhead":0,"Du-Vu Doll":83,"Shuriken":71,"MutagenicStrength":42,"Bronze Scales":73,"Bag of Marbles":64,"Bottled Lightning":83}]},"card_choices":[{"not_picked":["champ:RageSigil","champ:FanOfKnives"],"picked":"champ:SwordSigil","floor":2.0},{"not_picked":["champ:GutPunch","champ:BladeFlurry"],"picked":"champ:AdrenalArmor","floor":3.0},{"not_picked":["champ:GutPunch","champ:BerserkersShout"],"picked":"champ:VampiricStrike","floor":4.0},{"not_picked":["champ:DefensiveStyle","champ:DefensiveShout"],"picked":"champ:ArenaPreparation","floor":8.0},{"not_picked":["champ:EndlessRage","champ:ShieldSigil","champ:PreciseThrust"],"picked":"SKIP","floor":9.0},{"not_picked":["champ:FocusedGladiator","champ:GutPunch","champ:GladiatorsShout"],"picked":"SKIP","floor":10.0},{"not_picked":["champ:ShieldSigil","champ:CrookedStrike","champ:ShieldWall"],"picked":"SKIP","floor":11.0},{"not_picked":["champ:ShieldSigil","champ:PerfectedStrike","champ:FlashCut"],"picked":"SKIP","floor":12.0},{"not_picked":["champ:RecklessLeap","champ:RageSigil"],"picked":"champ:BerserkersShout","floor":14.0},{"not_picked":["champ:DefensiveStyle","champ:ShieldSigil"],"picked":"champ:AdrenalArmor","floor":15.0},{"not_picked":["champ:HoldFirm","champ:StrikeOfGenius"],"picked":"champ:EnchantCrown","floor":16.0},{"not_picked":["champ:SkillfulDodge","champ:Riposte+1","champ:Control"],"picked":"SKIP","floor":19.0},{"not_picked":[],"picked":"J.A.X.","floor":20.0},{"not_picked":["champ:TornadoPunch+1","champ:FanOfKnives+1"],"picked":"champ:FaceSlap","floor":20.0},{"not_picked":["champ:BringItOn+1","champ:CrookedStrike","champ:FlashCut+1"],"picked":"SKIP","floor":21.0},{"not_picked":["champ:GutPunch","champ:BerserkersShout"],"picked":"champ:HeartStrike+1","floor":22.0},{"not_picked":["champ:ShieldSigil","champ:RageSigil","champ:EnragedBash"],"picked":"SKIP","floor":22.0},{"not_picked":["champ:BerserkersShout","champ:StanceDance"],"picked":"champ:FightOn","floor":23.0},{"not_picked":["champ:PreciseThrust+1","champ:CrookedStrike+1"],"picked":"champ:SwordSigil","floor":26.0},{"not_picked":["champ:FocusedGladiator+1","champ:Shatter","champ:Control+1"],"picked":"SKIP","floor":26.0},{"not_picked":["champ:FocusedBerserking","champ:AdrenalArmor"],"picked":"champ:VampiricStrike","floor":27.0},{"not_picked":["champ:BringItOn","champ:SkillfulDodge"],"picked":"champ:FightOn","floor":27.0},{"not_picked":["champ:DefensiveShout","champ:GutPunch","champ:TornadoPunch"],"picked":"SKIP","floor":29.0},{"not_picked":["champ:PerfectedStrike","champ:GladiatorsShout","champ:Balance"],"picked":"SKIP","floor":32.0},{"not_picked":["champ:Duel","champ:FaceSlap","champ:FocusedGladiator"],"picked":"SKIP","floor":32.0},{"not_picked":["champ:EnchantSword","champ:ShieldSlam"],"picked":"champ:MurderStrike","floor":33.0},{"not_picked":["champ:FanOfKnives","champ:SkillfulDodge+1","champ:Circumvent+1"],"picked":"SKIP","floor":36.0},{"not_picked":["champ:GladiatorsShout+1","champ:PerfectedStrike+1","champ:Backstep"],"picked":"SKIP","floor":36.0},{"not_picked":["champ:DeathBlow","champ:Control"],"picked":"champ:AdrenalArmor","floor":40.0},{"not_picked":["champ:ArenaPreparation+1","champ:Haymaker+1","champ:FanOfKnives+1"],"picked":"SKIP","floor":46},{"not_picked":["champ:DefensiveShout+1","champ:FaceSlap"],"picked":"champ:CheapShot","floor":47},{"not_picked":["champ:DefensiveShout+1","champ:RapidStrikes"],"picked":"champ:BerserkerStyle+1","floor":48},{"not_picked":["champ:BerserkersShout","champ:RisingSlash+1"],"picked":"champ:Encircle+1","floor":49},{"not_picked":["champ:RapidStrikes","champ:Circumvent","champ:GladiatorsShout"],"picked":"SKIP","floor":49},{"not_picked":["champ:GladiatorStyle+1","champ:Haymaker"],"picked":"champ:LastStand+1","floor":52}],"player_experience":1016081,"relics_obtained":[{"floor":5.0,"key":"Mango"},{"floor":7.0,"key":"Replay:Bottled Snecko"},{"floor":9.0,"key":"Replay:Accelerometer"},{"floor":11.0,"key":"Kunai"},{"floor":20.0,"key":"MutagenicStrength"},{"floor":23.0,"key":"Incense Burner"},{"floor":29.0,"key":"Bag of Marbles"},{"floor":38.0,"key":"Quantum Egg"},{"floor":40.0,"key":"Thread and Needle"},{"floor":41.0,"key":"champ:DefensiveTrainingManual"},{"floor":42.0,"key":"champ:DeflectingBracers"},{"floor":46,"key":"Bronze Scales"},{"floor":47,"key":"Gremlin Horn"},{"floor":48,"key":"Ginger"},{"floor":52,"key":"Du-Vu Doll"}],"event_choices":[{"cards_removed":["Master of Strategy"],"damage_healed":0,"gold_gain":0,"player_choice":"Removed Skill","damage_taken":0,"max_hp_gain":0,"max_hp_loss":0,"event_name":"Falling","floor":45,"gold_loss":0}],"is_beta":true,"boss_relics":[{"not_picked":["Snecko Eye","Ring of Chaos"],"picked":"Replay:Drink Me"},{"not_picked":["Tiny House","Runic Dome"],"picked":"champ:ChampionCrownUpgraded"}],"items_purged_floors":[12,31,37],"is_endless":false,"potions_floor_spawned":[3,9,10,11,14,16,19,22,26,32,42,46,47,48,52],"ascension_level":4}}