{"host":"rbccvrvdyhsypb23","time":1608811971,"event":{"mods":["AchievementEnabler","Act Like it!","Aspiration","BaseMod","Better Third Choice","BetterRewards","Friendly Minions","Gensokyo","Infinite Spire","Ironclad Rager","KomeijiMod","Minty Spire (QoL Compilation)","Replay The Spire","Shade Mod","StSLib","The Blackbeard","The Mystic","The Runesmith","TheBandit","Wandering Minibosses","vexMod"],"gold_per_floor":[115,135,135,63,81,110,110,140,164,189,206,225,225,260,260,359,359,378,378,378,378,344,344,370,370,370,405,405,420,432,447,447,548,598,615,595,495,405,419,446,446,476,556,556,573,598,598,297,297,400,400,405,405,405,405,405],"floor_reached":55,"playtime":2614,"items_purged":["Strike_B","Madness"],"score":1356,"play_id":"8898ae0e-eefe-4018-953c-26f672e8056d","local_time":"20201224151251","is_ascension_mode":true,"campfire_choices":[{"data":"Storm","floor":13.0,"key":"SMITH"},{"data":"Turbo","floor":15.0,"key":"SMITH"},{"floor":23.0,"key":"RECALL"},{"floor":25.0,"key":"REST"},{"floor":32.0,"key":"REST"},{"floor":41,"key":"REST"},{"floor":44,"key":"REST"},{"floor":47,"key":"REST"},{"floor":49,"key":"REST"}],"circlet_count":1,"master_deck":["Strike_B","Strike_B","Strike_B","Defend_B","Defend_B","Defend_B","Zap","Dualcast","Defragment","Glacier","Static Discharge","Capacitor","Consume","Ball Lightning","Defragment","Panic Button","Buffer+1","FIFO Queue","Electrodynamics","Amplify","Storm+1","Turbo+1","infinitespire:Oblivion+1","infinitespire:FutureSight","Heatsinks+1","Chill+1","Force Field+1","Storm","Biased Cognition","Redo+1","Reboot","Biased Cognition","ReplayTheSpireMod:Calculation Training","infinitespire:NeuralNetwork"],"relics":["Circlet","SpellCardsRule","Fusion Hammer","mysticmod:Kama","Centennial Puzzle","aspiration:HatOfInfinitePower","PureWater","WordlessDocument","infinitespire:EmpoweringShard","VioletLotus","Charon\u0027s Ashes","infinitespire:Golems Mask","OrangePellets","aspiration:BursterCore","aspiration:HummingbirdHeart","infinitespire:CheckeredPen","infinitespire:Chaos","FamiliarSpoon","Anchor","Bronze Scales","ReplayTheSpireMod:Ninjato","Runesmith:Nanobots","wanderingMiniBosses:Inkheart","Tiny House","Bird Faced Urn","Shuriken","Garlic","Happy Flower","DataDisk","Toolbox","ChewingGum","vexMod:TimeEaterHat"],"acts_visited":["Exordium","TheCity","TheBeyond","Exordium"],"potions_floor_usage":[],"damage_taken":[{"damage":5.0,"enemies":"Jaw Worm","floor":1.0,"turns":5.0},{"damage":0.0,"enemies":"Small Slimes","floor":2.0,"turns":4.0},{"damage":1.0,"enemies":"Cultist","floor":5.0,"turns":3.0},{"damage":0.0,"enemies":"Lagavulin","floor":6.0,"turns":5.0},{"damage":23.0,"enemies":"3 Sentries","floor":8.0,"turns":5.0},{"damage":0.0,"enemies":"Gremlin Nob","floor":10.0,"turns":4.0},{"damage":15.0,"enemies":"Exordium Thugs","floor":11.0,"turns":3.0},{"damage":0.0,"enemies":"2 Fungi Beasts","floor":12.0,"turns":3.0},{"damage":16.0,"enemies":"3 Sentries","floor":14.0,"turns":3.0},{"damage":17.0,"enemies":"Hexaghost","floor":16.0,"turns":5.0},{"damage":0.0,"enemies":"Spheric Guardian","floor":18.0,"turns":4.0},{"damage":8.0,"enemies":"Slavers","floor":24.0,"turns":3.0},{"damage":2.0,"enemies":"Nightmare","floor":27.0,"turns":7.0},{"damage":0.0,"enemies":"2 Thieves","floor":29.0,"turns":2.0},{"damage":0.0,"enemies":"Snecko","floor":30.0,"turns":3.0},{"damage":3.0,"enemies":"Centurion and Healer","floor":31.0,"turns":3.0},{"damage":0.0,"enemies":"Champ","floor":33.0,"turns":4.0},{"damage":0,"enemies":"3 Darklings","floor":35,"turns":2},{"damage":3,"enemies":"Orb Walker","floor":39,"turns":2},{"damage":0,"enemies":"Reptomancer","floor":40,"turns":3},{"damage":0,"enemies":"Nemesis","floor":42,"turns":1},{"damage":0,"enemies":"Sphere and 2 Shapes","floor":45,"turns":3},{"damage":0,"enemies":"Giant Head","floor":46,"turns":3},{"damage":0,"enemies":"Time Eater","floor":50,"turns":4},{"damage":0,"enemies":"Cultist","floor":52,"turns":1},{"damage":0,"enemies":"Small Slimes","floor":55,"turns":1}],"seed_played":"-7463022728422655517","potions_obtained":[{"floor":8.0,"key":"Languid Potion"},{"floor":14.0,"key":"FocusPotion"},{"floor":16.0,"key":"hexamod:EctoCoolerPotion"},{"floor":34,"key":"PotionOfCapacity"}],"is_trial":false,"path_per_floor":["M","M","?","$","M","E","?","E","T","E","M","M","R","E","R","B",null,"M","?","AVR","?","$","R","E","R","T","NM","T","M","M","M","R","B",null,"M","?","$","?","M","E","R","E","T","R","M","E","R","$","R","B",null,"M","AVR","?","M"],"character_chosen":"DEFECT","items_purchased":["Defragment","ReplayFunnel","Strange Spoon","Glacier","ClockworkSouvenir","Lizard Tail","Static Discharge","Raider\u0027s Mask","Capacitor","Consume","DistilledChaos","Heatsinks","DataDisk","Toolbox"],"campfire_rested":6,"item_purchase_floors":[0,0,0,0,0,0,0,0,0,0,4,22,48,48],"current_hp_per_floor":[84,84,84,84,83,83,83,60,60,66,51,51,51,35,35,18,95,95,95,95,86,86,86,78,95,95,93,93,93,93,90,95,95,100,100,100,100,100,97,97,100,100,100,100,100,100,100,100,100,100,100,100,100,100,100,100],"gold":405,"neow_bonus":"","is_daily":false,"chose_seed":false,"campfire_upgraded":2,"win_rate":0.0,"timestamp":1608811971,"path_taken":["M","M","?","$","M","E","?","E","T","E","?","M","R","E","R","BOSS","M","?","AVR","?","$","R","E","R","T","NM","?","M","M","M","R","BOSS","M","?","?","?","?","E","R","E","T","R","M","E","R","$","R","BOSS","M","AVR","?","M"],"items_purchased_type":["Card","Relic","Relic","Card","Relic","Relic","Card","Relic","Card","Card","Potion","Card","Relic","Relic"],"build_version":"2020-12-22","purchased_purges":2,"victory":false,"max_hp_per_floor":[89,89,89,89,89,89,89,89,89,95,95,95,95,95,95,95,95,95,95,95,95,95,95,95,95,95,95,95,95,95,95,95,95,100,100,100,100,100,100,100,100,100,100,100,100,100,100,100,100,100,100,100,100,100,100,100],"card_choices":[{"not_picked":["Compile Driver","Panic Button"],"picked":"Ball Lightning","floor":1.0},{"not_picked":["Sweeping Beam","Ball Lightning"],"picked":"Defragment","floor":2.0},{"not_picked":["Coolheaded","Recycle"],"picked":"Panic Button","floor":5.0},{"not_picked":["ICR:Cyclone","Core Surge"],"picked":"Buffer","floor":6.0},{"not_picked":["Sweeping Beam","ReplayTheSpireMod:Calculation Training"],"picked":"FIFO Queue","floor":6.0},{"not_picked":["Hyperbeam","Echo Form"],"picked":"Electrodynamics","floor":8.0},{"not_picked":["Compile Driver","BootSequence"],"picked":"Amplify","floor":8.0},{"not_picked":["ReplayTheSpireMod:System Scan","Seeing Red"],"picked":"Storm","floor":10.0},{"not_picked":["ReplayTheSpireMod:Omega Cannon","Core Surge","Multi-Cast"],"picked":"SKIP","floor":10.0},{"not_picked":["ReplayTheSpireMod:GoodbyeWorld","Body Slam","WeaponsOverheat"],"picked":"SKIP","floor":11.0},{"not_picked":["ReplaySolidLightProjector","Barricade","Gash"],"picked":"SKIP","floor":12.0},{"not_picked":["Iron Wave","Dual Wield"],"picked":"Turbo","floor":14.0},{"not_picked":["ReplayTheSpireMod:Omega Cannon","Amplify","Meteor Strike"],"picked":"SKIP","floor":14.0},{"not_picked":["Sweeping Beam+1","Reinforced Body","FTL"],"picked":"SKIP","floor":18.0},{"not_picked":["Rip and Tear+1","Leap"],"picked":"Chill+1","floor":24.0},{"not_picked":["Cold Snap+1","Hologram","ReplayTheSpireMod:GoodbyeWorld"],"picked":"SKIP","floor":27.0},{"not_picked":["Stack","BasicCrystalCard"],"picked":"Force Field+1","floor":29.0},{"not_picked":["All For One","Streamline","Sweeping Beam+1"],"picked":"SKIP","floor":30.0},{"not_picked":["Gash","Panic Button"],"picked":"Storm","floor":31.0},{"not_picked":["Electrodynamics","Echo Form"],"picked":"Biased Cognition","floor":33.0},{"not_picked":["aspiration:Polymerization","Skim"],"picked":"Redo+1","floor":34},{"not_picked":["Streamline","Compile Driver","Go for the Eyes+1"],"picked":"SKIP","floor":35},{"not_picked":["Loop","Ball Lightning","Storm"],"picked":"SKIP","floor":39},{"not_picked":["Chaos+1","ReplayTheSpireMod:Reroute Power","Stack+1"],"picked":"SKIP","floor":40},{"not_picked":["BasicCrystalCard","Tempest","Rebound"],"picked":"SKIP","floor":42},{"not_picked":["Rebound+1","White Noise"],"picked":"Reboot","floor":45},{"not_picked":["Rebound+1","Sweeping Beam+1","Auto Shields+1"],"picked":"SKIP","floor":46},{"not_picked":["Reboot","ReplayRNGCard"],"picked":"Biased Cognition","floor":50},{"not_picked":["Beam Cell","Rebound"],"picked":"ReplayTheSpireMod:Calculation Training","floor":52}],"player_experience":528653,"relics_obtained":[{"floor":6.0,"key":"Pondfish Scales"},{"floor":8.0,"key":"aspiration:Nostalgia"},{"floor":9.0,"key":"ReplayTheSpireMod:Lightbulb"},{"floor":10.0,"key":"vexMod:BerryBomb"},{"floor":14.0,"key":"Replay:Towering Pillar of Hats"},{"floor":24.0,"key":"Bronze Scales"},{"floor":27.0,"key":"ReplayTheSpireMod:Ninjato"},{"floor":28.0,"key":"Runesmith:Nanobots"},{"floor":31.0,"key":"wanderingMiniBosses:Inkheart"},{"floor":40,"key":"Bird Faced Urn"},{"floor":42,"key":"Shuriken"},{"floor":43,"key":"Garlic"},{"floor":46,"key":"Happy Flower"}],"event_choices":[{"damage_healed":0.0,"max_hp_gain":0.0,"max_hp_loss":0.0,"gold_gain":0.0,"event_name":"Accursed Blacksmith","player_choice":"Forge","floor":7.0,"gold_loss":0.0,"damage_taken":0.0,"cards_upgraded":["Buffer"]},{"damage_healed":0.0,"max_hp_gain":0.0,"max_hp_loss":0.0,"gold_gain":0.0,"event_name":"blackbeard:ShipwreckEvent","player_choice":"Anchor","floor":21.0,"gold_loss":0.0,"damage_taken":0.0,"relics_obtained":["Anchor"]},{"damage_healed":0,"gold_gain":0,"player_choice":"Bought 1 Potion","damage_taken":0,"max_hp_gain":0,"max_hp_loss":0,"event_name":"The Woman in Blue","floor":36,"gold_loss":0},{"cards_removed":["Defend_B"],"damage_healed":0,"gold_gain":0,"player_choice":"Upgrade and Remove","damage_taken":0,"max_hp_gain":0,"max_hp_loss":0,"event_name":"Designer","floor":38,"gold_loss":90,"cards_upgraded":["Heatsinks"]}],"is_beta":false,"boss_relics":[{"not_picked":["SacredBark","Ring of Chaos"],"picked":"Inserter"},{"not_picked":["Pandora\u0027s Box","Honey Jar"],"picked":"Tiny House"},{"not_picked":["ReplayTheSpireMod:SealedPack","vexMod:EndlessSickness"],"picked":"ChewingGum"}],"items_purged_floors":[0,37],"is_endless":true,"potions_floor_spawned":[5,8,14,16,24,27,29,31,35,42,45,50,52],"killed_by":"Small Slimes","ascension_level":1}}