{"host":"4edbuligkc8x13l4","time":1608809346,"event":{"mods":["BaseMod","Minty Spire (QoL Compilation)","StSLib","SuperFastMode"],"gold_per_floor":[112,92,104,30,54,89,104,51,76,39,66,78,89,102,102,173,173,153,78,90,90,15,45,45,45,72,72,82,95,111,211,211,211,211],"floor_reached":33,"playtime":1198,"items_purged":[],"score":559,"play_id":"1f7d9688-abc6-412a-8b4c-54491822b9fa","local_time":"20201224192906","is_ascension_mode":true,"campfire_choices":[{"floor":15.0,"key":"REST"},{"floor":24.0,"key":"REST"},{"data":"Limit Break","floor":27.0,"key":"SMITH"},{"floor":32,"key":"REST"}],"circlet_count":0,"master_deck":["AscendersBane","Strike_R","Strike_R","Strike_R","Strike_R","Defend_R","Defend_R","Defend_R","Defend_R","Bash","Rage","Sword Boomerang","Rampage","Seeing Red","True Grit","Inflame","Feel No Pain","Seeing Red","Armaments","Limit Break+1","Armaments+1","Flex+1","Reaper","Bloodletting+1","Rupture+1"],"relics":["Burning Blood","NeowsBlessing","Bag of Preparation","Centennial Puzzle","Pen Nib","Art of War","Tiny Chest","Runic Cube","Ancient Tea Set","Letter Opener","Blood Vial","Du-Vu Doll","Darkstone Periapt"],"acts_visited":["Exordium","TheCity"],"potions_floor_usage":[31],"damage_taken":[{"damage":0.0,"enemies":"Cultist","floor":1.0,"turns":1.0},{"damage":0.0,"enemies":"Small Slimes","floor":3.0,"turns":1.0},{"damage":0.0,"enemies":"Gremlin Nob","floor":6.0,"turns":1.0},{"damage":4.0,"enemies":"2 Louse","floor":7.0,"turns":2.0},{"damage":10.0,"enemies":"Lagavulin","floor":11.0,"turns":4.0},{"damage":21.0,"enemies":"Large Slime","floor":12.0,"turns":4.0},{"damage":10.0,"enemies":"Blue Slaver","floor":13.0,"turns":3.0},{"damage":30.0,"enemies":"Exordium Wildlife","floor":14.0,"turns":5.0},{"damage":29.0,"enemies":"The Guardian","floor":16.0,"turns":10.0},{"damage":26.0,"enemies":"2 Thieves","floor":18.0,"turns":4.0},{"damage":24.0,"enemies":"3 Byrds","floor":20.0,"turns":6.0},{"damage":16.0,"enemies":"Gremlin Leader","floor":23.0,"turns":6.0},{"damage":37.0,"enemies":"Sentry and Sphere","floor":28.0,"turns":6.0},{"damage":43.0,"enemies":"Centurion and Healer","floor":29.0,"turns":8.0},{"damage":23.0,"enemies":"Snake Plant","floor":30.0,"turns":4.0},{"damage":21,"enemies":"Colosseum Slavers","floor":31,"turns":2},{"damage":39,"enemies":"Colosseum Nobs","floor":31,"turns":6},{"damage":83,"enemies":"Automaton","floor":33,"turns":6}],"seed_played":"2724569512418423185","potions_obtained":[{"floor":1.0,"key":"LiquidMemories"},{"floor":2.0,"key":"Fire Potion"},{"floor":3.0,"key":"SteroidPotion"},{"floor":12.0,"key":"Strength Potion"},{"floor":14.0,"key":"DuplicationPotion"},{"floor":23.0,"key":"ElixirPotion"},{"floor":30.0,"key":"GamblersBrew"}],"is_trial":false,"path_per_floor":["M","?","M","$","T","E","M","?","T","$","E","M","M","M","R","B",null,"M","?","M","?","$","E","R","T","T","R","M","M","M","?","R","B"],"character_chosen":"IRONCLAD","items_purchased":["Rampage","Inflame","Reaper"],"campfire_rested":3,"item_purchase_floors":[4,10,22],"current_hp_per_floor":[74,74,75,75,75,75,75,75,75,75,71,56,52,28,50,27,63,43,43,25,25,25,33,55,55,55,55,26,23,23,49,71,0,0],"gold":211,"neow_bonus":"THREE_ENEMY_KILL","is_daily":false,"chose_seed":false,"campfire_upgraded":1,"win_rate":0.0,"timestamp":1608809346,"path_taken":["M","?","?","$","?","E","M","?","T","$","E","?","M","M","R","BOSS","M","?","M","?","$","E","R","?","T","R","M","M","M","?","R","BOSS"],"items_purchased_type":["Card","Card","Card"],"build_version":"2020-12-22","purchased_purges":0,"victory":false,"max_hp_per_floor":[75,75,75,75,75,75,75,75,75,75,75,75,75,75,75,75,75,75,75,75,75,75,75,75,75,75,75,75,75,75,75,75,75,75],"card_choices":[{"not_picked":["Reckless Charge","Havoc"],"picked":"Rage","floor":1.0},{"not_picked":["Pommel Strike","Perfected Strike"],"picked":"Sword Boomerang","floor":3.0},{"not_picked":["Body Slam","Havoc"],"picked":"Seeing Red","floor":6.0},{"not_picked":["Rampage","Wild Strike"],"picked":"True Grit","floor":7.0},{"not_picked":["Shockwave","Wild Strike","Iron Wave"],"picked":"SKIP","floor":11.0},{"not_picked":["True Grit","Whirlwind"],"picked":"Feel No Pain","floor":12.0},{"not_picked":["Anger","Iron Wave"],"picked":"Seeing Red","floor":13.0},{"not_picked":["Heavy Blade","True Grit"],"picked":"Armaments","floor":14.0},{"not_picked":["Exhume","Brutality"],"picked":"Limit Break","floor":16.0},{"not_picked":["Disarm","Havoc"],"picked":"Armaments+1","floor":18.0},{"not_picked":["Armaments","Flex+1","Rampage+1"],"picked":"SKIP","floor":20.0},{"not_picked":["Armaments","Rampage+1"],"picked":"Flex+1","floor":20.0},{"not_picked":["True Grit+1","Heavy Blade+1"],"picked":"Bloodletting+1","floor":23.0},{"not_picked":["Headbutt","Havoc","Body Slam"],"picked":"SKIP","floor":28.0},{"not_picked":["True Grit+1","Clothesline","Shrug It Off"],"picked":"SKIP","floor":29.0},{"not_picked":["Reckless Charge","Cleave","Armaments"],"picked":"SKIP","floor":30.0},{"not_picked":["Twin Strike","Intimidate"],"picked":"Rupture+1","floor":31}],"player_experience":913847,"relics_obtained":[{"floor":5.0,"key":"Bag of Preparation"},{"floor":6.0,"key":"Centennial Puzzle"},{"floor":9.0,"key":"Art of War"},{"floor":11.0,"key":"Tiny Chest"},{"floor":23.0,"key":"Ancient Tea Set"},{"floor":25.0,"key":"Letter Opener"},{"floor":26.0,"key":"Blood Vial"},{"floor":31,"key":"Du-Vu Doll"},{"floor":31,"key":"Darkstone Periapt"}],"event_choices":[{"damage_healed":0.0,"max_hp_gain":0.0,"max_hp_loss":0.0,"gold_gain":0.0,"event_name":"The Woman in Blue","player_choice":"Bought 1 Potion","floor":2.0,"gold_loss":0.0,"damage_taken":0.0},{"damage_healed":0.0,"max_hp_gain":0.0,"max_hp_loss":0.0,"gold_gain":0.0,"event_name":"WeMeetAgain","player_choice":"Paid Gold","floor":8.0,"gold_loss":53.0,"damage_taken":0.0,"relics_obtained":["Pen Nib"]},{"cards_removed":["Strike_R"],"damage_healed":0.0,"max_hp_gain":0.0,"max_hp_loss":0.0,"gold_gain":0.0,"event_name":"Beggar","player_choice":"Gave Gold","floor":19.0,"gold_loss":75.0,"damage_taken":0.0},{"damage_healed":0.0,"max_hp_gain":0.0,"max_hp_loss":0.0,"gold_gain":0.0,"event_name":"Ghosts","player_choice":"Ignored","floor":21.0,"gold_loss":0.0,"damage_taken":0.0},{"damage_healed":0,"gold_gain":0,"player_choice":"Fight","damage_taken":0,"max_hp_gain":0,"max_hp_loss":0,"event_name":"Colosseum","floor":31,"gold_loss":0},{"damage_healed":0,"gold_gain":0,"player_choice":"Fought Nobs","damage_taken":0,"max_hp_gain":0,"max_hp_loss":0,"event_name":"Colosseum","floor":31,"gold_loss":0}],"is_beta":false,"boss_relics":[{"not_picked":["Fusion Hammer","Ectoplasm"],"picked":"Runic Cube"}],"items_purged_floors":[],"is_endless":false,"potions_floor_spawned":[1,3,12,14,23,30,31],"killed_by":"Automaton","ascension_level":17}}