{"host":"m6aaltr68g9tvoay","time":1608773619,"event":{"mods":["AchievementEnabler","BaseMod","Colored Map","Minty Spire (QoL Compilation)","StSLib"],"gold_per_floor":[117,42,42,42,42,72,72,72,72,84,102,102,114,124,124,196,196,211,40,53,67,78,78,107,107,162,162,162,180,180,180],"floor_reached":30,"playtime":1050,"items_purged":[],"score":513,"play_id":"a67f9c51-7e32-47a9-b9a6-f756ceaf2229","local_time":"20201223173339","is_ascension_mode":true,"campfire_choices":[{"floor":8,"key":"REST"},{"data":"White Noise","floor":12,"key":"SMITH"},{"data":"Loop","floor":15,"key":"SMITH"},{"floor":23,"key":"REST"},{"floor":27,"key":"REST"}],"circlet_count":0,"master_deck":["AscendersBane","Strike_B+1","Defend_B","Defend_B","Defend_B","Zap","Dualcast","Sunder","White Noise+1","All For One","Reinforced Body","BootSequence","Echo Form","Streamline+1","Loop+1","Electrodynamics","Chill+1","Core Surge+1","Tempest+1","Self Repair+1","Static Discharge","Melter"],"relics":["Cracked Core","Bronze Scales","Happy Flower","Mango","Astrolabe","Akabeko","Cables","Whetstone"],"acts_visited":["Exordium","TheCity"],"potions_floor_usage":[16,21,24,30],"damage_taken":[{"damage":3,"enemies":"2 Louse","floor":1,"turns":3},{"damage":30,"enemies":"Lagavulin","floor":6,"turns":6},{"damage":0,"enemies":"Small Slimes","floor":10,"turns":3},{"damage":1,"enemies":"Cultist","floor":11,"turns":4},{"damage":6,"enemies":"Blue Slaver","floor":13,"turns":3},{"damage":0,"enemies":"Exordium Wildlife","floor":14,"turns":2},{"damage":10,"enemies":"Hexaghost","floor":16,"turns":9},{"damage":26,"enemies":"Spheric Guardian","floor":18,"turns":4},{"damage":8,"enemies":"2 Thieves","floor":20,"turns":4},{"damage":17,"enemies":"3 Cultists","floor":21,"turns":5},{"damage":30,"enemies":"Centurion and Healer","floor":22,"turns":5},{"damage":43,"enemies":"Book of Stabbing","floor":24,"turns":6},{"damage":36,"enemies":"Snake Plant","floor":29,"turns":3},{"damage":25,"enemies":"Cultist and Chosen","floor":30,"turns":5}],"seed_played":"-8962239448165524537","potions_obtained":[{"floor":1,"key":"Explosive Potion"},{"floor":6,"key":"Weak Potion"},{"floor":22,"key":"Dexterity Potion"},{"floor":29,"key":"Fire Potion"}],"is_trial":false,"path_per_floor":["M","$","?","?","?","E","$","R","T","M","M","R","M","M","R","B",null,"M","$","M","M","M","R","E","?","T","R","?","M","M"],"character_chosen":"DEFECT","items_purchased":["White Noise","Akabeko"],"campfire_rested":3,"item_purchase_floors":[2,19],"current_hp_per_floor":[68,68,68,50,50,20,20,43,57,57,56,56,50,50,50,40,79,53,53,52,49,33,60,24,24,24,51,51,15,0,0],"gold":180,"neow_bonus":"TEN_PERCENT_HP_BONUS","is_daily":false,"chose_seed":false,"campfire_upgraded":2,"win_rate":0.0,"timestamp":1608773619,"path_taken":["M","$","?","?","?","E","$","R","T","?","M","R","M","M","R","BOSS","M","$","M","M","M","R","E","?","T","R","?","?","M"],"items_purchased_type":["Card","Relic"],"build_version":"2020-12-22","purchased_purges":0,"victory":false,"max_hp_per_floor":[78,78,78,78,78,78,78,78,92,92,92,92,92,92,92,92,92,92,92,92,92,92,92,92,92,92,92,92,92,92,92],"card_choices":[{"not_picked":["Auto Shields","Redo"],"picked":"Sunder","floor":1},{"not_picked":["Rip and Tear","Barrage"],"picked":"Reinforced Body","floor":6},{"not_picked":["Rebound","Ball Lightning"],"picked":"BootSequence","floor":10},{"not_picked":["Compile Driver","Loop"],"picked":"Echo Form","floor":11},{"not_picked":["Capacitor","Barrage"],"picked":"Streamline","floor":13},{"not_picked":["Double Energy","Coolheaded"],"picked":"Loop","floor":14},{"not_picked":["All For One","Biased Cognition"],"picked":"Electrodynamics","floor":16},{"not_picked":["Tempest+1","Leap+1"],"picked":"Self Repair","floor":18},{"not_picked":["Streamline","Fusion"],"picked":"Static Discharge","floor":20},{"not_picked":["Undo","Hello World","Beam Cell"],"picked":"SKIP","floor":21},{"not_picked":["Consume+1","Loop","Coolheaded"],"picked":"SKIP","floor":22},{"not_picked":["Loop","Compile Driver","Steam Power+1"],"picked":"SKIP","floor":24},{"not_picked":["Electrodynamics","Streamline"],"picked":"Melter","floor":29}],"player_experience":1300550,"relics_obtained":[{"floor":6,"key":"Happy Flower"},{"floor":9,"key":"Mango"},{"floor":24,"key":"Cables"},{"floor":26,"key":"Whetstone"}],"event_choices":[{"damage_healed":0,"gold_gain":0,"player_choice":"Ignored","damage_taken":0,"max_hp_gain":0,"max_hp_loss":0,"event_name":"Shining Light","floor":3,"gold_loss":0},{"damage_healed":0,"gold_gain":0,"player_choice":"Success","damage_taken":18,"relics_obtained":["Bronze Scales"],"max_hp_gain":0,"max_hp_loss":0,"event_name":"Scrap Ooze","floor":4,"gold_loss":0},{"damage_healed":0,"gold_gain":0,"cards_transformed":["Strike_B"],"player_choice":"Transformed","damage_taken":0,"max_hp_gain":0,"max_hp_loss":0,"event_name":"Transmorgrifier","floor":5,"gold_loss":0,"cards_obtained":["All For One"]},{"damage_healed":0,"gold_gain":0,"player_choice":"Ignored","damage_taken":0,"max_hp_gain":0,"max_hp_loss":0,"event_name":"Ghosts","floor":25,"gold_loss":0},{"damage_healed":0,"gold_gain":0,"player_choice":"Upgraded","damage_taken":0,"max_hp_gain":0,"max_hp_loss":0,"event_name":"Upgrade Shrine","floor":28,"gold_loss":0,"cards_upgraded":["Self Repair"]}],"is_beta":false,"boss_relics":[{"not_picked":["Cursed Key","Empty Cage"],"picked":"Astrolabe"}],"items_purged_floors":[],"is_endless":false,"potions_floor_spawned":[1,6,10,22,29],"killed_by":"Cultist and Chosen","ascension_level":19}}