{"host":"Jinnai","time":1608781720,"event":{"mods":["BaseMod","Bestiary","Block Reminder","Colored Map","Colored Powertips","Highlight Path","Keyboard Shortcuts","Minty Spire (QoL Compilation)","Quick Restart","Relic Stats"],"gold_per_floor":[117,136,146,146,146,186,205,245,269,282,282,320,344,359,359,359,359],"floor_reached":16,"playtime":3833,"items_purged":[],"score":291,"play_id":"bc39c585-5b66-410c-ac1e-edcd971423b9","local_time":"20201223224840","is_ascension_mode":true,"campfire_choices":[{"floor":11,"key":"REST"},{"floor":15,"key":"REST"}],"circlet_count":0,"master_deck":["AscendersBane","Strike_P","Strike_P","Strike_P","Strike_P","Defend_P","Defend_P","Defend_P","Eruption","Vigilance","Conclude","WheelKick","SandsOfTime","CutThroughFate"],"relics":["Busted Crown","Golden Idol","Vajra","Omamori","Oddly Smooth Stone","Pen Nib"],"acts_visited":["Exordium"],"potions_floor_usage":[8,12],"damage_taken":[{"damage":6,"enemies":"2 Louse","floor":1,"turns":3},{"damage":0,"enemies":"Small Slimes","floor":2,"turns":1},{"damage":4,"enemies":"Jaw Worm","floor":3,"turns":3},{"damage":27,"enemies":"Lagavulin","floor":6,"turns":5},{"damage":0,"enemies":"Exordium Wildlife","floor":7,"turns":2},{"damage":0,"enemies":"Gremlin Nob","floor":8,"turns":2},{"damage":0,"enemies":"Exordium Thugs","floor":10,"turns":3},{"damage":22,"enemies":"Lagavulin","floor":12,"turns":5},{"damage":0,"enemies":"Large Slime","floor":13,"turns":2},{"damage":4,"enemies":"Exordium Wildlife","floor":14,"turns":2},{"damage":40,"enemies":"The Guardian","floor":16,"turns":5}],"seed_played":"3719207421224066703","potions_obtained":[{"floor":1,"key":"FearPotion"},{"floor":2,"key":"DistilledChaos"},{"floor":12,"key":"Block Potion"},{"floor":14,"key":"Ancient Potion"}],"is_trial":false,"path_per_floor":["M","M","M","?","?","E","M","E","T","M","R","E","M","M","R","B"],"character_chosen":"WATCHER","items_purchased":[],"campfire_rested":2,"item_purchase_floors":[],"current_hp_per_floor":[55,55,51,51,44,17,17,17,17,17,35,13,13,9,27,0,0],"gold":359,"neow_bonus":"BOSS_RELIC","is_daily":false,"chose_seed":false,"campfire_upgraded":0,"win_rate":0.0,"timestamp":1608781720,"path_taken":["M","M","M","?","?","E","M","E","T","M","R","E","M","M","R","BOSS"],"items_purchased_type":[],"build_version":"2020-12-18","purchased_purges":0,"victory":false,"max_hp_per_floor":[68,68,68,62,62,62,62,62,62,62,62,62,62,62,62,62,62],"relic_stats":{"Busted Crown":20,"counters":[11,33],"Golden Idol":39,"Pen Nib":[2],"obtain_stats":[{"Busted Crown":0,"Golden Idol":4,"Vajra":6,"Oddly Smooth Stone":9,"Pen Nib":12,"Omamori":8,"PureWater":0},{"Busted Crown":0,"Golden Idol":3,"Vajra":4,"Oddly Smooth Stone":6,"Pen Nib":8,"Omamori":6,"PureWater":0},{"Busted Crown":0,"Golden Idol":7,"Vajra":12,"Oddly Smooth Stone":16,"Pen Nib":24,"Omamori":16,"PureWater":0}]},"card_choices":[{"not_picked":[],"picked":"Conclude","floor":1},{"not_picked":[],"picked":"WheelKick","floor":2},{"not_picked":[],"picked":"SandsOfTime","floor":3},{"not_picked":["ClearTheMind"],"picked":"SKIP","floor":6},{"not_picked":[],"picked":"CutThroughFate","floor":7},{"not_picked":["Prostrate"],"picked":"SKIP","floor":8},{"not_picked":["Crescendo"],"picked":"SKIP","floor":10},{"not_picked":["Protect"],"picked":"SKIP","floor":12},{"not_picked":["Protect"],"picked":"SKIP","floor":13},{"not_picked":["PathToVictory"],"picked":"SKIP","floor":14}],"player_experience":1484189,"relics_obtained":[{"floor":6,"key":"Vajra"},{"floor":8,"key":"Omamori"},{"floor":9,"key":"Oddly Smooth Stone"},{"floor":12,"key":"Pen Nib"}],"event_choices":[{"damage_healed":0,"gold_gain":0,"player_choice":"Lose Max HP","damage_taken":0,"relics_obtained":["Golden Idol"],"max_hp_gain":0,"max_hp_loss":6,"event_name":"Golden Idol","floor":4,"gold_loss":0},{"cards_removed":["Defend_P"],"damage_healed":0,"gold_gain":0,"player_choice":"Card Removal","damage_taken":7,"max_hp_gain":0,"max_hp_loss":0,"event_name":"Golden Wing","floor":5,"gold_loss":0}],"is_beta":true,"boss_relics":[],"items_purged_floors":[],"is_endless":false,"potions_floor_spawned":[1,2,12,14],"killed_by":"The Guardian","ascension_level":19}}