{"host":"svwqvw2il1zfkkg0","time":1608770184,"event":{"mods":["AchievementEnabler","BaseMod","BetterRewards","Colored Map","Colored Powertips","Custom Start","Downfall","GifTheSpireLib","Highlight Path","Hubris","Infinite Spire","Minty Spire (QoL Compilation)","Quick Restart","Replay The Spire","Shop Mod","StSLib","SuperFastMode"],"gold_per_floor":[119,139,119,139,149,175,175,175,175,175,175,4,4,24,24,119,119,137,147,3,16,29,29,60,9,34,34,34,34,34,34,34,136,136,153,164,164,174,174,174,200,200,276,276,291,84,84,84],"floor_reached":47,"playtime":1305,"items_purged":["hexamod:Float"],"score":441,"play_id":"d66c1bab-e9f3-4a79-8bff-5eb8b926dfe3","local_time":"20201223163624","is_ascension_mode":false,"campfire_choices":[{"data":"Blade Dance","floor":7,"key":"SMITH"},{"data":"Dagger Spray","floor":13,"key":"SMITH"},{"data":"Poisoned Stab","floor":15,"key":"SMITH"},{"floor":23,"key":"REST"},{"floor":27,"key":"REST"},{"floor":32,"key":"REST"},{"floor":40,"key":"REST"},{"floor":42,"key":"REST"},{"floor":44,"key":"REST"}],"circlet_count":0,"master_deck":["Strike_G","Strike_G","Strike_G","Strike_G","Strike_G","Defend_G","Defend_G","Defend_G","Defend_G","Survivor","Neutralize","Blade Dance+1","Dagger Spray+1","Endless Agony","Poisoned Stab+1","PiercingWail","Flying Knee","Glass Knife","Dagger Spray","Dash","Quick Slash","Bane+1","Bullet Time","Storm of Steel","Dagger Spray","Dash+1","Blade Dance+1","ReplayTheSpireMod:Splinters"],"relics":["Ring of the Snake","Blood Vial","hubris:Towel","infinitespire:WardingShard","infinitespire:ShieldingShard","Runic Pyramid","Boot","Lizard Tail","Juzu Bracelet","WristBlade","Busted Crown","Incense Burner","Du-Vu Doll","Sundial","infinitespire:Lucky Rock"],"acts_visited":["Exordium","TheCity","TheBeyond"],"potions_floor_usage":[6,6,6,16,18,24,33,33,38,47,47,47],"damage_taken":[{"damage":0,"enemies":"Small Slimes","floor":1,"turns":2},{"damage":1,"enemies":"Cultist","floor":2,"turns":3},{"damage":0,"enemies":"2 Louse","floor":4,"turns":3},{"damage":0,"enemies":"2 Fungi Beasts","floor":5,"turns":2},{"damage":6,"enemies":"Gremlin Nob","floor":6,"turns":3},{"damage":0,"enemies":"Looter","floor":14,"turns":2},{"damage":25,"enemies":"Slime Boss","floor":16,"turns":8},{"damage":0,"enemies":"Shell Parasite","floor":18,"turns":3},{"damage":0,"enemies":"3 Byrds","floor":19,"turns":3},{"damage":31,"enemies":"Centurion and Healer","floor":21,"turns":6},{"damage":4,"enemies":"Chosen and Byrds","floor":22,"turns":4},{"damage":44,"enemies":"Book of Stabbing","floor":24,"turns":5},{"damage":23,"enemies":"Automaton","floor":33,"turns":10},{"damage":26,"enemies":"3 Darklings","floor":35,"turns":5},{"damage":24,"enemies":"3 Shapes","floor":36,"turns":3},{"damage":37,"enemies":"Sphere and 2 Shapes","floor":38,"turns":4},{"damage":0,"enemies":"4 Shapes","floor":45,"turns":2},{"damage":0,"enemies":"infinitespire:Three Voidlings","floor":47,"turns":2},{"damage":131,"enemies":"Nightmare_Alpha","floor":47,"turns":9}],"seed_played":"-2537383559780226931","potions_obtained":[{"floor":1,"key":"AttackPotion"},{"floor":2,"key":"Explosive Potion"},{"floor":3,"key":"Weak Potion"},{"floor":16,"key":"Poison Potion"},{"floor":22,"key":"SteroidPotion"},{"floor":24,"key":"ColorlessPotion"},{"floor":33,"key":"LiquidBronze"},{"floor":36,"key":"Swift Potion"},{"floor":38,"key":"FearPotion"}],"is_trial":false,"path_per_floor":["M","M","?","M","M","E","R","?","T","?","T","$","R","M","R","B",null,"M","M","$","M","M","R","E","$","T","R","?","?","?","?","R","B",null,"M","M","AVR","M","?","R","?","R","T","R","M","$","?"],"character_chosen":"THE_SILENT","items_purchased":["Flying Knee","Poison Potion","Boot","Block Potion","infinitespire:Lucky Rock","ColorlessPotion"],"campfire_rested":6,"item_purchase_floors":[12,12,20,25,46,46],"current_hp_per_floor":[84,83,83,83,83,77,77,77,77,77,77,77,77,79,79,56,84,84,84,84,53,51,76,34,34,34,59,59,59,59,59,84,61,84,58,36,36,1,1,26,26,51,51,76,78,78,0,0],"gold":84,"neow_bonus":"TWENTY_PERCENT_HP_BONUS","is_daily":false,"chose_seed":false,"campfire_upgraded":3,"win_rate":0.0,"timestamp":1608770184,"path_taken":["M","M","?","?","M","E","R","?","T","?","?","$","R","M","R","BOSS","M","M","$","M","M","R","E","?","T","R","?","?","?","?","R","BOSS","M","M","AVR","M","?","R","?","R","T","R","M","$","?"],"items_purchased_type":["Card","Potion","Relic","Potion","Relic","Potion"],"build_version":"2020-12-22","purchased_purges":1,"victory":false,"max_hp_per_floor":[84,84,84,84,84,84,84,84,84,84,84,84,84,84,84,84,84,84,84,84,84,84,84,84,84,84,84,84,84,84,84,84,84,84,84,84,84,84,84,84,84,84,84,84,84,84,84,84],"card_choices":[{"not_picked":["Dodge and Roll","PiercingWail"],"picked":"Blade Dance","floor":1},{"not_picked":["Noxious Fumes","Flying Knee"],"picked":"Dagger Spray","floor":2},{"not_picked":["Flechettes","Dagger Throw"],"picked":"Endless Agony","floor":4},{"not_picked":["Escape Plan","Catalyst"],"picked":"Poisoned Stab","floor":5},{"not_picked":["ReplayTheSpireMod:Scrap Shanks","ReplayTheSpireMod:From All Sides"],"picked":"PiercingWail","floor":6},{"not_picked":["Outmaneuver","Slice"],"picked":"Bane","floor":14},{"not_picked":["After Image","Grand Finale"],"picked":"Glass Knife","floor":16},{"not_picked":["Heel Hook","hubris:TrickCloak"],"picked":"Dagger Spray","floor":18},{"not_picked":["Poisoned Stab","Calculated Gamble+1"],"picked":"Dash","floor":19},{"not_picked":["Acrobatics+1","Hidden Blade","Deadly Poison"],"picked":"SKIP","floor":21},{"not_picked":["Backflip","ReplayTheSpireMod:Scrap Shanks"],"picked":"Quick Slash","floor":22},{"not_picked":["ReplayTheSpireMod:The Works","Predator"],"picked":"Bane+1","floor":24},{"not_picked":["Tools of the Trade","Grand Finale"],"picked":"Storm of Steel","floor":33},{"not_picked":["Backflip","Quick Slash"],"picked":"Dagger Spray","floor":35},{"not_picked":["Deflect","Slice"],"picked":"Dash+1","floor":36},{"not_picked":[],"picked":"Blade Dance+1","floor":38},{"not_picked":["Outmaneuver+1"],"picked":"SKIP","floor":45}],"player_experience":416668,"relics_obtained":[{"floor":6,"key":"Blood Vial"},{"floor":9,"key":"infinitespire:WardingShard"},{"floor":11,"key":"infinitespire:ShieldingShard"},{"floor":24,"key":"Lizard Tail"},{"floor":26,"key":"Juzu Bracelet"},{"floor":41,"key":"Du-Vu Doll"},{"floor":43,"key":"Sundial"}],"event_choices":[{"damage_healed":0,"gold_gain":0,"player_choice":"Bought 1 Potion","damage_taken":0,"max_hp_gain":0,"max_hp_loss":0,"event_name":"The Woman in Blue","floor":3,"gold_loss":0},{"cards_removed":["sneckomod:Unknown"],"damage_healed":0,"gold_gain":0,"player_choice":"Forget","damage_taken":0,"max_hp_gain":0,"max_hp_loss":0,"event_name":"Living Wall","floor":10,"gold_loss":0},{"damage_healed":0,"gold_gain":0,"cards_transformed":["Bane"],"player_choice":"Transformed","damage_taken":0,"max_hp_gain":0,"max_hp_loss":0,"event_name":"Transmorgrifier","floor":29,"gold_loss":0,"cards_obtained":["Bullet Time"]},{"cards_removed":["Defend_G"],"damage_healed":0,"gold_gain":0,"player_choice":"Removed Skill","damage_taken":0,"max_hp_gain":0,"max_hp_loss":0,"event_name":"Falling","floor":39,"gold_loss":0}],"is_beta":false,"boss_relics":[{"not_picked":["infinitespire:Cupcake","Velvet Choker"],"picked":"Runic Pyramid"},{"not_picked":["Snecko Eye","hubris:RunicObelisk"],"picked":"WristBlade"}],"items_purged_floors":[12],"is_endless":false,"potions_floor_spawned":[1,2,16,22,24,33,36,38],"killed_by":"Nightmare_Alpha","ascension_level":0}}