{"host":"fjaupvxe7fzqrf4j","time":1608785144,"event":{"mods":["BaseMod","Minty Spire (QoL Compilation)","StSLib"],"gold_per_floor":[111,111,111,131,56,56,89,105,128,162,162,173,201,219,219,294,294,311,331,331,331,358,385,385,402,402,422,52,52,65,75,75,149,149,167,167,167,185,203,228,239,266,266,266,284,311,331,141,141,141,141,141,57,85,85],"floor_reached":56,"playtime":3066,"items_purged":["Strike_R","Strike_R"],"score":2312,"play_id":"0f2cdf14-5dbd-4b06-93af-0d2b6c435507","local_time":"20201224124544","is_ascension_mode":true,"campfire_choices":[{"data":"Power Through","floor":6.0,"key":"SMITH"},{"data":"Body Slam","floor":11.0,"key":"SMITH"},{"data":"Feel No Pain","floor":15.0,"key":"SMITH"},{"data":"Second Wind","floor":24.0,"key":"SMITH"},{"data":"Shockwave","floor":32.0,"key":"SMITH"},{"floor":49.0,"key":"RECALL"},{"data":"Apotheosis","floor":52.0,"key":"SMITH"}],"circlet_count":0,"master_deck":["AscendersBane","Defend_R","Defend_R","Defend_R","Defend_R","Power Through+1","Feed","Burning Pact","Body Slam+1","Feel No Pain+1","Second Wind+1","Pommel Strike+1","Exhume","Shockwave+1","Entrench+1","Shrug It Off","Impervious","True Grit+1","Spot Weakness+1","Bloodletting+1","Power Through","Shrug It Off","Evolve+1","Apotheosis+1"],"relics":["Burning Blood","NeowsBlessing","Akabeko","Toy Ornithopter","Tiny Chest","Pocketwatch","Runic Dome","Enchiridion","Whetstone","Self Forming Clay","Centennial Puzzle","Omamori","Bottled Lightning","Astrolabe","Incense Burner","Oddly Smooth Stone","Dream Catcher","Anchor","Red Skull"],"acts_visited":["Exordium","TheCity","TheBeyond","TheEnding"],"potions_floor_usage":[54,55],"damage_taken":[{"damage":0.0,"enemies":"Small Slimes","floor":1.0,"turns":1.0},{"damage":7.0,"enemies":"Jaw Worm","floor":4.0,"turns":3.0},{"damage":0.0,"enemies":"Lagavulin","floor":7.0,"turns":2.0},{"damage":4.0,"enemies":"Cultist","floor":8.0,"turns":5.0},{"damage":55.0,"enemies":"Gremlin Nob","floor":10.0,"turns":6.0},{"damage":0.0,"enemies":"2 Fungi Beasts","floor":12.0,"turns":4.0},{"damage":20.0,"enemies":"Lagavulin","floor":13.0,"turns":6.0},{"damage":3.0,"enemies":"Blue Slaver","floor":14.0,"turns":2.0},{"damage":8.0,"enemies":"The Guardian","floor":16.0,"turns":9.0},{"damage":18.0,"enemies":"2 Thieves","floor":18.0,"turns":5.0},{"damage":36.0,"enemies":"Shell Parasite","floor":19.0,"turns":7.0},{"damage":15.0,"enemies":"Gremlin Leader","floor":23.0,"turns":5.0},{"damage":18.0,"enemies":"3 Cultists","floor":25.0,"turns":8.0},{"damage":3.0,"enemies":"Chosen and Byrds","floor":27.0,"turns":4.0},{"damage":0.0,"enemies":"Shelled Parasite and Fungi","floor":30.0,"turns":3.0},{"damage":3.0,"enemies":"Snecko","floor":31.0,"turns":4.0},{"damage":12.0,"enemies":"Collector","floor":33.0,"turns":7.0},{"damage":3.0,"enemies":"3 Darklings","floor":35.0,"turns":4.0},{"damage":4.0,"enemies":"3 Shapes","floor":38.0,"turns":4.0},{"damage":0.0,"enemies":"Sphere and 2 Shapes","floor":39.0,"turns":4.0},{"damage":55.0,"enemies":"Nemesis","floor":40.0,"turns":15.0},{"damage":3.0,"enemies":"Writhing Mass","floor":41.0,"turns":4.0},{"damage":16.0,"enemies":"Giant Head","floor":42.0,"turns":7.0},{"damage":3.0,"enemies":"Maw","floor":45.0,"turns":5.0},{"damage":14.0,"enemies":"Nemesis","floor":46.0,"turns":7.0},{"damage":1.0,"enemies":"Transient","floor":47.0,"turns":5.0},{"damage":14.0,"enemies":"Awakened One","floor":50.0,"turns":9.0},{"damage":65,"enemies":"Shield and Spear","floor":54,"turns":5},{"damage":20,"enemies":"The Heart","floor":55,"turns":15}],"seed_played":"-3221469986375025909","potions_obtained":[{"floor":4.0,"key":"SpeedPotion"},{"floor":10.0,"key":"BlessingOfTheForge"},{"floor":13.0,"key":"FairyPotion"},{"floor":16.0,"key":"Dexterity Potion"},{"floor":31.0,"key":"PowerPotion"},{"floor":33.0,"key":"LiquidBronze"},{"floor":38.0,"key":"SkillPotion"},{"floor":47.0,"key":"BloodPotion"}],"is_trial":false,"path_per_floor":["M","?","?","M","$","R","E","M","T","E","R","M","E","M","R","B",null,"M","M","?","?","T","E","R","M","T","M","$","T","M","M","R","B",null,"M","?","?","M","M","E","M","E","T","T","M","E","M","$","R","B",null,"R","$","E","B",null],"character_chosen":"IRONCLAD","items_purchased":["Omamori","SneckoOil","Apotheosis","LiquidMemories"],"campfire_rested":0,"item_purchase_floors":[28,28,48,53],"current_hp_per_floor":[74,79,79,81,81,81,86,89,89,45,45,54,45,51,51,52,87,78,51,51,30,30,29,29,20,20,26,26,26,35,38,38,37,96,102,102,102,107,116,70,76,66,66,66,72,64,100,100,100,92,124,124,124,70,65],"gold":85,"neow_bonus":"THREE_ENEMY_KILL","is_daily":false,"chose_seed":false,"campfire_upgraded":6,"win_rate":0.0,"timestamp":1608785144,"path_taken":["M","?","?","?","$","R","E","M","T","E","R","M","E","M","R","BOSS","M","M","?","?","?","E","R","M","T","M","$","?","?","M","R","BOSS","M","?","?","M","M","E","M","E","T","?","M","E","M","?","R","BOSS","R","$","E","BOSS"],"items_purchased_type":["Relic","Potion","Card","Potion"],"build_version":"2020-12-22","purchased_purges":2,"victory":true,"max_hp_per_floor":[75,80,80,83,83,83,86,89,89,89,89,92,92,95,95,98,98,101,104,104,104,104,107,107,110,110,113,113,113,116,116,116,116,116,119,119,119,122,125,128,131,131,131,131,134,134,134,134,134,134,134,134,134,134,138],"card_choices":[{"not_picked":["Clash","Headbutt"],"picked":"Power Through","floor":1.0},{"not_picked":["Warcry","Rampage"],"picked":"Burning Pact","floor":4.0},{"not_picked":["Armaments","Shrug It Off"],"picked":"Body Slam","floor":7.0},{"not_picked":["Cleave","True Grit","Body Slam"],"picked":"SKIP","floor":8.0},{"not_picked":["Body Slam","Wild Strike"],"picked":"Feel No Pain","floor":10.0},{"not_picked":["Metallicize","Feel No Pain"],"picked":"Bloodletting","floor":12.0},{"not_picked":["Demon Form","Wild Strike"],"picked":"Second Wind","floor":13.0},{"not_picked":["Anger","Body Slam"],"picked":"Pommel Strike","floor":14.0},{"not_picked":["Corruption","Double Tap"],"picked":"Exhume","floor":16.0},{"not_picked":["Thunderclap","Iron Wave"],"picked":"Shockwave","floor":18.0},{"not_picked":["Thunderclap","Infernal Blade+1"],"picked":"Entrench+1","floor":19.0},{"not_picked":["Spot Weakness","Sentinel","Rage"],"picked":"SKIP","floor":23.0},{"not_picked":["Twin Strike+1","Cleave","Flex+1"],"picked":"SKIP","floor":25.0},{"not_picked":["Sword Boomerang","Headbutt","True Grit+1"],"picked":"SKIP","floor":27.0},{"not_picked":["Metallicize","Ghostly Armor","True Grit"],"picked":"SKIP","floor":30.0},{"not_picked":["Pommel Strike","Headbutt+1"],"picked":"Shrug It Off","floor":31.0},{"not_picked":["Limit Break","Double Tap"],"picked":"Impervious","floor":33.0},{"not_picked":["Metallicize","True Grit+1"],"picked":"Power Through","floor":35.0},{"not_picked":["Body Slam","Rupture","Iron Wave+1"],"picked":"SKIP","floor":38.0},{"not_picked":["Metallicize","Ghostly Armor"],"picked":"Shrug It Off","floor":39.0},{"not_picked":["Power Through","Cleave"],"picked":"Evolve+1","floor":40.0},{"not_picked":["Headbutt","Warcry","Sword Boomerang"],"picked":"SKIP","floor":41.0},{"not_picked":["Pummel","Wild Strike+1","Bludgeon"],"picked":"SKIP","floor":42.0},{"not_picked":["Shrug It Off+1","Sever Soul+1","Perfected Strike+1"],"picked":"SKIP","floor":45.0},{"not_picked":["Combust","Twin Strike","Flex+1"],"picked":"SKIP","floor":46.0},{"not_picked":["Shockwave","Flex","Perfected Strike+1"],"picked":"SKIP","floor":47.0},{"not_picked":["Fiend Fire","Clash+1","Armaments"],"picked":"SKIP","floor":54}],"player_experience":263027,"relics_obtained":[{"floor":7.0,"key":"Akabeko"},{"floor":9.0,"key":"Toy Ornithopter"},{"floor":10.0,"key":"Tiny Chest"},{"floor":13.0,"key":"Pocketwatch"},{"floor":21.0,"key":"Enchiridion"},{"floor":22.0,"key":"Whetstone"},{"floor":23.0,"key":"Self Forming Clay"},{"floor":26.0,"key":"Centennial Puzzle"},{"floor":29.0,"key":"Bottled Lightning"},{"floor":40.0,"key":"Incense Burner"},{"floor":42.0,"key":"Oddly Smooth Stone"},{"floor":44.0,"key":"Dream Catcher"},{"floor":46.0,"key":"Anchor"},{"floor":54,"key":"Red Skull"}],"event_choices":[{"damage_healed":0.0,"max_hp_gain":5.0,"max_hp_loss":0.0,"gold_gain":0.0,"event_name":"Big Fish","player_choice":"Donut","floor":2.0,"gold_loss":0.0,"damage_taken":0.0},{"damage_healed":0.0,"max_hp_gain":0.0,"max_hp_loss":0.0,"gold_gain":0.0,"cards_transformed":["Strike_R"],"event_name":"Transmorgrifier","player_choice":"Transformed","floor":3.0,"gold_loss":0.0,"damage_taken":0.0,"cards_obtained":["Feed"]},{"damage_healed":0.0,"max_hp_gain":0.0,"max_hp_loss":0.0,"gold_gain":0.0,"event_name":"Vampires","player_choice":"Ignored","floor":20.0,"gold_loss":0.0,"damage_taken":0.0},{"damage_healed":0.0,"max_hp_gain":0.0,"max_hp_loss":0.0,"gold_gain":0.0,"event_name":"Cursed Tome","player_choice":"Obtained Book","floor":21.0,"gold_loss":0.0,"damage_taken":21.0},{"damage_healed":0.0,"max_hp_gain":0.0,"max_hp_loss":0.0,"gold_gain":0.0,"event_name":"Tomb of Lord Red Mask","player_choice":"Ignored","floor":36.0,"gold_loss":0.0,"damage_taken":0.0},{"cards_removed":["Bloodletting"],"damage_healed":0.0,"max_hp_gain":0.0,"max_hp_loss":0.0,"gold_gain":0.0,"event_name":"Falling","player_choice":"Removed Skill","floor":37.0,"gold_loss":0.0,"damage_taken":0.0}],"is_beta":false,"boss_relics":[{"not_picked":["Black Blood","Tiny House"],"picked":"Runic Dome"},{"not_picked":["Coffee Dripper","Runic Cube"],"picked":"Astrolabe"}],"items_purged_floors":[5,28],"is_endless":false,"potions_floor_spawned":[4,10,13,16,30,31,33,38,40,42,47],"ascension_level":16}}