{"host":"d50bw6kybq14xu1u","time":1608808251,"event":{"mods":["BaseMod","Colored Map","Colored Powertips","Minty Spire (QoL Compilation)","Quick Restart"],"gold_per_floor":[112,130,130,147,147,180,180,180,231,274,297,336,336,410,410,533,533,548,55,70,70,70,108,108,142,154,166,191,242,254,306,318,458,470,497,454,479,491,503,503],"floor_reached":39,"playtime":1164,"items_purged":[],"score":523,"play_id":"47b3fce1-962d-4c62-9ccf-04ea34cf4346","local_time":"20201224191051","is_ascension_mode":true,"campfire_choices":[{"floor":8,"key":"REST"},{"floor":13,"key":"REST"},{"floor":15,"key":"REST"},{"floor":27,"key":"REST"},{"floor":30,"key":"REST"},{"floor":32,"key":"REST"}],"circlet_count":0,"master_deck":["Strike_R","Strike_R","Strike_R","Strike_R","Strike_R","Defend_R+1","Defend_R","Bash","Flex+1","Iron Wave","Iron Wave","Demon Form","Iron Wave","Heavy Blade","Double Tap","Cleave","Dark Embrace+1","Inflame+1","Intimidate+1","Offering","Armaments","Pommel Strike","Dramatic Entrance"],"relics":["Empty Cage","Toy Ornithopter","Golden Idol","Regal Pillow","MealTicket","Pear","War Paint","White Beast Statue","Busted Crown","Shuriken","Frozen Egg 2","Question Card","Juzu Bracelet","Sundial","MawBank","Letter Opener","Anchor","Orichalcum","Fusion Hammer","Nunchaku"],"acts_visited":["Exordium","TheCity","TheBeyond"],"potions_floor_usage":[12,23,25,29,29,33,33,33,37],"damage_taken":[{"damage":6,"enemies":"Cultist","floor":1,"turns":3},{"damage":12,"enemies":"2 Louse","floor":2,"turns":2},{"damage":1,"enemies":"Jaw Worm","floor":4,"turns":3},{"damage":45,"enemies":"Lagavulin","floor":6,"turns":6},{"damage":28,"enemies":"Gremlin Nob","floor":10,"turns":4},{"damage":5,"enemies":"Large Slime","floor":11,"turns":5},{"damage":30,"enemies":"3 Sentries","floor":12,"turns":7},{"damage":20,"enemies":"Gremlin Nob","floor":14,"turns":4},{"damage":41,"enemies":"Hexaghost","floor":16,"turns":8},{"damage":17,"enemies":"Spheric Guardian","floor":18,"turns":4},{"damage":12,"enemies":"3 Byrds","floor":20,"turns":4},{"damage":59,"enemies":"Slavers","floor":23,"turns":5},{"damage":18,"enemies":"Gremlin Leader","floor":25,"turns":3},{"damage":12,"enemies":"3 Cultists","floor":28,"turns":4},{"damage":54,"enemies":"Slavers","floor":29,"turns":5},{"damage":18,"enemies":"Book of Stabbing","floor":31,"turns":3},{"damage":77,"enemies":"Collector","floor":33,"turns":7},{"damage":14,"enemies":"Orb Walker","floor":35,"turns":3},{"damage":26,"enemies":"3 Darklings","floor":37,"turns":4},{"damage":53,"enemies":"Spire Growth","floor":39,"turns":3}],"seed_played":"-2475552770943479298","potions_obtained":[{"floor":4,"key":"SpeedPotion"},{"floor":6,"key":"SteroidPotion"},{"floor":16,"key":"BloodPotion"},{"floor":18,"key":"ElixirPotion"},{"floor":23,"key":"Explosive Potion"},{"floor":25,"key":"Energy Potion"},{"floor":28,"key":"LiquidMemories"},{"floor":29,"key":"SteroidPotion"},{"floor":31,"key":"DuplicationPotion"},{"floor":33,"key":"SmokeBomb"},{"floor":35,"key":"Explosive Potion"},{"floor":37,"key":"DuplicationPotion"}],"is_trial":false,"path_per_floor":["M","M","T","M","?","E","$","R","T","E","M","E","R","?","R","B",null,"M","$","M","?","?","E","?","E","T","R","M","E","R","E","R","B",null,"M","?","M","?","M"],"character_chosen":"IRONCLAD","items_purchased":["Shuriken","Frozen Egg 2"],"campfire_rested":6,"item_purchase_floors":[19,19],"current_hp_per_floor":[74,62,62,61,61,16,16,53,53,35,30,5,45,25,65,24,84,67,82,70,70,70,32,32,19,19,59,47,3,43,25,65,3,84,70,70,49,49,0,0],"gold":503,"neow_bonus":"BOSS_RELIC","is_daily":false,"chose_seed":false,"campfire_upgraded":0,"win_rate":0.0,"timestamp":1608808251,"path_taken":["M","M","?","?","?","E","?","R","T","E","M","E","R","?","R","BOSS","M","$","M","?","?","E","?","E","T","R","M","E","R","E","R","BOSS","M","?","M","?","M"],"items_purchased_type":["Relic","Relic"],"build_version":"2020-12-22","purchased_purges":0,"victory":false,"max_hp_per_floor":[80,80,80,80,74,74,74,74,74,84,84,84,84,84,84,84,84,84,84,84,84,84,84,84,84,84,84,84,84,84,84,84,84,84,84,84,84,84,84,84],"card_choices":[{"not_picked":["Combust","Dark Embrace"],"picked":"Flex","floor":1},{"not_picked":["Shrug It Off","Combust"],"picked":"Iron Wave","floor":2},{"not_picked":["Shrug It Off","Headbutt","Body Slam"],"picked":"SKIP","floor":4},{"not_picked":["Body Slam","Sword Boomerang"],"picked":"Iron Wave","floor":6},{"not_picked":["Sword Boomerang","Flex"],"picked":"Demon Form","floor":10},{"not_picked":["Uppercut","Body Slam","Whirlwind"],"picked":"SKIP","floor":11},{"not_picked":["Thunderclap","Body Slam"],"picked":"Iron Wave","floor":12},{"not_picked":["Thunderclap","True Grit"],"picked":"Heavy Blade","floor":14},{"not_picked":["Impervious","Demon Form"],"picked":"Double Tap","floor":16},{"not_picked":[],"picked":"Cleave","floor":18},{"not_picked":["Reckless Charge"],"picked":"SKIP","floor":20},{"not_picked":["Body Slam"],"picked":"Dark Embrace+1","floor":23},{"not_picked":["Carnage","Bludgeon"],"picked":"SKIP","floor":25},{"not_picked":["Clothesline+1"],"picked":"Inflame+1","floor":28},{"not_picked":["Hemokinesis","Shockwave"],"picked":"SKIP","floor":29},{"not_picked":["Body Slam"],"picked":"Intimidate+1","floor":31},{"not_picked":["Bludgeon"],"picked":"Offering","floor":33},{"not_picked":["Headbutt"],"picked":"Armaments","floor":35},{"not_picked":["Iron Wave"],"picked":"Pommel Strike","floor":37},{"not_picked":["Forethought"],"picked":"Dramatic Entrance","floor":38}],"player_experience":3676,"relics_obtained":[{"floor":3,"key":"Toy Ornithopter"},{"floor":6,"key":"Regal Pillow"},{"floor":9,"key":"MealTicket"},{"floor":10,"key":"Pear"},{"floor":12,"key":"War Paint"},{"floor":14,"key":"White Beast Statue"},{"floor":23,"key":"Juzu Bracelet"},{"floor":25,"key":"MawBank"},{"floor":26,"key":"Letter Opener"},{"floor":29,"key":"Anchor"},{"floor":31,"key":"Orichalcum"}],"event_choices":[{"damage_healed":0,"gold_gain":0,"player_choice":"Lose Max HP","damage_taken":0,"relics_obtained":["Golden Idol"],"max_hp_gain":0,"max_hp_loss":6,"event_name":"Golden Idol","floor":5,"gold_loss":0},{"damage_healed":0,"gold_gain":30,"player_choice":"Searched \u00272\u0027 times","damage_taken":0,"max_hp_gain":0,"max_hp_loss":0,"event_name":"Dead Adventurer","floor":14,"gold_loss":0},{"damage_healed":0,"gold_gain":0,"player_choice":"Stole Relic","damage_taken":0,"relics_obtained":["Question Card"],"max_hp_gain":0,"max_hp_loss":0,"event_name":"Addict","floor":21,"gold_loss":0,"cards_obtained":["Shame"]},{"cards_removed":["Shame"],"damage_healed":0,"gold_gain":0,"player_choice":"Elegance","damage_taken":0,"max_hp_gain":0,"max_hp_loss":0,"event_name":"Back to Basics","floor":22,"gold_loss":0},{"damage_healed":0,"gold_gain":0,"player_choice":"Opened","damage_taken":0,"relics_obtained":["Sundial"],"max_hp_gain":0,"max_hp_loss":0,"event_name":"The Mausoleum","floor":24,"gold_loss":0},{"damage_healed":0,"gold_gain":0,"player_choice":"Paid Gold","damage_taken":0,"relics_obtained":["Nunchaku"],"max_hp_gain":0,"max_hp_loss":0,"event_name":"WeMeetAgain","floor":36,"gold_loss":55},{"damage_healed":0,"gold_gain":0,"player_choice":"Memory 1","damage_taken":0,"max_hp_gain":0,"max_hp_loss":0,"event_name":"SensoryStone","floor":38,"gold_loss":0}],"is_beta":false,"boss_relics":[{"not_picked":["Velvet Choker","Tiny House"],"picked":"Busted Crown"},{"not_picked":["Cursed Key","Runic Dome"],"picked":"Fusion Hammer"}],"items_purged_floors":[],"is_endless":false,"potions_floor_spawned":[4,6,16,18,20,23,25,28,29,31,33,35,37],"killed_by":"Spire Growth","ascension_level":1}}