{"host":"hz94vu9lk5pvuib2","time":1608814883,"event":{"mods":["BaseMod","Colored Map","Minty Spire (QoL Compilation)","Waifu the Spire"],"gold_per_floor":[119,137,153,172,192,192,218,237,319,9,9,19,52,70,70,165,165,176,187,187,207,218,218,251,269,269,269,282,300,316,326,326,326,326],"floor_reached":33,"playtime":2503,"items_purged":["Strike_P"],"score":314,"play_id":"c1b2209d-00eb-473d-a3d2-e19bf42b689f","local_time":"20201224220123","is_ascension_mode":false,"campfire_choices":[{"data":"Halt","floor":6,"key":"SMITH"},{"data":"WaveOfTheHand","floor":15,"key":"SMITH"},{"floor":23,"key":"REST"},{"floor":32,"key":"REST"}],"circlet_count":0,"master_deck":["Strike_P","Strike_P","Defend_P+1","Defend_P","Defend_P","Defend_P","Eruption","Vigilance","Halt+1","Tantrum+1","CrushJoints","WindmillStrike","Halt+1","FearNoEvil+1","CarveReality","Consecrate","FollowUp","WaveOfTheHand+1","DeusExMachina","EmptyFist+1","CarveReality+1","Ragnarok","EmptyBody","Protect","Consecrate","Vengeance+1","FearNoEvil","FlurryOfBlows+1"],"relics":["PureWater","Centennial Puzzle","Pantograph","Orichalcum","Whetstone","Black Star","Prayer Wheel","War Paint","Ornamental Fan"],"acts_visited":["Exordium","TheCity"],"potions_floor_usage":[8,8,18,21,27,28,28,31,33,33,33],"damage_taken":[{"damage":0,"enemies":"2 Louse","floor":1,"turns":3},{"damage":0,"enemies":"Cultist","floor":2,"turns":2},{"damage":2,"enemies":"Small Slimes","floor":3,"turns":3},{"damage":0,"enemies":"Gremlin Gang","floor":4,"turns":4},{"damage":0,"enemies":"Lots of Slimes","floor":5,"turns":2},{"damage":0,"enemies":"Gremlin Nob","floor":7,"turns":3},{"damage":0,"enemies":"Blue Slaver","floor":8,"turns":1},{"damage":4,"enemies":"2 Fungi Beasts","floor":12,"turns":3},{"damage":10,"enemies":"3 Sentries","floor":13,"turns":3},{"damage":0,"enemies":"3 Louse","floor":14,"turns":3},{"damage":17,"enemies":"Slime Boss","floor":16,"turns":8},{"damage":3,"enemies":"Chosen","floor":18,"turns":2},{"damage":0,"enemies":"Shell Parasite","floor":19,"turns":2},{"damage":4,"enemies":"Sentry and Sphere","floor":21,"turns":3},{"damage":34,"enemies":"Centurion and Healer","floor":22,"turns":4},{"damage":30,"enemies":"Book of Stabbing","floor":24,"turns":3},{"damage":19,"enemies":"Shelled Parasite and Fungi","floor":25,"turns":3},{"damage":0,"enemies":"Snecko","floor":28,"turns":5},{"damage":2,"enemies":"Cultist and Chosen","floor":29,"turns":4},{"damage":6,"enemies":"Shelled Parasite and Fungi","floor":30,"turns":4},{"damage":2,"enemies":"Chosen and Byrds","floor":31,"turns":2},{"damage":76,"enemies":"Champ","floor":33,"turns":10}],"seed_played":"4597255517315236759","potions_obtained":[{"floor":3,"key":"Energy Potion"},{"floor":5,"key":"Fruit Juice"},{"floor":7,"key":"Explosive Potion"},{"floor":14,"key":"BlessingOfTheForge"},{"floor":16,"key":"FearPotion"},{"floor":18,"key":"ColorlessPotion"},{"floor":22,"key":"Energy Potion"},{"floor":27,"key":"Fruit Juice"},{"floor":27,"key":"Regen Potion"},{"floor":28,"key":"Energy Potion"},{"floor":30,"key":"Swift Potion"},{"floor":31,"key":"StancePotion"}],"is_trial":false,"path_per_floor":["M","M","M","M","M","R","E","M","T","$","?","M","E","M","R","B",null,"M","M","?","M","M","R","E","M","T","?","M","M","M","M","R","B"],"character_chosen":"WATCHER","items_purchased":["Orichalcum","CarveReality"],"campfire_rested":2,"item_purchase_floors":[10,10],"current_hp_per_floor":[72,72,70,70,70,70,70,70,70,70,70,66,56,56,56,55,72,74,74,74,70,36,59,29,10,10,15,29,27,21,19,43,0,0],"gold":326,"neow_bonus":"THREE_CARDS","is_daily":false,"chose_seed":false,"campfire_upgraded":2,"win_rate":0.0,"timestamp":1608814883,"path_taken":["M","M","M","M","M","R","E","M","T","$","?","?","E","M","R","BOSS","M","M","?","M","M","R","E","M","T","?","?","M","M","M","R","BOSS"],"items_purchased_type":["Relic","Card"],"build_version":"2020-12-22","purchased_purges":1,"victory":false,"max_hp_per_floor":[72,72,72,72,72,72,72,72,72,72,72,72,72,72,72,72,72,77,77,77,77,77,77,77,77,77,82,82,82,82,82,82,82,82],"card_choices":[{"not_picked":["Swivel","PathToVictory"],"picked":"Halt","floor":0},{"not_picked":["ClearTheMind","ThirdEye"],"picked":"Tantrum","floor":1},{"not_picked":["PathToVictory","DeceiveReality","Collect"],"picked":"SKIP","floor":2},{"not_picked":["EmptyFist","Halt"],"picked":"CrushJoints","floor":3},{"not_picked":["EmptyBody","Protect"],"picked":"WindmillStrike","floor":4},{"not_picked":["EmptyFist","LikeWater"],"picked":"Halt","floor":5},{"not_picked":["MasterReality","JustLucky","SashWhip"],"picked":"SKIP","floor":7},{"not_picked":["EmptyBody","FlyingSleeves"],"picked":"FearNoEvil","floor":8},{"not_picked":["PathToVictory","Adaptation"],"picked":"Consecrate","floor":12},{"not_picked":["Halt","Evaluate"],"picked":"FollowUp","floor":13},{"not_picked":["Prostrate","ReachHeaven"],"picked":"WaveOfTheHand","floor":14},{"not_picked":["Establishment","ConjureBlade"],"picked":"DeusExMachina","floor":16},{"not_picked":["ThirdEye","PathToVictory+1","Prostrate+1"],"picked":"SKIP","floor":18},{"not_picked":["ForeignInfluence","Protect"],"picked":"EmptyFist+1","floor":19},{"not_picked":["Meditate","EmptyFist","Prostrate+1"],"picked":"SKIP","floor":21},{"not_picked":["ClearTheMind","Sanctity"],"picked":"CarveReality+1","floor":22},{"not_picked":["TalkToTheHand","SignatureMove"],"picked":"Ragnarok","floor":24},{"not_picked":["WindmillStrike","SashWhip+1"],"picked":"EmptyBody","floor":25},{"not_picked":["ClearTheMind+1","Consecrate"],"picked":"Protect","floor":25},{"not_picked":["SashWhip+1","FearNoEvil"],"picked":"Consecrate","floor":28},{"not_picked":["ThirdEye","Evaluate"],"picked":"Vengeance+1","floor":28},{"not_picked":["Sanctity","TalkToTheHand+1"],"picked":"FearNoEvil","floor":29},{"not_picked":["Consecrate+1","Omniscience"],"picked":"FlurryOfBlows+1","floor":29},{"not_picked":["PathToVictory","TalkToTheHand","Wallop"],"picked":"SKIP","floor":30},{"not_picked":["Tantrum","ThirdEye","Prostrate"],"picked":"SKIP","floor":30},{"not_picked":["SashWhip","JustLucky+1","Worship+1"],"picked":"SKIP","floor":31},{"not_picked":["Evaluate","Wallop","Worship+1"],"picked":"SKIP","floor":31}],"player_experience":203863,"relics_obtained":[{"floor":7,"key":"Centennial Puzzle"},{"floor":9,"key":"Pantograph"},{"floor":13,"key":"Whetstone"},{"floor":24,"key":"Prayer Wheel"},{"floor":24,"key":"War Paint"},{"floor":26,"key":"Ornamental Fan"}],"event_choices":[{"cards_removed":["Strike_P"],"damage_healed":0,"gold_gain":0,"player_choice":"Offered Basic","damage_taken":0,"max_hp_gain":0,"max_hp_loss":0,"event_name":"Bonfire Elementals","floor":11,"gold_loss":0},{"damage_healed":0,"gold_gain":0,"player_choice":"Ignored","damage_taken":0,"max_hp_gain":0,"max_hp_loss":0,"event_name":"Vampires","floor":20,"gold_loss":0},{"damage_healed":0,"gold_gain":0,"player_choice":"Got Potions","damage_taken":0,"max_hp_gain":0,"max_hp_loss":0,"event_name":"Lab","floor":27,"gold_loss":0}],"is_beta":false,"boss_relics":[{"not_picked":["Busted Crown","Pandora\u0027s Box"],"picked":"Black Star"}],"items_purged_floors":[10],"is_endless":false,"potions_floor_spawned":[3,5,7,14,16,18,22,28,30,31],"killed_by":"Champ","ascension_level":0}}