{"host":"9tzam4717zt8ei1o","time":1608818263,"event":{"mods":["BaseMod","Colored Map","Keyboard Shortcuts","Minty Spire (QoL Compilation)","Quick Restart","StSLib","SuperFastMode"],"gold_per_floor":[15,35,46,60,71,71,85,85,85,99,115,115,130,156,156,233,233,245,245,67,82,82,116,116,130,130,163,178,189,217,217,217,294,294,313,313,332,342,342,342,356,366,393,426,426,456,475,504,504,504,504,504,504,83,116,116],"floor_reached":57,"playtime":1745,"items_purged":["Strike_R","Strike_R"],"score":2770,"play_id":"afa94010-dee5-495f-b571-c9b81817c339","local_time":"20201224225743","is_ascension_mode":true,"campfire_choices":[{"data":"Spot Weakness","floor":6.0,"key":"SMITH"},{"data":"Sword Boomerang","floor":8.0,"key":"SMITH"},{"data":"Battle Trance","floor":15.0,"key":"SMITH"},{"floor":24.0,"key":"REST"},{"floor":32.0,"key":"RECALL"},{"data":"Reaper","floor":40.0,"key":"SMITH"},{"data":"Feel No Pain","floor":45.0,"key":"SMITH"},{"data":"Bash","floor":49.0,"key":"SMITH"},{"data":"Flash of Steel","floor":53.0,"key":"SMITH"}],"circlet_count":0,"master_deck":["AscendersBane","Defend_R+1","Defend_R+1","Defend_R","Defend_R","Bash+1","Wild Strike","Spot Weakness+1","Sword Boomerang+1","Battle Trance+1","Intimidate+1","Feel No Pain+1","Warcry+1","Reaper+1","Spot Weakness+1","Flash of Steel+1","Shockwave+1","Burning Pact+1","Intimidate+1","Shrug It Off+1","True Grit+1","Sentinel+1","Limit Break+1","Burning Pact+1","Shrug It Off+1","Battle Trance+1"],"relics":["Burning Blood","Toxic Egg 2","Red Skull","SlaversCollar","MutagenicStrength","War Paint","Bag of Marbles","Lizard Tail","Kunai","SacredBark","Strawberry","MealTicket","Letter Opener","PreservedInsect","Champion Belt","Gremlin Horn"],"acts_visited":["Exordium","TheCity","TheBeyond","TheEnding"],"potions_floor_usage":[56,56],"damage_taken":[{"damage":2.0,"enemies":"Cultist","floor":1.0,"turns":4.0},{"damage":10.0,"enemies":"Small Slimes","floor":2.0,"turns":3.0},{"damage":6.0,"enemies":"2 Louse","floor":3.0,"turns":4.0},{"damage":2.0,"enemies":"Looter","floor":4.0,"turns":3.0},{"damage":6.0,"enemies":"Blue Slaver","floor":5.0,"turns":3.0},{"damage":5.0,"enemies":"3 Louse","floor":7.0,"turns":3.0},{"damage":10.0,"enemies":"Large Slime","floor":10.0,"turns":5.0},{"damage":9.0,"enemies":"Lots of Slimes","floor":11.0,"turns":4.0},{"damage":13.0,"enemies":"Exordium Wildlife","floor":13.0,"turns":3.0},{"damage":25.0,"enemies":"3 Sentries","floor":14.0,"turns":6.0},{"damage":19.0,"enemies":"Hexaghost","floor":16.0,"turns":5.0},{"damage":0.0,"enemies":"Chosen","floor":18.0,"turns":5.0},{"damage":31.0,"enemies":"2 Thieves","floor":21.0,"turns":4.0},{"damage":51.0,"enemies":"Gremlin Leader","floor":23.0,"turns":5.0},{"damage":32.0,"enemies":"Snake Plant","floor":25.0,"turns":5.0},{"damage":33.0,"enemies":"Book of Stabbing","floor":27.0,"turns":4.0},{"damage":9.0,"enemies":"Chosen and Byrds","floor":28.0,"turns":5.0},{"damage":8.0,"enemies":"Centurion and Healer","floor":29.0,"turns":8.0},{"damage":31.0,"enemies":"Slavers","floor":30.0,"turns":5.0},{"damage":4.0,"enemies":"Champ","floor":33.0,"turns":12.0},{"damage":44.0,"enemies":"3 Shapes","floor":35.0,"turns":8.0},{"damage":64.0,"enemies":"3 Darklings","floor":37.0,"turns":6.0},{"damage":61.0,"enemies":"Spire Growth","floor":38.0,"turns":6.0},{"damage":53.0,"enemies":"Sphere and 2 Shapes","floor":41.0,"turns":5.0},{"damage":60.0,"enemies":"4 Shapes","floor":42.0,"turns":9.0},{"damage":45.0,"enemies":"Reptomancer","floor":44.0,"turns":5.0},{"damage":23.0,"enemies":"Nemesis","floor":46.0,"turns":7.0},{"damage":70.0,"enemies":"Transient","floor":47.0,"turns":6.0},{"damage":13.0,"enemies":"Reptomancer","floor":48.0,"turns":5.0},{"damage":67.0,"enemies":"Time Eater","floor":50.0,"turns":7.0},{"damage":33.0,"enemies":"Donu and Deca","floor":51.0,"turns":6.0},{"damage":77.0,"enemies":"Shield and Spear","floor":55.0,"turns":5.0},{"damage":202,"enemies":"The Heart","floor":56,"turns":10}],"seed_played":"1066196974585030476","potions_obtained":[{"floor":3.0,"key":"Dexterity Potion"},{"floor":4.0,"key":"CultistPotion"},{"floor":16.0,"key":"BloodPotion"},{"floor":21.0,"key":"BloodPotion"}],"is_trial":false,"path_per_floor":["M","M","M","M","M","R","M","R","T","M","M","?","M","E","R","B",null,"M","?","$","M","?","E","R","M","T","E","M","M","E","T","R","B",null,"M","?","M","M","?","R","M","M","T","E","R","E","M","E","R","B","B",null,"R","$","E","B",null],"character_chosen":"IRONCLAD","items_purchased":["Flash of Steel","Champion Belt"],"campfire_rested":1,"item_purchase_floors":[20,54],"current_hp_per_floor":[72,68,68,72,72,72,73,73,73,69,66,59,52,33,33,20,61,75,75,75,52,52,33,55,38,38,33,46,75,71,71,71,75,75,75,75,60,50,50,50,41,47,54,82,82,65,37,72,72,35,70,79,79,82,44,20],"gold":116,"neow_bonus":"REMOVE_TWO","is_daily":false,"chose_seed":false,"campfire_upgraded":7,"win_rate":0.0,"timestamp":1608818263,"path_taken":["M","?","M","M","M","R","M","R","T","M","M","?","M","E","R","BOSS","M","?","$","M","?","E","R","M","T","E","M","M","E","?","R","BOSS","M","?","M","M","?","R","M","?","T","E","R","E","M","E","R","BOSS","BOSS","R","$","E","BOSS"],"items_purchased_type":["Card","Relic"],"build_version":"2020-12-22","purchased_purges":2,"victory":true,"max_hp_per_floor":[75,75,75,75,75,75,75,75,75,75,75,75,75,75,75,75,75,75,75,75,75,75,75,75,75,75,75,75,75,75,75,75,75,75,75,75,75,75,75,75,75,75,82,82,82,82,82,82,82,82,82,82,82,82,82,82],"card_choices":[{"not_picked":["Intimidate","Havoc"],"picked":"Wild Strike","floor":1.0},{"not_picked":["Sword Boomerang","True Grit"],"picked":"Spot Weakness","floor":2.0},{"not_picked":["Uppercut","Perfected Strike"],"picked":"Sword Boomerang","floor":3.0},{"not_picked":["Havoc","Clash"],"picked":"Battle Trance","floor":4.0},{"not_picked":["Havoc","Headbutt","Clash"],"picked":"SKIP","floor":5.0},{"not_picked":["Sentinel","Havoc","Twin Strike"],"picked":"SKIP","floor":7.0},{"not_picked":["Havoc+1","Clash","Cleave"],"picked":"SKIP","floor":10.0},{"not_picked":["Cleave","Combust"],"picked":"Intimidate+1","floor":11.0},{"not_picked":["Body Slam","Carnage"],"picked":"Feel No Pain","floor":13.0},{"not_picked":["Iron Wave","Havoc+1"],"picked":"Warcry+1","floor":14.0},{"not_picked":["Juggernaut","Feed"],"picked":"Reaper","floor":16.0},{"not_picked":["Wild Strike","Warcry+1"],"picked":"Spot Weakness+1","floor":18.0},{"not_picked":["Heavy Blade","Armaments+1"],"picked":"Shockwave+1","floor":21.0},{"not_picked":["Entrench+1","Inflame","Iron Wave"],"picked":"SKIP","floor":23.0},{"not_picked":["Bludgeon","Reckless Charge"],"picked":"Burning Pact+1","floor":25.0},{"not_picked":["Evolve","Sever Soul+1"],"picked":"Intimidate+1","floor":27.0},{"not_picked":["Wild Strike","Hemokinesis"],"picked":"Shrug It Off+1","floor":28.0},{"not_picked":["Reckless Charge","Ghostly Armor+1"],"picked":"True Grit+1","floor":29.0},{"not_picked":["Twin Strike","Armaments+1"],"picked":"Sentinel+1","floor":30.0},{"not_picked":["Corruption","Reaper"],"picked":"Limit Break+1","floor":33.0},{"not_picked":["Armaments+1","Wild Strike+1"],"picked":"Burning Pact+1","floor":35.0},{"not_picked":["Twin Strike","Inflame","Pommel Strike"],"picked":"SKIP","floor":37.0},{"not_picked":["Iron Wave+1","Body Slam","Wild Strike+1"],"picked":"SKIP","floor":38.0},{"not_picked":["Perfected Strike","Dropkick"],"picked":"Shrug It Off+1","floor":41.0},{"not_picked":["Flex+1","Second Wind+1"],"picked":"Battle Trance+1","floor":42.0},{"not_picked":["Berserk","Sword Boomerang","Wild Strike"],"picked":"SKIP","floor":44.0},{"not_picked":["Flame Barrier+1","Anger","Iron Wave"],"picked":"SKIP","floor":46.0},{"not_picked":["Burning Pact+1","True Grit+1","Fire Breathing"],"picked":"SKIP","floor":47.0},{"not_picked":["Body Slam","Rupture","Heavy Blade"],"picked":"SKIP","floor":48.0},{"not_picked":["Havoc+1","Intimidate+1","Armaments+1"],"picked":"SKIP","floor":55.0}],"player_experience":112253,"relics_obtained":[{"floor":9.0,"key":"Toxic Egg 2"},{"floor":14.0,"key":"Red Skull"},{"floor":23.0,"key":"War Paint"},{"floor":26.0,"key":"Bag of Marbles"},{"floor":27.0,"key":"Lizard Tail"},{"floor":30.0,"key":"Kunai"},{"floor":43.0,"key":"Strawberry"},{"floor":44.0,"key":"MealTicket"},{"floor":46.0,"key":"Letter Opener"},{"floor":48.0,"key":"PreservedInsect"},{"floor":55.0,"key":"Gremlin Horn"}],"event_choices":[{"cards_removed":["Strike_R"],"damage_healed":0.0,"max_hp_gain":0.0,"max_hp_loss":0.0,"gold_gain":0.0,"event_name":"Golden Wing","player_choice":"Card Removal","floor":12.0,"gold_loss":0.0,"damage_taken":7.0},{"damage_healed":0.0,"max_hp_gain":0.0,"max_hp_loss":0.0,"gold_gain":0.0,"event_name":"The Mausoleum","player_choice":"Ignored","floor":19.0,"gold_loss":0.0,"damage_taken":0.0},{"damage_healed":0.0,"max_hp_gain":0.0,"max_hp_loss":0.0,"gold_gain":0.0,"event_name":"Drug Dealer","player_choice":"Inject Mutagens","floor":22.0,"gold_loss":0.0,"damage_taken":0.0,"relics_obtained":["MutagenicStrength"]},{"damage_healed":0.0,"max_hp_gain":0.0,"max_hp_loss":0.0,"gold_gain":0.0,"event_name":"Tomb of Lord Red Mask","player_choice":"Ignored","floor":36.0,"gold_loss":0.0,"damage_taken":0.0},{"damage_healed":0.0,"max_hp_gain":0.0,"max_hp_loss":0.0,"gold_gain":0.0,"event_name":"Match and Keep!","player_choice":"0 cards matched","floor":39.0,"gold_loss":0.0,"damage_taken":0.0,"cards_obtained":[]}],"is_beta":false,"boss_relics":[{"not_picked":["Ectoplasm","Fusion Hammer"],"picked":"SlaversCollar"},{"not_picked":["Black Star","Mark of Pain"],"picked":"SacredBark"}],"items_purged_floors":[20,54],"is_endless":false,"potions_floor_spawned":[3,4,5,7,10,16,21,23,28,29,38,41,48,55],"ascension_level":20}}