{"host":"6kpik4p6m02tzjjt","time":1608817039,"event":{"mods":["BaseMod","Colored Map","Minty Spire (QoL Compilation)","Quick Restart","Relic Stats"],"gold_per_floor":[119,119,119,134,152,152,15,33,105,122,132,146,161,191,191,294,294,310,322,38,38,54,82,82,82,82,82,96,96,96],"floor_reached":29,"playtime":1387,"items_purged":[],"score":241,"play_id":"2446f164-64d2-4f42-91d7-2a7e5ffb8543","local_time":"20201224083719","is_ascension_mode":false,"campfire_choices":[{"data":"Headbutt","floor":6,"key":"SMITH"},{"data":"Rupture","floor":15,"key":"SMITH"},{"floor":25,"key":"REST"}],"circlet_count":0,"master_deck":["Strike_R","Strike_R","Strike_R","Strike_R","Defend_R","Defend_R","Defend_R","Defend_R","Bash","Brutality","Headbutt+1","Shrug It Off","Demon Form","Whirlwind","Clash+1","Iron Wave+1","Flex","Rupture+1","Berserk","Sword Boomerang+1","Perfected Strike+1","Flex","Shame","Sword Boomerang+1","Heavy Blade+1","Pummel+1","Heavy Blade+1"],"relics":["Burning Blood","Molten Egg 2","Red Skull","Sozu","Shuriken","Kunai","White Beast Statue","Letter Opener"],"acts_visited":["Exordium","TheCity"],"potions_floor_usage":[16,23,24],"damage_taken":[{"damage":7,"enemies":"Jaw Worm","floor":1,"turns":6},{"damage":12,"enemies":"Small Slimes","floor":4,"turns":3},{"damage":5,"enemies":"Cultist","floor":5,"turns":4},{"damage":23,"enemies":"Lots of Slimes","floor":8,"turns":5},{"damage":6,"enemies":"3 Louse","floor":10,"turns":2},{"damage":6,"enemies":"Exordium Wildlife","floor":11,"turns":3},{"damage":6,"enemies":"2 Fungi Beasts","floor":12,"turns":3},{"damage":10,"enemies":"Exordium Thugs","floor":13,"turns":3},{"damage":51,"enemies":"Hexaghost","floor":16,"turns":7},{"damage":9,"enemies":"Spheric Guardian","floor":18,"turns":3},{"damage":23,"enemies":"Shell Parasite","floor":19,"turns":4},{"damage":29,"enemies":"Snecko","floor":22,"turns":5},{"damage":45,"enemies":"Slavers","floor":23,"turns":4},{"damage":0,"enemies":"Cultist and Chosen","floor":24,"turns":1},{"damage":37,"enemies":"Snake Plant","floor":28,"turns":3},{"damage":18,"enemies":"Book of Stabbing","floor":29,"turns":2}],"seed_played":"5744643447353982039","potions_obtained":[{"floor":5,"key":"Strength Potion"},{"floor":11,"key":"SmokeBomb"},{"floor":13,"key":"BloodPotion"},{"floor":16,"key":"BlessingOfTheForge"}],"is_trial":false,"path_per_floor":["M","?","?","M","M","R","$","M","T","M","M","M","M","?","R","B",null,"M","M","$","?","M","E","M","R","T","?","M","E"],"character_chosen":"IRONCLAD","items_purchased":["Demon Form","Flex","Shuriken"],"campfire_rested":1,"item_purchase_floors":[7,20,20],"current_hp_per_floor":[87,87,92,86,87,87,87,70,70,70,70,70,66,66,66,39,93,90,73,73,73,50,11,17,44,44,44,13,0,0],"gold":96,"neow_bonus":"TEN_PERCENT_HP_BONUS","is_daily":false,"chose_seed":false,"campfire_upgraded":2,"win_rate":0.0,"timestamp":1608817039,"path_taken":["M","?","?","M","M","R","?","M","T","M","M","?","?","?","R","BOSS","M","M","$","?","M","E","M","R","T","?","?","E"],"items_purchased_type":["Card","Card","Relic"],"build_version":"2020-12-22","purchased_purges":0,"victory":false,"max_hp_per_floor":[88,88,93,93,93,93,93,93,93,93,93,93,93,93,93,93,93,93,93,93,93,93,93,93,93,93,93,93,93,93],"relic_stats":{"Sozu":4,"counters":[16,58],"Shuriken":[3],"Kunai":[3],"Letter Opener":[0],"obtain_stats":[{"Sozu":17,"Shuriken":20,"Molten Egg 2":9,"Kunai":21,"Letter Opener":26,"Burning Blood":0,"Red Skull":14,"White Beast Statue":23},{"Sozu":9,"Shuriken":11,"Molten Egg 2":4,"Kunai":11,"Letter Opener":14,"Burning Blood":0,"Red Skull":8,"White Beast Statue":13},{"Sozu":36,"Shuriken":43,"Molten Egg 2":18,"Kunai":43,"Letter Opener":53,"Burning Blood":0,"Red Skull":29,"White Beast Statue":52}],"Burning Blood":90},"card_choices":[{"not_picked":["Anger","Uppercut"],"picked":"Body Slam","floor":1},{"not_picked":["Warcry","Body Slam"],"picked":"Headbutt","floor":4},{"not_picked":["Intimidate","Battle Trance"],"picked":"Shrug It Off","floor":5},{"not_picked":["Flex","Headbutt"],"picked":"Whirlwind","floor":8},{"not_picked":["True Grit","Disarm"],"picked":"Clash+1","floor":10},{"not_picked":["Searing Blow+1","True Grit"],"picked":"Iron Wave+1","floor":11},{"not_picked":["Ghostly Armor","Thunderclap+1"],"picked":"Flex","floor":12},{"not_picked":["Warcry","Flex"],"picked":"Rupture","floor":13},{"not_picked":["Fiend Fire+1","Barricade"],"picked":"Berserk","floor":16},{"not_picked":["Headbutt+1","Anger+1"],"picked":"Sword Boomerang+1","floor":18},{"not_picked":["Anger+1","Dark Embrace"],"picked":"Perfected Strike+1","floor":19},{"not_picked":["Twin Strike+1","Pommel Strike+1"],"picked":"Sword Boomerang+1","floor":22},{"not_picked":["Spot Weakness","Fiend Fire+1"],"picked":"Heavy Blade+1","floor":23},{"not_picked":["Blood for Blood+1","Dual Wield"],"picked":"Heavy Blade+1","floor":28}],"player_experience":16972,"relics_obtained":[{"floor":9,"key":"Molten Egg 2"},{"floor":23,"key":"White Beast Statue"},{"floor":26,"key":"Letter Opener"}],"event_choices":[{"damage_healed":0,"gold_gain":0,"cards_transformed":["Strike_R"],"player_choice":"Change","damage_taken":0,"max_hp_gain":0,"max_hp_loss":0,"event_name":"Living Wall","floor":2,"gold_loss":0,"cards_obtained":["Brutality"]},{"damage_healed":0,"gold_gain":0,"player_choice":"Donut","damage_taken":0,"max_hp_gain":5,"max_hp_loss":0,"event_name":"Big Fish","floor":3,"gold_loss":0},{"damage_healed":0,"gold_gain":30,"player_choice":"Searched \u00273\u0027 times","damage_taken":0,"relics_obtained":["Red Skull"],"max_hp_gain":0,"max_hp_loss":0,"event_name":"Dead Adventurer","floor":14,"gold_loss":0},{"damage_healed":0,"gold_gain":0,"player_choice":"Stole Relic","damage_taken":0,"relics_obtained":["Kunai"],"max_hp_gain":0,"max_hp_loss":0,"event_name":"Addict","floor":21,"gold_loss":0,"cards_obtained":["Shame"]},{"damage_healed":0,"gold_gain":0,"cards_transformed":["Body Slam"],"player_choice":"Transformed","damage_taken":0,"max_hp_gain":0,"max_hp_loss":0,"event_name":"Transmorgrifier","floor":27,"gold_loss":0,"cards_obtained":["Pummel"]}],"is_beta":false,"boss_relics":[{"not_picked":["Cursed Key","Runic Pyramid"],"picked":"Sozu"}],"items_purged_floors":[],"is_endless":false,"potions_floor_spawned":[5,11,13,16,19,22,23,24,28],"killed_by":"Book of Stabbing","ascension_level":0}}