{"host":"ws4mzzemcqsz5e2k","time":1608816282,"event":{"mods":["ATMod(阿瑾Mod)","BaseMod","Colored Powertips","HumanHunterMod(怪物杀人mod)","Minty Spire (QoL Compilation)","MostiFishMod","StSLib","TestMod","没有小屋子和绿帽子啦"],"gold_per_floor":[111,61,78,78,101,113,125,137,149,172,213,238,266,298,310,418,430,453,243,256,266,296,325,325,325,372,391,391,403,418,434,434,529,529,547,547,547,565,584,584,339,349,349,349,349,364,378,409,409,409,409],"floor_reached":50,"playtime":2255,"items_purged":["CutThroughFate","Coolheaded+1"],"score":875,"play_id":"11120d5a-7226-4be3-b078-9afafa561290","local_time":"20201224212442","daily_mods":["SealedDeck","Diverse","Heirloom","Uncertain Future"],"is_ascension_mode":false,"campfire_choices":[{"data":"MostiFishMod:LegendTransform","floor":6.0,"key":"SMITH"},{"data":"AT_FocusSwordFire","floor":8.0,"key":"SMITH"},{"data":"Coolheaded","floor":15.0,"key":"SMITH"},{"data":"MostiFishMod:HiddenBlade","floor":24.0,"key":"SMITH"},{"data":"Coolheaded","floor":28.0,"key":"SMITH"},{"floor":32.0,"key":"REST"},{"data":"MostiFishMod:InterfaceCompatibility","floor":40.0,"key":"SMITH"},{"floor":44.0,"key":"REST"},{"floor":49.0,"key":"REST"}],"circlet_count":0,"master_deck":["AT_FocusSwordFire+1","MostiFishMod:LegendTransform+1","Gash+1","Gash+1","MostiFishMod:HiddenBlade+1","PathToVictory+1","MostiFishMod:InterfaceCompatibility+1"],"relics":["Burning Blood","AT_ATBox","DaveBox","testmod-TestBox","testmod-Recursion","ShadowXiaoBlade","testmod-RealStoneCalender","SynthV:TestCard","MawBank","DianDianMeat","Whetstone","Empty Cage","Blood Vial","Red Mask","Anchor","Black Star","OrangePellets","Potion Belt","AT_GuinsooRageblade","Sundial","SynthV:C4"],"acts_visited":["Exordium","TheCity","TheBeyond"],"potions_floor_usage":[50],"damage_taken":[{"damage":0.0,"enemies":"2 Louse","floor":1.0,"turns":1.0},{"damage":0.0,"enemies":"Small Slimes","floor":3.0,"turns":1.0},{"damage":0.0,"enemies":"Cultist","floor":5.0,"turns":2.0},{"damage":0.0,"enemies":"Large Slime","floor":10.0,"turns":1.0},{"damage":0.0,"enemies":"3 Sentries","floor":11.0,"turns":2.0},{"damage":0.0,"enemies":"Lots of Slimes","floor":12.0,"turns":2.0},{"damage":0.0,"enemies":"Blue Slaver","floor":13.0,"turns":1.0},{"damage":0.0,"enemies":"Looter","floor":14.0,"turns":1.0},{"damage":0.0,"enemies":"Slime Boss","floor":16.0,"turns":2.0},{"damage":36.0,"enemies":"Shell Parasite","floor":18.0,"turns":5.0},{"damage":17.0,"enemies":"Chosen","floor":20.0,"turns":2.0},{"damage":0.0,"enemies":"Snake Plant","floor":21.0,"turns":2.0},{"damage":0.0,"enemies":"Masked Bandits","floor":22.0,"turns":3.0},{"damage":0.0,"enemies":"Gremlin Leader","floor":23.0,"turns":2.0},{"damage":0.0,"enemies":"Sentry and Sphere","floor":27.0,"turns":1.0},{"damage":0.0,"enemies":"Centurion and Healer","floor":29.0,"turns":2.0},{"damage":0.0,"enemies":"Snecko","floor":30.0,"turns":1.0},{"damage":9.0,"enemies":"Cultist and Chosen","floor":31.0,"turns":3.0},{"damage":0.0,"enemies":"Champ","floor":33.0,"turns":1.0},{"damage":0.0,"enemies":"3 Shapes","floor":35.0,"turns":1.0},{"damage":0.0,"enemies":"3 Darklings","floor":38.0,"turns":1.0},{"damage":0.0,"enemies":"Transient","floor":39.0,"turns":5.0},{"damage":0.0,"enemies":"Sphere and 2 Shapes","floor":42.0,"turns":1.0},{"damage":0.0,"enemies":"3 Darklings","floor":46.0,"turns":1.0},{"damage":0.0,"enemies":"Jaw Worm Horde","floor":47.0,"turns":1.0},{"damage":0.0,"enemies":"Giant Head","floor":48.0,"turns":1.0},{"damage":82,"enemies":"Donu and Deca","floor":50,"turns":1}],"seed_played":"4042059286484758482","potions_obtained":[{"floor":10.0,"key":"EntropicBrew"},{"floor":11.0,"key":"BloodPotion"},{"floor":12.0,"key":"Block Potion"},{"floor":20.0,"key":"Fire Potion"},{"floor":27.0,"key":"Dexterity Potion"},{"floor":48.0,"key":"AttackPotion"}],"is_trial":true,"path_per_floor":["M","?","M","?","M","R","$","R","T","M","E","M","M","M","R","B",null,"M","$","M","M","?","E","R","?","T","M","R","M","M","M","R","B",null,"M","?","?","M","M","R","$","M","T","R","T","M","M","E","R","B"],"character_chosen":"IRONCLAD","items_purchased":["Blood Vial","OrangePellets"],"campfire_rested":3,"item_purchase_floors":[19,41],"current_hp_per_floor":[80,80,80,80,80,80,80,80,80,80,80,80,80,80,80,81,81,67,67,74,81,81,81,81,81,81,81,81,81,83,80,83,86,86,86,86,82,82,82,82,82,82,82,82,82,82,82,82,82,0,0],"gold":409,"neow_bonus":"","is_daily":false,"chose_seed":false,"campfire_upgraded":6,"win_rate":0.0,"timestamp":1608816282,"path_taken":["M","?","M","?","M","R","$","R","T","M","E","M","?","M","R","BOSS","M","$","M","M","?","E","R","?","T","M","R","M","M","?","R","BOSS","M","?","?","M","M","R","$","M","T","R","?","M","M","E","R","BOSS"],"items_purchased_type":["Relic","Relic"],"build_version":"2020-12-22","purchased_purges":2,"victory":false,"max_hp_per_floor":[80,80,80,80,80,80,80,80,80,80,80,80,80,80,80,81,81,81,81,81,81,81,81,81,81,81,81,81,81,83,83,83,86,86,86,86,82,82,82,82,82,82,82,82,82,82,82,82,82,82,82],"card_choices":[{"not_picked":["Streamline","AT_TinkerSharpsword","Riddle With Holes"],"picked":"SKIP","floor":1.0},{"not_picked":["Outmaneuver","Prepared","Steam","Cold Snap","Underhanded Strike"],"picked":"SKIP","floor":3.0},{"not_picked":["Weave","Slice","FlurryOfBlows","Ball Lightning","FlyingSleeves"],"picked":"SKIP","floor":5.0},{"not_picked":["CutThroughFate","ThirdEye","Barrage","InnerPeace","PiercingWail"],"picked":"SKIP","floor":10.0},{"not_picked":["Wireheading","AT_ThunderBolt","Caltrops","AT_DarkMatter","AT_SoftenMuscles"],"picked":"SKIP","floor":11.0},{"not_picked":["BattleHymn","Chaos","SashWhip","Evaluate","Ball Lightning"],"picked":"SKIP","floor":12.0},{"not_picked":["Carnage","Doppelganger","Bane","Headbutt","ForeignInfluence"],"picked":"SKIP","floor":13.0},{"not_picked":["Dagger Spray","Perseverance","Backflip","Body Slam","Flying Knee"],"picked":"SKIP","floor":14.0},{"not_picked":["MostiFishMod:ATRI","MostiFishMod:SeaWaves","MostiFishMod:Opportunism","MostiFishMod:Dust"],"picked":"MostiFishMod:HiddenBlade","floor":16.0},{"not_picked":["Cold Snap","Pommel Strike","Anger","MostiFishMod:ReprogramOld","Protect+1"],"picked":"SKIP","floor":18.0},{"not_picked":["Dash","Dagger Throw","Sucker Punch+1","MostiFishMod:Dislodge","BowlingBash"],"picked":"SKIP","floor":20.0},{"not_picked":["Dash","Dagger Throw","Sucker Punch+1","MostiFishMod:Dislodge","BowlingBash"],"picked":"SKIP","floor":20.0},{"not_picked":["Steam","Poisoned Stab","Sucker Punch","Sweeping Beam","Dagger Throw"],"picked":"SKIP","floor":21.0},{"not_picked":["Protect+1","Redo","Entrench+1","Warcry","Adaptation"],"picked":"SKIP","floor":23.0},{"not_picked":["Infinite Blades+1","AT_BodySlamDance","Reprogram","Body Slam","Beam Cell"],"picked":"SKIP","floor":27.0},{"not_picked":["Outmaneuver","WreathOfFlame+1","Perfected Strike","Reinforced Body","MostiFishMod:PreservedThorns"],"picked":"SKIP","floor":29.0},{"not_picked":["Infernal Blade","Pummel","Battle Trance","Core Surge"],"picked":"PathToVictory+1","floor":30.0},{"not_picked":["Clothesline","Dagger Throw+1","Blade Dance","Cloak And Dagger","AT_HeatAcrobatics"],"picked":"SKIP","floor":31.0},{"not_picked":["MostiFishMod:HiddenBlade","MostiFishMod:ShivMaster","MostiFishMod:WinterMarkForm","MostiFishMod:Opportunism"],"picked":"MostiFishMod:InterfaceCompatibility","floor":33.0},{"not_picked":["Beam Cell","Leap+1","Reckless Charge+1","Heatsinks+1","FlyingSleeves"],"picked":"SKIP","floor":35.0},{"not_picked":["Streamline","BowlingBash","Tempest+1","Catalyst+1","Infinite Blades"],"picked":"SKIP","floor":38.0},{"not_picked":["Armaments","Leap","AT_Desolate+1","Compile Driver","Choke"],"picked":"SKIP","floor":39.0},{"not_picked":["AT_ThistleTea","MostiFishMod:StarLaLaLa","Redo","EmptyMind+1","Heel Hook"],"picked":"SKIP","floor":42.0},{"not_picked":["Turbo","Swivel","Clothesline+1","EmptyBody","Halt+1"],"picked":"SKIP","floor":46.0},{"not_picked":["Clothesline+1","Finisher+1","Sever Soul+1","Streamline+1","ThirdEye"],"picked":"SKIP","floor":47.0},{"not_picked":["MostiFishMod:ATRI","Blade Dance+1","Sentinel+1","Catalyst","Entrench"],"picked":"SKIP","floor":48.0}],"player_experience":1352838,"relics_obtained":[{"floor":1.0,"key":"SynthV:TestCard"},{"floor":9.0,"key":"DianDianMeat"},{"floor":11.0,"key":"Whetstone"},{"floor":22.0,"key":"Red Mask"},{"floor":26.0,"key":"Anchor"},{"floor":43.0,"key":"Potion Belt"},{"floor":45.0,"key":"AT_GuinsooRageblade"},{"floor":48.0,"key":"Sundial"},{"floor":48.0,"key":"SynthV:C4"}],"event_choices":[{"cards_removed":["Warcry"],"damage_healed":0.0,"max_hp_gain":0.0,"max_hp_loss":0.0,"gold_gain":0.0,"event_name":"The Cleric","player_choice":"Card Removal","floor":2.0,"gold_loss":50.0,"damage_taken":0.0},{"cards_removed":["Storm"],"damage_healed":0.0,"max_hp_gain":0.0,"max_hp_loss":0.0,"gold_gain":0.0,"event_name":"WeMeetAgain","player_choice":"Gave Card","floor":4.0,"gold_loss":0.0,"damage_taken":0.0,"relics_obtained":["MawBank"]},{"damage_healed":0.0,"max_hp_gain":0.0,"max_hp_loss":0.0,"gold_gain":0.0,"event_name":"Masked Bandits","player_choice":"Fought Bandits","floor":22.0,"gold_loss":0.0,"damage_taken":0.0},{"damage_healed":0.0,"max_hp_gain":0.0,"max_hp_loss":0.0,"gold_gain":0.0,"event_name":"NoteForYourself","player_choice":"Ignored","floor":25.0,"gold_loss":0.0,"damage_taken":0.0},{"cards_removed":["Coolheaded"],"damage_healed":0.0,"max_hp_gain":0.0,"max_hp_loss":0.0,"gold_gain":0.0,"event_name":"Falling","player_choice":"Removed Skill","floor":36.0,"gold_loss":0.0,"damage_taken":0.0},{"damage_healed":0.0,"max_hp_gain":0.0,"max_hp_loss":4.0,"gold_gain":0.0,"event_name":"Winding Halls","player_choice":"Max HP","floor":37.0,"gold_loss":0.0,"damage_taken":0.0}],"is_beta":false,"boss_relics":[{"not_picked":["JellyFishMachine","testmod-NegativeEmotionEnhancer"],"picked":"Empty Cage"},{"not_picked":["AT_TrinityForce","GreenFoldingFan"],"picked":"Black Star"}],"items_purged_floors":[19,41],"is_endless":true,"potions_floor_spawned":[10,11,12,13,20,21,27,30,42,48],"killed_by":"Donu and Deca","ascension_level":0}}