{"host":"k653q14gphaoox56","time":1608824024,"event":{"mods":["BaseMod","Colored Map","Conspire","DeckTracker","Hermit","Hubris","Infinite Spire","Minty Spire (QoL Compilation)","Replay The Spire","StSLib","The Construct","The Cursed","The Disciple","The Hierophant","The Necromancer","The Poker Player","The Runesmith","The Servant 0.9.4"],"gold_per_floor":[118,128,128,140,14,46,66,81,107,107,121,154,154,184,184,286,286,301,330,319,332,242,242,242],"floor_reached":23,"playtime":2353,"items_purged":["Strike_R"],"score":228,"play_id":"78a3a137-112c-4454-be6c-b93ecc76c77e","local_time":"20201224103344","is_ascension_mode":false,"campfire_choices":[{"data":"Armaments","floor":10,"key":"SMITH"},{"data":"Twin Strike","floor":13,"key":"SMITH"}],"circlet_count":0,"master_deck":["Strike_R","Strike_R","Strike_R","Strike_R","Defend_R","Defend_R","Defend_R","Defend_R","Bash","Metallicize","Flame Barrier","Flex","Armaments+1","Twin Strike+1","Flex","Iron Wave+1","Shrug It Off","Disarm","Infernal Blade","Spreading Infection","Bash","Panacea","infinitespire:Execution","conspire:ExplosiveBarrier","Pommel Strike","Iron Wave","Armaments"],"relics":["Burning Blood","NeowsBlessing","Vajra","hubris:OldNail","hubris:MysteriousPyramids","Odd Mushroom","ReplayTheSpireMod:SealedPack","Replay:Mystery Machine"],"acts_visited":["Exordium","TheCity"],"potions_floor_usage":[12,14,16,16,20,20,23,23],"damage_taken":[{"damage":0,"enemies":"Small Slimes","floor":1,"turns":1},{"damage":0,"enemies":"conspire:RoseBush","floor":2,"turns":1},{"damage":0,"enemies":"Cultist","floor":4,"turns":1},{"damage":31,"enemies":"3 Sentries","floor":6,"turns":16},{"damage":10,"enemies":"Looter","floor":7,"turns":3},{"damage":5,"enemies":"Red Slaver","floor":8,"turns":4},{"damage":1,"enemies":"3 Louse","floor":11,"turns":3},{"damage":0,"enemies":"Replay:BlueRogue","floor":12,"turns":5},{"damage":2,"enemies":"The Mushroom Lair","floor":14,"turns":3},{"damage":29,"enemies":"Fading Forest","floor":16,"turns":11},{"damage":67,"enemies":"conspire:FuzzyDice","floor":18,"turns":8},{"damage":15,"enemies":"conspire:MimicChest","floor":19,"turns":6},{"damage":0,"enemies":"2 Thieves","floor":20,"turns":4},{"damage":6,"enemies":"conspire:HollyBat","floor":21,"turns":7},{"damage":16,"enemies":"Nightmare","floor":23,"turns":9}],"seed_played":"3683330906447926651","potions_obtained":[{"floor":6,"key":"GamblersBrew"},{"floor":8,"key":"Explosive Potion"},{"floor":11,"key":"Adrenaline Potion"},{"floor":12,"key":"Ancient Potion"},{"floor":14,"key":"Toxic Potion"},{"floor":16,"key":"Flashbang"},{"floor":19,"key":"Weak Potion"},{"floor":21,"key":"Adrenaline Potion"}],"is_trial":false,"path_per_floor":["M","M","?","M","$","E","M","M","T","R","M","E","R","?","R_BF","B",null,"M","?","M","M","?","NM"],"character_chosen":"IRONCLAD","items_purchased":["Armaments"],"campfire_rested":0,"item_purchase_floors":[5],"current_hp_per_floor":[80,80,80,80,80,55,51,52,52,52,57,63,63,67,67,63,80,19,10,16,16,16,0,0],"gold":242,"neow_bonus":"THREE_ENEMY_KILL","is_daily":false,"chose_seed":false,"campfire_upgraded":2,"win_rate":0.0,"timestamp":1608824024,"path_taken":["M","M","?","?","?","E","?","M","T","R","M","E","R","?","R_BF","BOSS","M","?","M","M","?","NM"],"items_purchased_type":["Card"],"build_version":"2020-12-22","purchased_purges":1,"victory":false,"max_hp_per_floor":[80,80,80,80,80,80,80,80,80,80,80,80,80,80,80,80,80,80,80,80,80,80,80,80],"card_choices":[{"not_picked":["Warcry","Clash"],"picked":"Metallicize","floor":1},{"not_picked":["Abandon","Infernal Blade"],"picked":"Clash","floor":2},{"not_picked":["Metallicize","Run Through"],"picked":"Flex","floor":4},{"not_picked":["Dual Wield","Abandon"],"picked":"Twin Strike","floor":6},{"not_picked":["hubris:CleavingFinish","Run Through"],"picked":"Flex","floor":7},{"not_picked":["Sever Soul","hubris:SharpeningStone"],"picked":"Iron Wave","floor":8},{"not_picked":["Berserk","Thunderclap"],"picked":"Anger","floor":11},{"not_picked":["Ghostly Armor","Dual Wield"],"picked":"Shrug It Off","floor":12},{"not_picked":["Warcry","Reckless Charge"],"picked":"Disarm","floor":14},{"not_picked":["Corruption","Impervious"],"picked":"Offering","floor":16},{"not_picked":["construct:DefenseMode","Zap"],"picked":"Bash","floor":17},{"not_picked":["Offering","Reaper"],"picked":"conspire:Purge","floor":17},{"not_picked":["Forethought","ReplayTheSpireMod:Private Reserves"],"picked":"Panacea","floor":17},{"not_picked":["ReplayTheSpireMod:??????????????????????","infinitespire:SevenWalls"],"picked":"infinitespire:Execution","floor":17},{"not_picked":["Warcry","Body Slam"],"picked":"conspire:ExplosiveBarrier","floor":18},{"not_picked":["Eclipse","Defy Death+1"],"picked":"Pommel Strike","floor":19},{"not_picked":["Defy Death","Body Slam"],"picked":"Iron Wave","floor":20},{"not_picked":["Clothesline","Sword Boomerang"],"picked":"Armaments","floor":21}],"player_experience":102901,"relics_obtained":[{"floor":6,"key":"Vajra"},{"floor":9,"key":"hubris:OldNail"},{"floor":12,"key":"hubris:MysteriousPyramids"},{"floor":14,"key":"Odd Mushroom"},{"floor":19,"key":"Replay:Mystery Machine"}],"event_choices":[{"damage_healed":0,"gold_gain":0,"cards_transformed":["Clash"],"player_choice":"Transformed","damage_taken":0,"max_hp_gain":0,"max_hp_loss":0,"event_name":"Transmorgrifier","floor":3,"gold_loss":0,"cards_obtained":["Flame Barrier"]},{"damage_healed":0,"gold_gain":0,"player_choice":"Fought Mushrooms","damage_taken":0,"max_hp_gain":0,"max_hp_loss":0,"event_name":"Mushrooms","floor":14,"gold_loss":0},{"cards_removed":["conspire:Purge"],"damage_healed":0,"gold_gain":0,"player_choice":"Upgrade and Remove","damage_taken":0,"max_hp_gain":0,"max_hp_loss":0,"event_name":"Designer","floor":22,"gold_loss":90,"cards_upgraded":["Iron Wave"]}],"is_beta":false,"boss_relics":[{"not_picked":["Sozu","Kintsugi"],"picked":"ReplayTheSpireMod:SealedPack"}],"items_purged_floors":[5],"is_endless":false,"potions_floor_spawned":[6,8,11,12,14,16,19,21],"killed_by":"Nightmare","ascension_level":0}}