{"host":"0cnf9zf1gia27zti","time":1608777257,"event":{"mods":["BaseMod","BetterRewards","Card Forge","Colored Map","Colored Powertips","Conspire","Downfall","Minty Spire (QoL Compilation)","Practice Mode","Quick Restart","Replay The Spire","Robot Space Explorer","Shade Mod","Spicy Shops","StSLib"],"gold_per_floor":[117,207,207,47,67,99,24,59,108,108,131,149,149,58,58,136,186,206,206,239,1,1,17,29,29,29],"floor_reached":25,"playtime":1389,"items_purged":["Strike_G"],"score":593,"play_id":"5d056292-6246-446b-813f-8e8f7693478c","local_time":"20201224023417","is_ascension_mode":true,"campfire_choices":[{"data":"Noxious Fumes","floor":10,"key":"SMITH"},{"data":"Skewer","floor":13,"key":"SMITH"},{"data":"Footwork","floor":15,"key":"SMITH"}],"circlet_count":0,"master_deck":["AscendersBane","Strike_G","Strike_G","Strike_G","Strike_G+1","Defend_G","Defend_G","Defend_G","Defend_G","Defend_G+1","Survivor","Neutralize","Accuracy+1","Footwork+1","Footwork+1","Noxious Fumes+1","Skewer+1","Skewer+1","Catalyst+1","ReplayTheSpireMod:Speed Training","Infinite Blades","Blade Dance","Finisher","Terror","Footwork","Replay:Bag of Tricks","Prepared","Prepared+1","Terror","Replay:Bag of Tricks","Footwork","ReplayTheSpireMod:Speed Training"],"relics":["Ring of the Snake","Hammer of Thor","Seething Fire","Anvil of the Gods","Tiny Chest","Chemical X","Question Card","Anchor","Bag of Preparation","Lee\u0027s Waffle","Snake Skull","conspire:Flyswatter","Ancient Tea Set","Dream Catcher","Tiny House","Nilry\u0027s Codex","Red Mask","DollysMirror"],"acts_visited":["Exordium","TheCity"],"potions_floor_usage":[8,16,16,20,24],"damage_taken":[{"damage":7,"enemies":"2 Louse","floor":1,"turns":4},{"damage":0,"enemies":"Small Slimes","floor":5,"turns":3},{"damage":3,"enemies":"3 Sentries","floor":6,"turns":6},{"damage":15,"enemies":"Lagavulin","floor":8,"turns":5},{"damage":0,"enemies":"Jaw Worm","floor":12,"turns":3},{"damage":3,"enemies":"Hexaghost","floor":16,"turns":5},{"damage":17,"enemies":"Spheric Guardian","floor":18,"turns":5},{"damage":20,"enemies":"Masked Bandits","floor":20,"turns":5},{"damage":0,"enemies":"Chosen","floor":23,"turns":3},{"damage":14,"enemies":"Centurion and Healer","floor":24,"turns":5},{"damage":24,"enemies":"Cultist and Chosen","floor":25,"turns":3}],"seed_played":"2326118164349610600","potions_obtained":[{"floor":5,"key":"conspire:TimeTravelPotion"},{"floor":8,"key":"SpeedPotion"},{"floor":12,"key":"Languid Potion"},{"floor":17,"key":"GhostInAJar"},{"floor":23,"key":"hexamod:EctoCoolerPotion"}],"is_trial":false,"path_per_floor":["M","?","?","$","M","E","$","E","T","R","T","M","R","$","R","B",null,"M","?","?","$","?","M","M","M"],"character_chosen":"THE_SILENT","items_purchased":["Accuracy","Tiny Chest","Footwork","Chemical X","Question Card","Noxious Fumes","Skewer","Anchor","Lee\u0027s Waffle","Footwork","DollysMirror","Footwork"],"campfire_rested":0,"item_purchase_floors":[0,0,0,0,0,0,0,0,4,14,21,21],"current_hp_per_floor":[52,26,6,73,73,70,70,70,70,70,70,70,70,70,70,67,77,60,39,19,19,19,19,5,0,0],"gold":29,"neow_bonus":"","is_daily":false,"chose_seed":false,"campfire_upgraded":3,"win_rate":0.0,"timestamp":1608777257,"path_taken":["M","?","?","$","M","E","?","E","T","R","?","M","R","$","R","BOSS","M","?","?","$","?","M","M","M"],"items_purchased_type":["Card","Relic","Card","Relic","Relic","Card","Card","Relic","Relic","Card","Relic","Card"],"build_version":"2020-12-22","purchased_purges":1,"victory":false,"max_hp_per_floor":[66,66,66,73,73,73,73,73,73,73,73,73,73,73,73,73,78,78,78,78,78,78,78,78,78,78],"card_choices":[{"not_picked":["Hidden Blade","Masterful Stab","Flying Knee"],"picked":"Skewer","floor":1},{"not_picked":["Calculated Gamble","Backstab","Dagger Spray"],"picked":"Catalyst","floor":2},{"not_picked":["Concentrate","Deflect","Hidden Blade"],"picked":"ReplayTheSpireMod:Speed Training","floor":2},{"not_picked":["Toxin Wave","conspire:PoisonWeapons","All Out Attack"],"picked":"Infinite Blades","floor":5},{"not_picked":["Quick Slash","Riddle With Holes","Underhanded Strike"],"picked":"Blade Dance","floor":6},{"not_picked":["Dodge and Roll","Replay:Poison Smokescreen","ReplayTheSpireMod:Exploit Weakness"],"picked":"Finisher","floor":8},{"not_picked":["Fluid Movement","Cloak And Dagger","Sucker Punch"],"picked":"Terror","floor":12},{"not_picked":["ReplayTheSpireMod:From All Sides","A Thousand Cuts","Venomology"],"picked":"Replay:Bag of Tricks","floor":16},{"not_picked":["Sucker Punch","Dash","Dodge and Roll"],"picked":"Prepared","floor":17},{"not_picked":["Well Laid Plans","Expertise","Dagger Spray"],"picked":"Prepared+1","floor":18},{"not_picked":["Endless Agony","Calculated Gamble","PiercingWail"],"picked":"Terror","floor":20},{"not_picked":["Fluid Movement","Distraction","Sucker Punch"],"picked":"ReplayTheSpireMod:Speed Training","floor":23},{"not_picked":["Dagger Throw+1","Outmaneuver","Slice","Deadly Poison"],"picked":"SKIP","floor":24}],"player_experience":2439686,"relics_obtained":[{"floor":2,"key":"Bag of Preparation"},{"floor":6,"key":"Snake Skull"},{"floor":8,"key":"conspire:Flyswatter"},{"floor":9,"key":"Ancient Tea Set"},{"floor":11,"key":"Dream Catcher"},{"floor":19,"key":"Nilry\u0027s Codex"},{"floor":20,"key":"Red Mask"}],"event_choices":[{"damage_healed":0,"gold_gain":0,"player_choice":"Entered Light","damage_taken":20,"max_hp_gain":0,"max_hp_loss":0,"event_name":"Shining Light","floor":3,"gold_loss":0,"cards_upgraded":["Catalyst","Strike_G"]},{"damage_healed":0,"gold_gain":0,"player_choice":"Obtained Book","damage_taken":21,"max_hp_gain":0,"max_hp_loss":0,"event_name":"Cursed Tome","floor":19,"gold_loss":0},{"damage_healed":0,"gold_gain":0,"player_choice":"Fought Bandits","damage_taken":0,"max_hp_gain":0,"max_hp_loss":0,"event_name":"Masked Bandits","floor":20,"gold_loss":0}],"is_beta":false,"boss_relics":[{"not_picked":["HoveringKite","Honey Jar"],"picked":"Tiny House"}],"items_purged_floors":[7],"is_endless":false,"potions_floor_spawned":[5,8,12,23],"killed_by":"Cultist and Chosen","ascension_level":17}}