{"host":"7o30bgpqouqblh42","time":1608842703,"event":{"mods":["AchievementEnabler","Aspiration","BaseMod","Colored Map","Downfall","Highlight Path","Minty Spire (QoL Compilation)","StSLib","SuperFastMode"],"gold_per_floor":[99,99,99,99,29,29,53,53,38,38,48,65,65,82,95,200,200,125,135,149,59,59,69,150,169,94,129,129,148,148,148,160,263,263,263,282,292,292,318,318,318,7,7,7,21,32,32,32,47,47],"floor_reached":51,"playtime":5521,"items_purged":["hexamod:Defend","hexamod:Strike","hexamod:Strike"],"score":614,"play_id":"568df733-e209-47bd-8bb2-53b1b7bb2d0e","local_time":"20201224154503","is_ascension_mode":true,"campfire_choices":[{"floor":1,"key":"RECALL"},{"data":"Glass Knife","floor":8,"key":"SMITH"},{"data":"hexamod:SpectralAdrenaline","floor":13,"key":"SMITH"},{"data":"hexamod:UnlimitedPower","floor":18,"key":"SMITH"},{"data":"hexamod:RadiantFlame","floor":26,"key":"SMITH"},{"data":"Thinking Ahead","floor":28,"key":"SMITH"},{"data":"Blade Dance","floor":30,"key":"SMITH"},{"data":"hexamod:ApocalypseNow","floor":35,"key":"SMITH"},{"data":"expansioncontent:GuardianWhirl","floor":40,"key":"SMITH"},{"data":"hexamod:GhostflameBarrier","floor":47,"key":"SMITH"}],"circlet_count":0,"master_deck":["hexamod:Defend","hexamod:Defend","hexamod:Sear","hexamod:Float","Deflect","Blade Dance+1","Glass Knife+1","hexamod:SoulSteal","hexamod:HexaLevel+1","hexamod:FirstSeal","hexamod:SpectralAdrenaline+1","hexamod:ApocalypticArmor","hexamod:AdvancingGuard","hexamod:UnlimitedPower+1","hexamod:RadiantFlame+1","hexamod:ThermalTransfer+1","hexamod:SpectersWail","Thinking Ahead+1","hexamod:RadiantFlame+1","hexamod:PowerFromBeyond+1","hexamod:ApocalypseNow+1","hexamod:HeatShield+1","hexamod:GhostOfSpirePresent+1","expansioncontent:GuardianWhirl+1","hexamod:StepThrough","hexamod:GhostflameBarrier+1","hexamod:SpectralSpark+1"],"relics":["hexamod:SpiritBrand","downfall:HeartsMalice","Shuriken","Juzu Bracelet","Potion Belt","Coffee Dripper","downfall:HeartBlessingRed","downfall:HeartBlessingBlue","SacredBark","Pen Nib","Unceasing Top","Bag of Preparation"],"acts_visited":["Exordium","TheCity","TheBeyond"],"potions_floor_usage":[15,16,16,16,23,33,49,49],"damage_taken":[{"damage":0,"enemies":"Small Slimes","floor":2,"turns":1},{"damage":0,"enemies":"Jaw Worm","floor":4,"turns":1},{"damage":0,"enemies":"downfall:FleeingMerchant","floor":5,"turns":1},{"damage":0,"enemies":"downfall:FleeingMerchant","floor":9,"turns":4},{"damage":0,"enemies":"Cultist","floor":11,"turns":3},{"damage":7,"enemies":"3 Louse","floor":12,"turns":3},{"damage":6,"enemies":"Red Slaver","floor":14,"turns":3},{"damage":8,"enemies":"Exordium Wildlife","floor":15,"turns":3},{"damage":27,"enemies":"downfall:Ironclad","floor":16,"turns":7},{"damage":0,"enemies":"Spheric Guardian","floor":19,"turns":3},{"damage":12,"enemies":"Shelled Parasite and Fungi","floor":20,"turns":5},{"damage":0,"enemies":"downfall:FleeingMerchant","floor":21,"turns":5},{"damage":0,"enemies":"3 Cultists","floor":23,"turns":5},{"damage":7,"enemies":"Snecko","floor":25,"turns":5},{"damage":14,"enemies":"downfall:FleeingMerchant","floor":27,"turns":4},{"damage":15,"enemies":"Shelled Parasite and Fungi","floor":29,"turns":4},{"damage":28,"enemies":"Snake Plant","floor":32,"turns":3},{"damage":7,"enemies":"downfall:Defect","floor":33,"turns":5},{"damage":43,"enemies":"3 Darklings","floor":36,"turns":4},{"damage":11,"enemies":"Orb Walker","floor":37,"turns":4},{"damage":39,"enemies":"Jaw Worm Horde","floor":45,"turns":4},{"damage":20,"enemies":"Sphere and 2 Shapes","floor":46,"turns":4},{"damage":7,"enemies":"3 Darklings","floor":49,"turns":3},{"damage":14,"enemies":"downfall:Watcher","floor":50,"turns":8}],"seed_played":"-3061792980195043883","potions_obtained":[{"floor":11,"key":"LiquidMemories"},{"floor":12,"key":"sneckomod:MuddlingPotion"},{"floor":14,"key":"sneckomod:MuddlingPotion"},{"floor":15,"key":"PowerPotion"},{"floor":20,"key":"Weak Potion"},{"floor":23,"key":"SteroidPotion"},{"floor":29,"key":"Fire Potion"},{"floor":32,"key":"champ:CounterPotion"},{"floor":36,"key":"AttackPotion"},{"floor":37,"key":"Swift Potion"},{"floor":45,"key":"champ:CounterPotion"}],"is_trial":false,"path_per_floor":["R","M","?","M","$","?","T","R","$","T","M","M","R","M","M","B",null,"R","M","M","$","?","M","T","M","R","$","R","M","R","?","M","B",null,"R","M","M","?","T","R","T","$","?","?","M","M","R","$","M","B",null],"character_chosen":"THE_SPIRIT","items_purchased":["hexamod:FirstSeal","Thinking Ahead","hexamod:StepThrough","Bag of Preparation"],"campfire_rested":0,"item_purchase_floors":[5,27,42,42],"current_hp_per_floor":[70,70,70,70,70,67,67,67,70,70,70,70,70,70,69,42,70,70,70,65,70,70,70,70,70,80,66,66,58,58,58,37,37,80,80,44,40,40,40,40,40,40,40,70,38,25,25,25,25,11],"gold":47,"neow_bonus":"THREE_ENEMY_KILL","is_daily":false,"chose_seed":false,"campfire_upgraded":9,"win_rate":0.0,"timestamp":1608842703,"path_taken":["R","M","?","M","$","?","T","R","?","?","M","M","R","M","M","BOSS","R","M","M","$","?","M","T","M","R","?","R","M","R","?","M","BOSS","R","M","M","?","?","R","T","?","?","?","M","M","R","$","M","BOSS"],"items_purchased_type":["Card","Card","Card","Relic"],"build_version":"2020-12-22","purchased_purges":3,"victory":true,"max_hp_per_floor":[70,70,70,70,70,70,70,70,70,70,70,70,70,70,70,70,70,70,70,70,70,70,70,70,70,80,80,80,80,80,80,80,80,80,80,80,80,80,80,80,80,80,80,70,70,70,70,70,70,70],"card_choices":[{"not_picked":["hexamod:Hexaguard","hexamod:GhostShield"],"picked":"hexamod:RetreatToShadows","floor":2},{"not_picked":["hexamod:Hexaguard","hexamod:Rewind"],"picked":"hexamod:SoulSteal","floor":4},{"not_picked":["hexamod:SoulSteal","hexamod:GhostShield"],"picked":"hexamod:HexaLevel","floor":5},{"not_picked":["hexamod:ExtraCrispy","hexamod:HauntingEcho","hexamod:InspiringFlames"],"picked":"SKIP","floor":9},{"not_picked":["hexamod:SwordOfDarkness","hexamod:ShieldOfDarkness","hexamod:FastForward"],"picked":"SKIP","floor":11},{"not_picked":["hexamod:DynamicBlow","hexamod:BurningTouch"],"picked":"hexamod:SpectralAdrenaline","floor":12},{"not_picked":["hexamod:ThermalTransfer","hexamod:GhostLash"],"picked":"hexamod:ApocalypticArmor","floor":14},{"not_picked":["hexamod:HeatCrush","hexamod:GhostShield"],"picked":"hexamod:AdvancingGuard","floor":15},{"not_picked":["hexamod:SixthSeal","hexamod:Toasty"],"picked":"hexamod:UnlimitedPower","floor":16},{"not_picked":["hexamod:SpectersWail","hexamod:SuperheatedStrike","hexamod:EmpoweredFlame+1"],"picked":"SKIP","floor":19},{"not_picked":["hexamod:BacktrackSmack","hexamod:NecessarySacrifice","hexamod:PhantomCloak"],"picked":"SKIP","floor":20},{"not_picked":["hexamod:InspiringFlames","hexamod:RetreatToShadows"],"picked":"hexamod:RadiantFlame","floor":21},{"not_picked":["hexamod:TurnItUp","hexamod:BacktrackSmack","hexamod:FastForward"],"picked":"SKIP","floor":23},{"not_picked":["hexamod:GhostShield","hexamod:FirstSeal"],"picked":"hexamod:ThermalTransfer+1","floor":25},{"not_picked":["hexamod:SwordOfDarkness","hexamod:Firestarter"],"picked":"hexamod:SpectersWail","floor":27},{"not_picked":["hexamod:ExtraCrispy","hexamod:RainOfEmbers"],"picked":"hexamod:RadiantFlame+1","floor":29},{"not_picked":["hexamod:SixthSeal","hexamod:SuperheatedStrike+1"],"picked":"hexamod:PowerFromBeyond+1","floor":32},{"not_picked":["hexamod:TurnItUp","hexamod:ParanormalForm"],"picked":"hexamod:ApocalypseNow","floor":33},{"not_picked":["hexamod:Again+1","hexamod:DynamicBlow"],"picked":"hexamod:HeatShield+1","floor":36},{"not_picked":["hexamod:AdvancingGuard","hexamod:BacktrackSmack"],"picked":"hexamod:GhostOfSpirePresent+1","floor":37},{"not_picked":["expansioncontent:DecasProtection","expansioncontent:Chronoboost"],"picked":"expansioncontent:GuardianWhirl","floor":38},{"not_picked":["hexamod:NightmareStrike","hexamod:GhostOfSpireFuture"],"picked":"hexamod:GhostflameBarrier","floor":45},{"not_picked":["hexamod:RetreatToShadows","hexamod:PhantomCloak+1","hexamod:RainOfEmbers"],"picked":"SKIP","floor":46},{"not_picked":["hexamod:Firestarter","hexamod:SuperheatedStrike+1"],"picked":"hexamod:SpectralSpark+1","floor":49}],"player_experience":125303,"relics_obtained":[{"floor":7,"key":"Juzu Bracelet"},{"floor":10,"key":"Potion Belt"},{"floor":39,"key":"Pen Nib"},{"floor":41,"key":"Unceasing Top"}],"event_choices":[{"damage_healed":0,"gold_gain":0,"player_choice":"Success","damage_taken":3,"relics_obtained":["Shuriken"],"max_hp_gain":0,"max_hp_loss":0,"event_name":"Scrap Ooze","floor":6,"gold_loss":0},{"cards_removed":["hexamod:Strike"],"damage_healed":0,"gold_gain":0,"player_choice":"Purged","damage_taken":0,"max_hp_gain":0,"max_hp_loss":0,"event_name":"Purifier","floor":22,"gold_loss":0},{"damage_healed":0,"gold_gain":0,"player_choice":"Upgraded","damage_taken":0,"max_hp_gain":0,"max_hp_loss":0,"event_name":"Upgrade Shrine","floor":31,"gold_loss":0,"cards_upgraded":["hexamod:HexaLevel"]}],"is_beta":false,"boss_relics":[{"not_picked":["aspiration:RunicSpoon","Astrolabe"],"picked":"Coffee Dripper"},{"not_picked":["aspiration:DefectSkillbook","aspiration:RitualDagger"],"picked":"SacredBark"}],"items_purged_floors":[21,27,42],"is_endless":false,"potions_floor_spawned":[11,12,14,15,20,23,29,32,36,37,45],"ascension_level":1}}