{"host":"2461dio7vetlq1z3","time":1608810655,"event":{"mods":["2.2 Compatiblity","AchievementEnabler","Aspiration","BaseMod","Better Third Choice","Hermit","Marisa????????","Minty Spire (QoL Compilation)","Relic Stats","Spicy Shops","StSLib","The Runesmith","Waifu the Spire"],"gold_per_floor":[119,194,194,213,213,242,242,242,265,265,292,311,236,252,252,331,331,342,267,317,317,317,317],"floor_reached":22,"playtime":748,"items_purged":["Strike_R"],"score":480,"play_id":"4d4819c0-aeb0-4c9d-9e9c-d3036545e14f","local_time":"20201224125055","is_ascension_mode":true,"campfire_choices":[{"floor":7,"key":"REST"},{"data":"Bash","floor":10,"key":"SMITH"},{"floor":15,"key":"REST"}],"circlet_count":0,"master_deck":["AscendersBane","Strike_R","Strike_R","Defend_R","Defend_R","Defend_R","Defend_R","Bash+1","Thunderclap","Clothesline","Hemokinesis","Combust","Rampage","Pommel Strike","Brutality"],"relics":["Burning Blood","aspiration:Nostalgia","Ring of the Snake","Vajra","CultistMask","Lantern","Sundial","Black Star"],"acts_visited":["Exordium","TheCity"],"potions_floor_usage":[6,16,22],"damage_taken":[{"damage":23,"enemies":"Jaw Worm","floor":1,"turns":6},{"damage":14,"enemies":"Small Slimes","floor":4,"turns":5},{"damage":43,"enemies":"3 Sentries","floor":6,"turns":8},{"damage":27,"enemies":"Lagavulin","floor":11,"turns":5},{"damage":2,"enemies":"2 Louse","floor":12,"turns":2},{"damage":18,"enemies":"Large Slime","floor":14,"turns":4},{"damage":10,"enemies":"Slime Boss","floor":16,"turns":6},{"damage":37,"enemies":"Spheric Guardian","floor":18,"turns":4},{"damage":20,"enemies":"Shell Parasite","floor":22,"turns":3}],"seed_played":"2084418998512812891","potions_obtained":[{"floor":4,"key":"SteroidPotion"},{"floor":6,"key":"SpeedPotion"},{"floor":14,"key":"Explosive Potion"},{"floor":18,"key":"Weak Potion"}],"is_trial":false,"path_per_floor":["M","?","?","M","?","E","R","?","T","R","E","M","$","M","R","B",null,"M","?","?","?","M"],"character_chosen":"IRONCLAD","items_purchased":[],"campfire_rested":2,"item_purchase_floors":[],"current_hp_per_floor":[51,40,40,32,57,20,42,42,42,42,21,25,25,13,35,31,64,33,33,33,12,0,0],"gold":317,"neow_bonus":"NOSTALGIA","is_daily":false,"chose_seed":false,"campfire_upgraded":1,"win_rate":0.0,"timestamp":1608810655,"path_taken":["M","?","?","M","?","E","R","?","T","R","E","?","$","?","R","BOSS","M","?","?","?","M"],"items_purchased_type":[],"build_version":"2020-12-22","purchased_purges":1,"victory":false,"max_hp_per_floor":[75,75,75,75,75,75,75,75,75,75,75,75,75,75,75,75,75,75,75,75,80,80,80],"relic_stats":{"counters":[9,43],"Sundial":[2],"Black Star":0,"obtain_stats":[{"Lantern":9,"aspiration:Nostalgia":0,"Sundial":11,"Vajra":6,"CultistMask":8,"Black Star":17,"Burning Blood":0,"Ring of the Snake":0},{"Lantern":3,"aspiration:Nostalgia":0,"Sundial":4,"Vajra":3,"CultistMask":3,"Black Star":7,"Burning Blood":0,"Ring of the Snake":0},{"Lantern":19,"aspiration:Nostalgia":0,"Sundial":24,"Vajra":19,"CultistMask":19,"Black Star":36,"Burning Blood":0,"Ring of the Snake":0}],"Burning Blood":48,"Ring of the Snake":[18]},"card_choices":[{"not_picked":["Body Slam","Pummel"],"picked":"Thunderclap","floor":1},{"not_picked":["Spot Weakness","Feel No Pain"],"picked":"Hemokinesis","floor":4},{"not_picked":["Dropkick","Thunderclap"],"picked":"Combust","floor":6},{"not_picked":["Thunderclap","Havoc"],"picked":"Rampage","floor":11},{"not_picked":["Combust","Clash"],"picked":"Pommel Strike","floor":12},{"not_picked":["Clash","Fire Breathing","Pommel Strike"],"picked":"SKIP","floor":14},{"not_picked":["Fiend Fire","Double Tap"],"picked":"Brutality","floor":16},{"not_picked":["Anger","Evolve","Clash"],"picked":"SKIP","floor":18}],"player_experience":1010495,"relics_obtained":[{"floor":6,"key":"Vajra"},{"floor":9,"key":"Lantern"},{"floor":11,"key":"Sundial"}],"event_choices":[{"damage_healed":0,"gold_gain":75,"player_choice":"Gold","damage_taken":11,"max_hp_gain":0,"max_hp_loss":0,"event_name":"betterThird:BetterGoop","floor":2,"gold_loss":0},{"damage_healed":0,"gold_gain":0,"cards_transformed":["Strike_R"],"player_choice":"Change","damage_taken":0,"max_hp_gain":0,"max_hp_loss":0,"event_name":"Living Wall","floor":3,"gold_loss":0,"cards_obtained":["Clothesline"]},{"damage_healed":25,"gold_gain":0,"player_choice":"Banana","damage_taken":0,"max_hp_gain":0,"max_hp_loss":0,"event_name":"Big Fish","floor":5,"gold_loss":0},{"damage_healed":0,"gold_gain":0,"player_choice":"Trade","damage_taken":0,"relics_obtained":["CultistMask"],"max_hp_gain":0,"max_hp_loss":0,"event_name":"FaceTrader","floor":8,"gold_loss":0},{"cards_removed":["Strike_R"],"damage_healed":0,"gold_gain":0,"player_choice":"Gave Gold","damage_taken":0,"max_hp_gain":0,"max_hp_loss":0,"event_name":"Beggar","floor":19,"gold_loss":75},{"damage_healed":0,"gold_gain":50,"player_choice":"Steal","damage_taken":0,"max_hp_gain":0,"max_hp_loss":0,"event_name":"betterThird:BetterNest","floor":20,"gold_loss":0},{"damage_healed":0,"gold_gain":0,"player_choice":"Shed Blood","damage_taken":26,"max_hp_gain":5,"max_hp_loss":0,"event_name":"Forgotten Altar","floor":21,"gold_loss":0}],"is_beta":false,"boss_relics":[{"not_picked":["Fusion Hammer","Velvet Choker"],"picked":"Black Star"}],"items_purged_floors":[13],"is_endless":false,"potions_floor_spawned":[4,6,14,18],"killed_by":"Shell Parasite","ascension_level":20}}