{"host":"rwzz6mk6bpmb57ql","time":1608774683,"event":{"mods":["AchievementEnabler","BaseMod","BetterRewards","Colored Map","Highlight Path","Hubris","Minty Spire (QoL Compilation)","Replay The Spire","StSLib"],"gold_per_floor":[6616,6631,6631,6646,6664,6691,6691,6691,6718,6718,6738,6198,6233,6247,6247,6349,6349,6366,6366,5466,5466,5376,5405,5405,5435,5435,5435,5450,5462,5478,4797,4797,4899,4899,4910,4910,4910,4032,4047,4080,4080,4080,4080,4080,3424,3435,3435,3435,3435,3435,3435,3435,2913,2941,2941],"floor_reached":56,"playtime":1886,"items_purged":["Defend_G","Defend_G","Strike_G","Defend_G","Strike_G"],"score":1477,"play_id":"a4b5a892-17d9-4562-9494-e88b999b0c17","local_time":"20201223195123","is_ascension_mode":true,"campfire_choices":[{"floor":7.0,"key":"RECALL"},{"data":"Blade Dance","floor":10.0,"key":"SMITH"},{"data":"Apotheosis","floor":15.0,"key":"SMITH"},{"data":"Night Terror","floor":24.0,"key":"SMITH"},{"data":"Terror","floor":27.0,"key":"SMITH"},{"data":"Phantasmal Killer","floor":32.0,"key":"SMITH"},{"data":"Accuracy","floor":41.0,"key":"SMITH"},{"data":"Backstab","floor":44.0,"key":"SMITH"},{"data":"Blade Dance","floor":47.0,"key":"SMITH"},{"data":"Flying Knee","floor":49.0,"key":"SMITH"},{"data":"Flying Knee","floor":52.0,"key":"SMITH"}],"circlet_count":0,"master_deck":["ReplayTheSpireMod:Brewmster+1","Strike_G","Strike_G","Strike_G","Defend_G","Survivor","Neutralize+1","Flying Knee+1","Blade Dance+1","Blade Dance+1","Backstab+1","Apotheosis+1","Flying Knee+1","Accuracy+1","Dagger Spray+1","Terror+1","Accuracy+1","Night Terror+1","Phantasmal Killer+1","Riddle With Holes+1","Accuracy+1","Outmaneuver+1"],"relics":["Ring of the Snake","Potion Belt","SacredBark","Potion Belt","Chameleon Ring","Chameleon Ring","hubris:SlimyHat","TwistedFunnel","Pocketwatch","Cursed Key","Question Card","Replay:Accelerometer","Medical Kit","hubris:BottledRain","InkBottle","Garlic","Orrery","hubris:ScarierMask","hubris:Towel","StoneCalendar","Onion Ring","Bottled Flame","Guide Book","Bag of Marbles","hubris:64BitClover","Pear","Snack Pack"],"acts_visited":["Exordium","TheCity","TheBeyond","TheEnding"],"potions_floor_usage":[55,55,55,55,55,55,55,55],"damage_taken":[{"damage":13.0,"enemies":"Small Slimes","floor":1.0,"turns":8.0},{"damage":11.0,"enemies":"Jaw Worm","floor":2.0,"turns":4.0},{"damage":0.0,"enemies":"Cultist","floor":4.0,"turns":3.0},{"damage":0.0,"enemies":"Large Slime","floor":5.0,"turns":2.0},{"damage":12.0,"enemies":"Lagavulin","floor":6.0,"turns":2.0},{"damage":4.0,"enemies":"2 Fungi Beasts","floor":11.0,"turns":3.0},{"damage":0.0,"enemies":"3 Sentries","floor":13.0,"turns":2.0},{"damage":0.0,"enemies":"Exordium Thugs","floor":14.0,"turns":1.0},{"damage":19.0,"enemies":"Slime Boss","floor":16.0,"turns":6.0},{"damage":0.0,"enemies":"3 Byrds","floor":18.0,"turns":1.0},{"damage":2.0,"enemies":"Book of Stabbing","floor":23.0,"turns":2.0},{"damage":10.0,"enemies":"Slavers","floor":25.0,"turns":4.0},{"damage":2.0,"enemies":"Chosen","floor":28.0,"turns":3.0},{"damage":0.0,"enemies":"Snecko","floor":29.0,"turns":2.0},{"damage":14.0,"enemies":"Centurion and Healer","floor":30.0,"turns":4.0},{"damage":15.0,"enemies":"Champ","floor":33.0,"turns":3.0},{"damage":0.0,"enemies":"3 Shapes","floor":35.0,"turns":1.0},{"damage":10.0,"enemies":"Orb Walker","floor":39.0,"turns":1.0},{"damage":22.0,"enemies":"Giant Head","floor":40.0,"turns":6.0},{"damage":22.0,"enemies":"Spire Growth","floor":46.0,"turns":3.0},{"damage":18.0,"enemies":"Replay:Hell Engine","floor":50.0,"turns":3.0},{"damage":6,"enemies":"Shield and Spear","floor":54,"turns":2},{"damage":42,"enemies":"The Heart","floor":55,"turns":8}],"seed_played":"2236515563080353729","potions_obtained":[{"floor":2.0,"key":"Death Potion"},{"floor":4.0,"key":"FearPotion"},{"floor":13.0,"key":"Fire Potion"},{"floor":16.0,"key":"LiquidMemories"},{"floor":23.0,"key":"Energy Potion"},{"floor":28.0,"key":"Strength Potion"},{"floor":30.0,"key":"Elixir"},{"floor":33.0,"key":"Fire Potion"}],"is_trial":false,"path_per_floor":["M","M","?","M","M","E","R","T","T","R","M","$","E","M","R","B",null,"M","?","$","?","?","E","R","E","T","R","M","M","M","$","R","B",null,"M","?","?","$","M","E","R","?","T","R","$","M","R","?","R","B",null,"R","$","E","B",null],"character_chosen":"THE_SILENT","items_purchased":["TwistedFunnel","Fruit Juice","Apotheosis","Flying Knee","Terror","Accuracy","Question Card","Replay:Accelerometer","Medical Kit","Death Potion","BlessingOfTheForge","Garlic","Orrery","Accuracy","StoneCalendar","Onion Ring","DuplicationPotion","Dexterity Potion","Guide Book","Bag of Marbles","hubris:64BitClover","Explosive Potion","Adrenaline Potion","Fire Potion","Pear"],"campfire_rested":0,"item_purchase_floors":[12,12,12,12,20,20,20,20,20,31,31,31,31,38,38,38,38,38,45,45,45,45,53,53,53],"current_hp_per_floor":[120,136,136,136,136,124,124,124,124,124,120,135,135,135,135,116,145,145,145,145,145,145,143,143,133,133,133,131,131,117,117,117,102,142,142,142,142,142,132,139,139,139,139,139,139,117,117,117,117,99,135,135,145,139,105],"gold":2941,"neow_bonus":"THREE_CARDS","is_daily":false,"chose_seed":false,"campfire_upgraded":10,"win_rate":0.0,"timestamp":1608774683,"path_taken":["M","M","?","M","M","E","R","?","T","R","M","$","E","?","R","BOSS","M","?","$","?","?","E","R","E","T","R","M","M","M","$","R","BOSS","M","?","?","$","M","E","R","?","T","R","$","M","R","?","R","BOSS","R","$","E","BOSS"],"items_purchased_type":["Relic","Potion","Card","Card","Card","Card","Relic","Relic","Relic","Potion","Potion","Relic","Relic","Card","Relic","Relic","Potion","Potion","Relic","Relic","Relic","Potion","Potion","Potion","Relic"],"build_version":"2020-12-22","purchased_purges":5,"victory":true,"max_hp_per_floor":[140,140,140,140,140,140,140,140,140,140,140,155,155,155,155,155,155,155,155,155,155,155,155,155,155,155,155,155,155,155,155,155,155,155,155,155,155,155,155,155,155,155,155,155,155,155,155,147,147,147,147,147,157,157,157],"card_choices":[{"not_picked":["Dagger Spray","hubris:SlightOfHand"],"picked":"Flying Knee","floor":0.0},{"not_picked":["Sucker Punch","Distraction"],"picked":"Blade Dance","floor":1.0},{"not_picked":["hubris:SlightOfHand","Expertise","Dodge and Roll"],"picked":"SKIP","floor":2.0},{"not_picked":["Crippling Poison","Underhanded Strike"],"picked":"Blade Dance","floor":4.0},{"not_picked":["Draining Mist","Cloak And Dagger","PiercingWail"],"picked":"SKIP","floor":5.0},{"not_picked":["Quick Slash","Prepared","Fluid Movement"],"picked":"SKIP","floor":6.0},{"not_picked":["Quick Slash","Acrobatics"],"picked":"Backstab","floor":11.0},{"not_picked":["hubris:SlightOfHand","Footwork","Draining Mist"],"picked":"SKIP","floor":13.0},{"not_picked":["Flying Knee","Backflip"],"picked":"Accuracy","floor":14.0},{"not_picked":["Outmaneuver","Endless Agony+1"],"picked":"Dagger Spray+1","floor":18.0},{"not_picked":["All Out Attack+1","Tactician+1","PiercingWail"],"picked":"Night Terror","floor":23.0},{"not_picked":["Noxious Fumes","Flying Knee","Flechettes","Dodge and Roll"],"picked":"SKIP","floor":25.0},{"not_picked":["hubris:TrickCloak","Sucker Punch","Distraction","Flechettes+1"],"picked":"SKIP","floor":28.0},{"not_picked":["Finisher+1","ReplayTheSpireMod:The Works","Flying Knee","Hidden Blade+1"],"picked":"SKIP","floor":29.0},{"not_picked":["Night Terror","Flying Knee","hubris:Sniper","Blade Dance"],"picked":"SKIP","floor":30.0},{"not_picked":["Draining Mist+1","Dagger Spray","Cloak And Dagger"],"picked":"Phantasmal Killer","floor":31.0},{"not_picked":["ReplayTheSpireMod:Scrap Shanks","Eviscerate","PiercingWail"],"picked":"Riddle With Holes","floor":31.0},{"not_picked":["Burst","Poison Darts","Corpse Explosion"],"picked":"Wraith Form v2","floor":33.0},{"not_picked":["Underhanded Strike+1","Deflect","Poisoned Stab+1","Calculated Gamble"],"picked":"SKIP","floor":35.0},{"not_picked":["Dodge and Roll","Expertise+1","Dagger Spray+1","Skewer"],"picked":"SKIP","floor":39.0},{"not_picked":["ReplayTheSpireMod:Tripwire","Backflip+1","Sneak Up","Bane"],"picked":"SKIP","floor":40.0},{"not_picked":["ReplayTheSpireMod:Tripwire+1","Masterful Stab+1","Crippling Poison+1"],"picked":"Outmaneuver+1","floor":46.0},{"not_picked":["Acrobatics+1","Infinite Blades+1","hubris:Sniper+1","Tactician+1"],"picked":"SKIP","floor":54}],"player_experience":126504,"relics_obtained":[{"floor":6.0,"key":"Chameleon Ring"},{"floor":9.0,"key":"hubris:SlimyHat"},{"floor":13.0,"key":"Pocketwatch"},{"floor":23.0,"key":"hubris:BottledRain"},{"floor":25.0,"key":"InkBottle"},{"floor":40.0,"key":"Bottled Flame"},{"floor":54,"key":"Snack Pack"}],"event_choices":[{"damage_healed":0.0,"max_hp_gain":0.0,"max_hp_loss":0.0,"gold_gain":0.0,"event_name":"Liars Game","player_choice":"Ignored","floor":3.0,"gold_loss":0.0,"damage_taken":0.0},{"cards_removed":["Defend_G"],"damage_healed":0.0,"max_hp_gain":0.0,"max_hp_loss":0.0,"gold_gain":0.0,"event_name":"Designer","player_choice":"Upgrade and Remove","floor":22.0,"gold_loss":90.0,"damage_taken":0.0,"cards_upgraded":["Neutralize"]},{"damage_healed":0.0,"max_hp_gain":0.0,"max_hp_loss":0.0,"gold_gain":0.0,"event_name":"Tomb of Lord Red Mask","player_choice":"Ignored","floor":36.0,"gold_loss":0.0,"damage_taken":0.0},{"cards_removed":["Wraith Form v2"],"damage_healed":0.0,"max_hp_gain":0.0,"max_hp_loss":0.0,"gold_gain":0.0,"event_name":"Falling","player_choice":"Removed Power","floor":42.0,"gold_loss":0.0,"damage_taken":0.0},{"damage_healed":0.0,"max_hp_gain":0.0,"max_hp_loss":8.0,"gold_gain":0.0,"event_name":"Winding Halls","player_choice":"Max HP","floor":48.0,"gold_loss":0.0,"damage_taken":0.0}],"is_beta":false,"boss_relics":[{"not_picked":["Replay:Ancient Bell","Snecko Heart"],"picked":"Cursed Key"},{"not_picked":["Painkiller Herb","Sozu"],"picked":"hubris:ScarierMask"}],"items_purged_floors":[12,20,31,38,53],"is_endless":false,"potions_floor_spawned":[2,4,13,16,23,28,30,33,40],"ascension_level":6}}