{"host":"cyh4fejqtcjbfr7k","time":1608781615,"event":{"mods":["2.2 Compatiblity","AchievementEnabler","BaseMod","Colored Map","Colored Powertips","DeckTracker","Downfall","Googly Eyes","Hubris","Infinite Spire","Minty Spire (QoL Compilation)","Replay The Spire","Shop Mod","StSLib","SuperFastMode","Unceasing Turn Reminder"],"gold_per_floor":[111,111,123,123,136,171,171,246,246,266,331,366,316,345,345,449,449,461,470,492,25,50,50,50,50],"floor_reached":24,"playtime":874,"items_purged":["Overencumbered","Spreading Infection"],"score":247,"play_id":"0ce61b66-4a8c-4171-a088-ad10c0b8bc0a","local_time":"20201223204655","is_ascension_mode":true,"campfire_choices":[{"floor":7,"key":"REST"},{"floor":15,"key":"REST"},{"floor":23,"key":"REST"}],"circlet_count":0,"master_deck":["Strike_G","Strike_G","Strike_G","Strike_G","Defend_G","Defend_G","Defend_G","Defend_G","Defend_G","Survivor","Neutralize","Blade Dance","Backflip","Hidden Blade","Well Laid Plans","Blade Dance","Terror","Adrenaline","Dagger Spray","Glass Knife","Cloak And Dagger","Footwork","Infinite Blades+1"],"relics":["Ring of the Snake","NeowsBlessing","hubris:BundleOfHerbs","Iron Hammer","CeramicFish","Replay:Wax Seal","ReplayTheSpireMod:CursedCoin","Ninja Scroll","MealTicket","MerchantsRug"],"acts_visited":["Exordium","TheCity"],"potions_floor_usage":[6,11,18,18,22],"damage_taken":[{"damage":0,"enemies":"Small Slimes","floor":1,"turns":1},{"damage":0,"enemies":"Cultist","floor":3,"turns":1},{"damage":0,"enemies":"Jaw Worm","floor":5,"turns":1},{"damage":42,"enemies":"Gremlin Nob","floor":6,"turns":5},{"damage":0,"enemies":"3 Louse","floor":10,"turns":5},{"damage":28,"enemies":"Gremlin Nob","floor":11,"turns":4},{"damage":4,"enemies":"3 Sentries","floor":12,"turns":9},{"damage":0,"enemies":"Blue Slaver","floor":14,"turns":2},{"damage":56,"enemies":"Fading Forest","floor":16,"turns":11},{"damage":3,"enemies":"2 Thieves","floor":18,"turns":4},{"damage":0,"enemies":"Spheric Guardian","floor":20,"turns":1},{"damage":18,"enemies":"Centurion and Healer","floor":22,"turns":6},{"damage":78,"enemies":"Slavers","floor":24,"turns":6}],"seed_played":"-6622135681268480518","potions_obtained":[{"floor":1,"key":"champ:CounterPotion"},{"floor":3,"key":"DistilledChaos"},{"floor":12,"key":"Weak Potion"},{"floor":16,"key":"FearPotion"},{"floor":18,"key":"GhostInAJar"}],"is_trial":false,"path_per_floor":["M","?","M","?","M","E","R","?","T","M","?","E","$","M","R","B",null,"M","?","M","$","M","R","E"],"character_chosen":"THE_SILENT","items_purchased":["ReplayTheSpireMod:CursedCoin","Adrenaline","MealTicket","Footwork","MerchantsRug"],"campfire_rested":3,"item_purchase_floors":[13,13,21,21,21],"current_hp_per_floor":[70,70,70,70,70,28,49,38,38,44,16,12,12,15,36,9,70,67,67,67,67,49,70,0,0],"gold":50,"neow_bonus":"THREE_ENEMY_KILL","is_daily":false,"chose_seed":false,"campfire_upgraded":0,"win_rate":0.0,"timestamp":1608781615,"path_taken":["M","?","M","?","?","E","R","?","T","M","?","E","$","M","R","BOSS","M","?","?","$","M","R","E"],"items_purchased_type":["Relic","Card","Relic","Card","Relic"],"build_version":"2020-12-22","purchased_purges":2,"victory":false,"max_hp_per_floor":[70,70,70,70,70,70,70,70,70,70,70,70,70,70,70,70,70,70,70,70,70,70,70,70,70],"card_choices":[{"not_picked":["Dagger Spray","Poisoned Stab"],"picked":"Blade Dance","floor":1},{"not_picked":["Acrobatics","Prepared"],"picked":"Backflip","floor":3},{"not_picked":["Masterful Stab","Poisoned Stab"],"picked":"Hidden Blade","floor":5},{"not_picked":["Flying Knee","Underhanded Strike"],"picked":"Well Laid Plans","floor":6},{"not_picked":["Well Laid Plans","Deadly Poison"],"picked":"Blade Dance","floor":10},{"not_picked":["Dodge and Roll","Underhanded Strike"],"picked":"Terror","floor":12},{"not_picked":["Backflip","Acrobatics"],"picked":"Dagger Spray","floor":14},{"not_picked":["Bullet Time","Phantasmal Killer"],"picked":"Glass Knife","floor":16},{"not_picked":["Acrobatics","Eviscerate","Bane"],"picked":"SKIP","floor":18},{"not_picked":["Backstab","Backflip"],"picked":"Cloak And Dagger","floor":20},{"not_picked":["Prepared","ReplayTheSpireMod:Scrap Shanks"],"picked":"Infinite Blades+1","floor":22}],"player_experience":608621,"relics_obtained":[{"floor":6,"key":"hubris:BundleOfHerbs"},{"floor":9,"key":"Iron Hammer"},{"floor":11,"key":"CeramicFish"},{"floor":12,"key":"Replay:Wax Seal"}],"event_choices":[{"cards_removed":["Strike_G"],"damage_healed":0,"gold_gain":0,"player_choice":"Offered Basic","damage_taken":0,"max_hp_gain":0,"max_hp_loss":0,"event_name":"Bonfire Elementals","floor":4,"gold_loss":0},{"damage_healed":0,"gold_gain":75,"player_choice":"Gather Gold","damage_taken":11,"max_hp_gain":0,"max_hp_loss":0,"event_name":"World of Goop","floor":8,"gold_loss":0},{"damage_healed":0,"gold_gain":0,"player_choice":"Searched \u00272\u0027 times","damage_taken":0,"max_hp_gain":0,"max_hp_loss":0,"event_name":"Dead Adventurer","floor":11,"gold_loss":0}],"is_beta":false,"boss_relics":[{"not_picked":["ReplayTheSpireMod:SealedPack","Calling Bell","hubris:TerracottaHorce"]}],"items_purged_floors":[13,21],"is_endless":false,"potions_floor_spawned":[1,3,12,16,18],"killed_by":"Slavers","ascension_level":4}}