{"host":"od099uxc49ip1k8b","time":1608830046,"event":{"mods":["Act Like it!","BaseMod","Downfall","Gensokyo","Hermit","Marisa????????","Minty Spire (QoL Compilation)","Remilia??????","StSLib","The Animator","The Cursed","The Servant 0.9.4"],"gold_per_floor":[115,128,145,157,143,172,172,190,190,201,227,245,245,245,245,245,245],"floor_reached":16,"playtime":1686,"items_purged":[],"score":141,"play_id":"d15de811-97e6-483d-913b-3072ec22f34d","local_time":"20201224121406","is_ascension_mode":false,"campfire_choices":[{"data":"TheCursedMod:CursedWand","floor":7,"key":"SMITH"},{"floor":13,"key":"REST"},{"data":"TheCursedMod:Stigma","floor":15,"key":"SMITH"}],"circlet_count":0,"master_deck":["TheCursedMod:Strike_TheCursed","TheCursedMod:Strike_TheCursed","TheCursedMod:Strike_TheCursed","TheCursedMod:Strike_TheCursed","TheCursedMod:Defend_TheCursed","TheCursedMod:Defend_TheCursed","TheCursedMod:Defend_TheCursed","TheCursedMod:Defend_TheCursed","TheCursedMod:CursedWand+1","TheCursedMod:CleanUpWorkshop","TheCursedMod:Dregs","TheCursedMod:AbyssShockwave","TheCursedMod:WearCloak","TheCursedMod:Stigma+1","TheCursedMod:CircleOfCorruption","TheCursedMod:DoubleShield","TheCursedMod:AshesToAshes","TheCursedMod:SurpriseAttack","TheCursedMod:Obscuration","TheCursedMod:NeowsMight+1","TheCursedMod:CircleOfBlood","TheCursedMod:VitalStrike"],"relics":["TheCursedMod:BlackMagic101","Mango","Bird Faced Urn","Dream Catcher"],"acts_visited":["Exordium"],"potions_floor_usage":[],"damage_taken":[{"damage":0,"enemies":"2 Louse","floor":1,"turns":3},{"damage":0,"enemies":"Cultist","floor":2,"turns":3},{"damage":4,"enemies":"Small Slimes","floor":3,"turns":3},{"damage":0,"enemies":"3 Louse","floor":4,"turns":1},{"damage":9,"enemies":"Exordium Thugs","floor":5,"turns":4},{"damage":19,"enemies":"Lagavulin","floor":6,"turns":8},{"damage":0,"enemies":"Large Slime","floor":8,"turns":6},{"damage":31,"enemies":"Gremlin Gang","floor":10,"turns":7},{"damage":16,"enemies":"Gremlin Nob","floor":11,"turns":5},{"damage":0,"enemies":"Exordium Thugs","floor":12,"turns":4},{"damage":22,"enemies":"The Guardian","floor":16,"turns":4}],"seed_played":"-7931033529636671901","potions_obtained":[{"floor":3,"key":"champ:CounterPotion"},{"floor":5,"key":"AttackPotion"},{"floor":6,"key":"hexamod:EctoCoolerPotion"},{"floor":10,"key":"BlessingOfTheForge"}],"is_trial":false,"path_per_floor":["M","M","M","M","M","E","R","M","T","M","E","M","R","?","R","B"],"character_chosen":"THE_CURSED","items_purchased":[],"campfire_rested":1,"item_purchase_floors":[],"current_hp_per_floor":[82,82,78,78,69,64,64,64,64,33,17,17,45,45,45,23,23],"gold":245,"neow_bonus":"TEN_PERCENT_HP_BONUS","is_daily":false,"chose_seed":false,"campfire_upgraded":2,"win_rate":0.0,"timestamp":1608830046,"path_taken":["M","M","M","M","M","E","R","M","T","M","E","M","R","?","R","BOSS"],"items_purchased_type":[],"build_version":"2020-12-22","purchased_purges":0,"victory":false,"max_hp_per_floor":[82,82,82,82,82,96,96,96,96,96,96,96,96,96,96,96,96],"card_choices":[{"not_picked":["TheCursedMod:RavingStaff","TheCursedMod:Stretching"],"picked":"TheCursedMod:AbyssShockwave","floor":1},{"not_picked":["TheCursedMod:StingEye","TheCursedMod:EmpowerCircles"],"picked":"TheCursedMod:WearCloak","floor":2},{"not_picked":["TheCursedMod:SurpriseAttack","TheCursedMod:CursedBlade"],"picked":"TheCursedMod:Stigma","floor":3},{"not_picked":["TheCursedMod:CursedBlade","TheCursedMod:Stretching"],"picked":"TheCursedMod:CircleOfCorruption","floor":4},{"not_picked":["TheCursedMod:LuckyCharm","TheCursedMod:TroublousMinions"],"picked":"TheCursedMod:DoubleShield","floor":5},{"not_picked":["TheCursedMod:ReleasedStrength","TheCursedMod:Wield"],"picked":"TheCursedMod:AshesToAshes","floor":6},{"not_picked":["TheCursedMod:TacticalStrike","TheCursedMod:Stigma"],"picked":"TheCursedMod:SurpriseAttack","floor":8},{"not_picked":["TheCursedMod:CursedMace","TheCursedMod:TacticalStrike"],"picked":"TheCursedMod:Obscuration","floor":10},{"not_picked":["TheCursedMod:AbyssShockwave","TheCursedMod:CircleOfBlood"],"picked":"TheCursedMod:NeowsMight","floor":11},{"not_picked":["TheCursedMod:BlessingInDisguise","TheCursedMod:SoulCrush"],"picked":"TheCursedMod:CircleOfBlood","floor":12},{"not_picked":["TheCursedMod:BloodBarrier","TheCursedMod:RavingStaff"],"picked":"TheCursedMod:VitalStrike","floor":13}],"player_experience":32926,"relics_obtained":[{"floor":6,"key":"Mango"},{"floor":9,"key":"Bird Faced Urn"},{"floor":11,"key":"Dream Catcher"}],"event_choices":[{"damage_healed":0,"gold_gain":0,"player_choice":"Upgraded","damage_taken":0,"max_hp_gain":0,"max_hp_loss":0,"event_name":"Upgrade Shrine","floor":14,"gold_loss":0,"cards_upgraded":["TheCursedMod:NeowsMight"]}],"is_beta":false,"boss_relics":[],"items_purged_floors":[],"is_endless":false,"potions_floor_spawned":[3,5,6,10,11],"killed_by":"The Guardian","ascension_level":0}}