{"host":"fhq3k2nq5elnbks3","time":1608848023,"event":{"mods":["2.2 Compatiblity","AchievementEnabler","Act Like it!","AlwaysNeverKeys","Aspiration","Astrologer","Bard","BaseMod","Better Altar","Better Vampires","Better-Laid Plans","Block Reminder","CCEM","CapriCore","Card Filter","Colored Powertips","Conspire","Displayed Cursed Tome","Ekko","Energized Spire","Fireblade Mod","Friendly Minions","FutureSeer","GifTheSpireLib","Gremlin Mod","Gremlin Skip","Hermit","HololiveMod","Hunter ??","Infinite Spire","Jorbs\u0027s Wanderer Trilogy","Koishi","Mad Scientist","Magitek Elite","Marisa????????","Mathemortician","Minty Spire (QoL Compilation)","Onozuka Komachi Mod","Pale of the Ancients","Permanent Neow","Prisma Mod","Quick Restart","Reimu??????","Relic Filter","Replay The Spire","Robot Space Explorer","Shop Mod","Somnambulant","Spikes Relics","StSLib","Stuff the Spire","SuperFastMode","The Blackbeard","The Cursed","The Death Knight","The Druid","The Exordian Avenger","The Gatherer","The Hierophant","The Marked","The Necromancer","The Runesmith","The Servant 0.9.4","The Trickster","The Valiant","The Wild Card","TheBandit","Trackpad","Transform Curses","Uncapped","Unknown Chances","Wandering Minibosses","thorton","vexMod"],"gold_per_floor":[118,138,149,167,242,242,269,269,295,305,305,305],"floor_reached":11,"playtime":570,"items_purged":[],"score":75,"play_id":"90e9c7c3-af2a-488f-a40b-011ba6d83d89","local_time":"20201224161343","is_ascension_mode":false,"campfire_choices":[{"data":"hermit:Vantage","floor":6,"key":"SMITH"},{"data":"hermit:Quickdraw","floor":8,"key":"SMITH"}],"circlet_count":0,"master_deck":["hermit:Strike_Hermit","hermit:Strike_Hermit","hermit:Strike_Hermit","hermit:Strike_Hermit","hermit:Defend_Hermit","hermit:Defend_Hermit","hermit:Defend_Hermit","hermit:Defend_Hermit","hermit:Snapshot","hermit:Covet","hermit:Vantage+1","hermit:Quickdraw+1"],"relics":["hermit:Momento","aspiration:Nostalgia","PrismaMod:PrismaRuby","Runesmith:AutoHammer","RollingBoulder"],"acts_visited":["Exordium"],"potions_floor_usage":[],"damage_taken":[{"damage":2,"enemies":"Jaw Worm","floor":1,"turns":4},{"damage":2,"enemies":"2 Louse","floor":2,"turns":3},{"damage":0,"enemies":"Small Slimes","floor":3,"turns":4},{"damage":2,"enemies":"Blue Slaver","floor":4,"turns":4},{"damage":4,"enemies":"Lagavulin","floor":7,"turns":8},{"damage":31,"enemies":"Large Slime","floor":10,"turns":8},{"damage":6,"enemies":"Gremlin Nob","floor":11,"turns":3}],"seed_played":"-4395389834969089389","potions_obtained":[{"floor":3,"key":"CultistPotion"},{"floor":4,"key":"LiquidBronze"},{"floor":7,"key":"BlessingOfTheForge"}],"is_trial":false,"path_per_floor":["M","M","M","M","?","R","E","R","T","M","E"],"character_chosen":"HERMIT","items_purchased":[],"campfire_rested":0,"item_purchase_floors":[],"current_hp_per_floor":[73,71,71,69,58,58,54,54,54,23,17,17],"gold":305,"neow_bonus":"NOSTALGIA","is_daily":false,"chose_seed":false,"campfire_upgraded":2,"win_rate":0.0,"timestamp":1608848023,"path_taken":["M","M","M","M","?","R","E","R","T","M","E"],"items_purchased_type":[],"build_version":"2020-12-22","purchased_purges":0,"victory":false,"max_hp_per_floor":[75,75,75,75,75,75,75,75,75,75,75,75],"card_choices":[{"not_picked":["hermit:DeadMansHand","hermit:FullyLoaded","hermit:LowProfile"],"picked":"SKIP","floor":1},{"not_picked":["hermit:Desperado","hermit:DeadMansHand"],"picked":"hermit:Vantage","floor":2},{"not_picked":["hermit:Snipe","hermit:HighNoon","hermit:Coalescence"],"picked":"SKIP","floor":3},{"not_picked":["hermit:Desperado","hermit:Showdown","hermit:Roulette"],"picked":"SKIP","floor":4},{"not_picked":["hermit:Grudge","hermit:Dive"],"picked":"hermit:Quickdraw","floor":7},{"not_picked":["hermit:Roulette","hermit:Headshot","hermit:Dive"],"picked":"SKIP","floor":10}],"player_experience":411722,"relics_obtained":[{"floor":7,"key":"Runesmith:AutoHammer"},{"floor":9,"key":"RollingBoulder"}],"event_choices":[{"damage_healed":0,"gold_gain":75,"player_choice":"Gather Gold","damage_taken":11,"max_hp_gain":0,"max_hp_loss":0,"event_name":"World of Goop","floor":5,"gold_loss":0}],"is_beta":false,"boss_relics":[],"items_purged_floors":[],"is_endless":false,"potions_floor_spawned":[3,4,7],"killed_by":"Gremlin Nob","ascension_level":0}}