{"host":"28bpuzdckreop5i0","time":1608790169,"event":{"mods":["Act Like it!","BaseMod","BetterRewards","Challenge The Spire","Conspire","Defuse TimeMaze Blight","Downfall","Energized Spire","Googly Eyes","Hubris","Infinite Spire","Lobotomy","Mimic Mod","Minty Spire (QoL Compilation)","Relic Stats","Spicy Shops","StSLib","The Awakened One except there are too many feathers","The Cursed","The Hierophant","The IronCluck","The Jungle","Thieving Mod","Transform Curses","Wandering Minibosses","slay the spire mod where everything is the same but ironclad has a cowboy hat"],"gold_per_floor":[111,111,128,17,29,29,57,67,67,67,17,17,44,44,44,44,44],"floor_reached":16,"playtime":368,"items_purged":["Bash"],"score":158,"play_id":"57916145-5c1f-4507-8640-81ebacb9e075","local_time":"20201224000929","is_ascension_mode":false,"campfire_choices":[{"data":"Perfected Strike","floor":6,"key":"SMITH"},{"data":"Spot Weakness","floor":10,"key":"SMITH"},{"data":"Armaments","floor":15,"key":"SMITH"}],"circlet_count":0,"master_deck":["Strike_R","Strike_R","Strike_R","Strike_R","Strike_R","Defend_R","Defend_R","Defend_R","Defend_R","Twin Strike","Spot Weakness+1","Perfected Strike+1","Pommel Strike","Twin Strike","Armaments+1","Twin Strike"],"relics":["Burning Blood","hubris:Teleporter","infinitespire:Bottled Soul","FaceOfCleric","Juzu Bracelet"],"acts_visited":["Exordium"],"potions_floor_usage":[],"damage_taken":[{"damage":2,"enemies":"2 Louse","floor":1,"turns":3},{"damage":1,"enemies":"Cultist","floor":3,"turns":3},{"damage":3,"enemies":"Jaw Worm","floor":5,"turns":4},{"damage":26,"enemies":"Lagavulin","floor":7,"turns":5},{"damage":13,"enemies":"Exordium Thugs","floor":8,"turns":3},{"damage":14,"enemies":"Gremlin Nob","floor":13,"turns":3}],"seed_played":"61032216130996954","potions_obtained":[{"floor":3,"key":"Strength Potion"},{"floor":8,"key":"Fire Potion"}],"is_trial":false,"path_per_floor":["M","?","M","$","M","R","E","M","T","R","$","?","E","$","R","B"],"character_chosen":"IRONCLAD","items_purchased":["Perfected Strike","Twin Strike"],"campfire_rested":0,"item_purchase_floors":[4,11],"current_hp_per_floor":[80,90,90,90,90,90,70,63,63,63,63,63,56,56,56,0,0],"gold":44,"neow_bonus":"ONE_RANDOM_RARE_CARD","is_daily":false,"chose_seed":false,"campfire_upgraded":3,"win_rate":0.0,"timestamp":1608790169,"path_taken":["M","?","M","$","?","R","E","M","T","R","?","?","E","$","R","BOSS"],"items_purchased_type":["Card","Card"],"build_version":"2020-12-22","purchased_purges":1,"victory":false,"max_hp_per_floor":[80,90,90,90,90,90,90,90,90,90,90,90,91,91,91,91,91],"relic_stats":{"FaceOfCleric":1,"counters":[7,31],"Juzu Bracelet":0,"obtain_stats":[{"hubris:Teleporter":7,"FaceOfCleric":12,"infinitespire:Bottled Soul":9,"Juzu Bracelet":13,"Burning Blood":0},{"hubris:Teleporter":4,"FaceOfCleric":5,"infinitespire:Bottled Soul":5,"Juzu Bracelet":6,"Burning Blood":0},{"hubris:Teleporter":15,"FaceOfCleric":18,"infinitespire:Bottled Soul":18,"Juzu Bracelet":21,"Burning Blood":0}],"Burning Blood":24},"card_choices":[{"not_picked":["Warcry","Cleave"],"picked":"Twin Strike","floor":1},{"not_picked":["Shockwave","Headbutt"],"picked":"Spot Weakness","floor":3},{"not_picked":["Inflame","Body Slam"],"picked":"Pommel Strike","floor":5},{"not_picked":["Exhume","Warcry"],"picked":"Twin Strike","floor":7},{"not_picked":["Thunderclap","Reckless Charge"],"picked":"Armaments","floor":8},{"not_picked":["Feel No Pain","True Grit","Headbutt"],"picked":"SKIP","floor":13}],"player_experience":882626,"relics_obtained":[{"floor":7,"key":"hubris:Teleporter"},{"floor":9,"key":"infinitespire:Bottled Soul"},{"floor":13,"key":"Juzu Bracelet"}],"event_choices":[{"cards_removed":["Impervious"],"damage_healed":0,"gold_gain":0,"player_choice":"Offered Rare","damage_taken":0,"max_hp_gain":10,"max_hp_loss":0,"event_name":"Bonfire Elementals","floor":2,"gold_loss":0},{"damage_healed":0,"gold_gain":0,"player_choice":"Trade","damage_taken":0,"relics_obtained":["FaceOfCleric"],"max_hp_gain":0,"max_hp_loss":0,"event_name":"FaceTrader","floor":12,"gold_loss":0}],"is_beta":false,"boss_relics":[],"items_purged_floors":[4],"is_endless":false,"potions_floor_spawned":[3,8],"killed_by":"The Guardian","ascension_level":0}}