{"host":"evok2ztcuz289k61","time":1608851943,"event":{"mods":["BaseMod","Colored Map","Downfall","Minty Spire (QoL Compilation)","StSLib"],"gold_per_floor":[99,116,126,226,226,226,275,300,300,326,340,350,275,299,317,317,317,317],"floor_reached":16,"playtime":818,"items_purged":[],"score":116,"play_id":"5e4fd46a-f1e3-41bb-a11d-8e545981465c","local_time":"20201224181903","is_ascension_mode":true,"campfire_choices":[{"data":"champ:Taunt","floor":1,"key":"SMITH"},{"floor":9,"key":"RECALL"},{"data":"champ:BladeFlurry","floor":13,"key":"SMITH"}],"circlet_count":0,"master_deck":["champ:Strike","champ:Strike","champ:Strike","champ:Strike","champ:Defend","champ:Defend","champ:Defend","champ:Defend","champ:Execute","champ:Taunt+1","champ:BladeFlurry+1","champ:DeathBlow","champ:RisingSlash","champ:ShieldSigil"],"relics":["Runic Pyramid","CloakClasp","Singing Bowl","Vajra","MealTicket","Boot","downfall:HeartBlessingRed","Blood Vial"],"acts_visited":["Exordium"],"potions_floor_usage":[10,16,16],"damage_taken":[{"damage":5,"enemies":"2 Louse","floor":2,"turns":3},{"damage":10,"enemies":"Jaw Worm","floor":3,"turns":3},{"damage":93,"enemies":"Jaw Worm","floor":4,"turns":9},{"damage":15,"enemies":"Gremlin Nob","floor":8,"turns":4},{"damage":6,"enemies":"Lagavulin","floor":10,"turns":7},{"damage":10,"enemies":"Cultist","floor":11,"turns":2},{"damage":0,"enemies":"Exordium Wildlife","floor":12,"turns":3},{"damage":1,"enemies":"Gremlin Gang","floor":15,"turns":4},{"damage":30,"enemies":"downfall:Defect","floor":16,"turns":6}],"seed_played":"-8737204907957263033","potions_obtained":[{"floor":3,"key":"Ancient Potion"},{"floor":8,"key":"Fire Potion"},{"floor":10,"key":"SkillPotion"},{"floor":12,"key":"ColorlessPotion"}],"is_trial":false,"path_per_floor":["R","M","M","?","T","?","T","E","R","E","M","M","R","T","M","B"],"character_chosen":"THE_CHAMP","items_purchased":[],"campfire_rested":0,"item_purchase_floors":[],"current_hp_per_floor":[90,90,90,37,37,42,42,27,27,23,23,25,25,25,28,0,0,0],"gold":317,"neow_bonus":"BOSS_RELIC","is_daily":false,"chose_seed":false,"campfire_upgraded":2,"win_rate":0.0,"timestamp":1608851943,"path_taken":["R","M","M","?","?","?","T","E","R","E","?","?","R","?","M","BOSS"],"items_purchased_type":[],"build_version":"2020-12-22","purchased_purges":0,"victory":false,"max_hp_per_floor":[90,90,90,90,90,95,95,95,95,97,97,99,99,99,101,101,101,101],"card_choices":[{"not_picked":["champ:ShieldSigil","champ:TornadoPunch"],"picked":"champ:BladeFlurry","floor":2},{"not_picked":["champ:AdrenalArmor","champ:RapidStrikes"],"picked":"champ:DeathBlow","floor":3},{"not_picked":["champ:ViciousMockery","champ:SteelEdge"],"picked":"champ:RisingSlash","floor":8},{"not_picked":["champ:EndlessRage","champ:Backstep","champ:DefensiveShout"],"picked":"Singing Bowl","floor":10},{"not_picked":["champ:FanOfKnives","champ:SwordSigil"],"picked":"champ:ShieldSigil","floor":11},{"not_picked":["champ:GutPunch","champ:AdrenalArmor","champ:CrookedStrike"],"picked":"Singing Bowl","floor":12},{"not_picked":["champ:DefensiveShout","champ:ViciousMockery","champ:BerserkersShout"],"picked":"Singing Bowl","floor":15}],"player_experience":318196,"relics_obtained":[{"floor":4,"key":"CloakClasp"},{"floor":5,"key":"Singing Bowl"},{"floor":7,"key":"Vajra"},{"floor":8,"key":"MealTicket"},{"floor":10,"key":"Boot"},{"floor":14,"key":"Blood Vial"}],"event_choices":[{"damage_healed":0,"gold_gain":0,"player_choice":"Donut","damage_taken":0,"max_hp_gain":5,"max_hp_loss":0,"event_name":"Big Fish","floor":6,"gold_loss":0}],"is_beta":false,"boss_relics":[],"items_purged_floors":[],"is_endless":false,"potions_floor_spawned":[3,8,10,12,15],"killed_by":"downfall:Defect","ascension_level":1}}