{"host":"96bpdudduaq3ttpf","time":1608804182,"event":{"mods":["Act Like it!","Astrologer","Bard","Bartender","BaseMod","BetterRewards","CapriCore","Challenge The Spire","Chen","Downfall","Elementarium","Friendly Minions","GifTheSpireLib","Hallownest","Hermit","Jorbs\u0027s Wanderer Trilogy","KinomotoSakuraMod(????)","Koishi","KomeijiMod","Mari Mod (Legacy)","Mari\u0027s V1 Patch","Marisa????????","Mimic Mod","Minty Spire (QoL Compilation)","Prisma Mod","Replay The Spire","Shade Mod","StSLib","Td1madao Mod","The Administrix","The Animator","The Bug Knight","The Construct","The Cursed","The Factory","The Gatherer","The Hierophant","The Immortal","The IronCluck","The Jungle","The Mystic","The Necromancer","The Runesmith","The Senshi","The Servant 0.9.4","WarShipGirlsR/????R mod","Yohane!","Yuyuko"],"gold_per_floor":[115,135,153,52,79,79,79,79,179,191,229,271,283,309,355,383,395,502,514,540,552,582,9,24,24,24,54,80,100,114,131,150,166,166,268,268,284,303,7,7,25,54,54,54,54,64,64,78,78,108,108,108],"floor_reached":53,"playtime":5793,"items_purged":["Gatherer:Strike_Gatherer","Gatherer:Strike_Gatherer"],"score":718,"play_id":"dc46203b-5b79-4356-aa5a-a6c70e6578d5","local_time":"20201224030302","is_ascension_mode":false,"metric_token":3089,"campfire_choices":[{"data":"Gatherer:RecipeChange","floor":6,"key":"SMITH"},{"data":"Gatherer:EnergyBasket","floor":13,"key":"SMITH"},{"floor":17,"key":"REST"},{"data":"Gatherer:EnergyBasket","floor":25,"key":"SMITH"},{"floor":34,"key":"REST"},{"floor":43,"key":"REST"},{"data":"Gatherer:Duplicator","floor":47,"key":"SMITH"},{"floor":51,"key":"REST"}],"circlet_count":0,"master_deck":["Gatherer:Strike_Gatherer","Gatherer:Strike_Gatherer","Gatherer:Strike_Gatherer","Gatherer:Defend_Gatherer","Gatherer:Defend_Gatherer","Gatherer:Defend_Gatherer","Gatherer:Defend_Gatherer","Gatherer:Defend_Gatherer","Gatherer:Centralize","Gatherer:FlowerWhip","Gatherer:PoisonMastery","Gatherer:RecipeChange+1","Gatherer:SealedBomb","Gatherer:ScentOfRosmari","Gatherer:EnergyBasket+1","Gatherer:BomberForm","Gatherer:BlackTea","Gatherer:Overflowing","Elementarium:WindblessedBlade","Gatherer:EnergyBasket+1","Gatherer:QuickSynthesis+1","Gatherer:Duplicator+1","Gatherer:Liquidism","Gatherer:MindSearch","Gatherer:Solidify+1","Gatherer:Convert+1","Gatherer:Misfortune","Gatherer:Misfortune","Gatherer:RecoveryHerb","Gatherer:RecipeChange+1","Gatherer:TreeGrowth","Gatherer:SaveValuables","Gatherer:BigPouch","Gatherer:AcidicSpray","Gatherer:VenomBarrier+1"],"relics":["Gatherer:AlchemyBag","Blue Doll","MawBank","Lantern","Kunai","construct:ClawGrip","Meat on the Bone","Garlic","Regal Pillow","Tiny Chest","Elementarium:ElementariumTrophy","Honey Jar","Nunchaku","Prayer Wheel","CaptainsWheel","Vajra","Choco_Feather"],"acts_visited":["Exordium","Exordium","Elementarium:Elementarium"],"potions_floor_usage":[2,2,11,11,18,35,35,46,46],"damage_taken":[{"damage":0,"enemies":"Cultist","floor":1,"turns":3},{"damage":0,"enemies":"2 Louse","floor":2,"turns":1},{"damage":6,"enemies":"Jaw Worm","floor":3,"turns":2},{"damage":6,"enemies":"Exordium Wildlife","floor":10,"turns":6},{"damage":4,"enemies":"2 Fungi Beasts","floor":11,"turns":4},{"damage":8,"enemies":"2 Fungi Beasts","floor":14,"turns":3},{"damage":71,"enemies":"Gremlin Nob","floor":15,"turns":6},{"damage":15,"enemies":"Red Slaver","floor":16,"turns":4},{"damage":11,"enemies":"Hexaghost","floor":18,"turns":7},{"damage":4,"enemies":"Elementarium:Cyclone","floor":20,"turns":3},{"damage":1,"enemies":"Elementarium:2_ELEMENTALS","floor":22,"turns":3},{"damage":0,"enemies":"Elementarium:RubyGolem","floor":24,"turns":2},{"damage":24,"enemies":"Elementarium:FIRE_NOBILITY","floor":27,"turns":7},{"damage":8,"enemies":"Elementarium:STONE_GOLEMS","floor":29,"turns":4},{"damage":0,"enemies":"Elementarium:VOID_CORRUPTION_AND_ORB_OF_FIRE","floor":30,"turns":4},{"damage":0,"enemies":"Elementarium:3_ELEMENTALS","floor":31,"turns":3},{"damage":3,"enemies":"Elementarium:STONE_GOLEMS","floor":32,"turns":4},{"damage":1,"enemies":"Elementarium:Hydrostalker","floor":33,"turns":4},{"damage":38,"enemies":"Elementarium:GoldenDragon","floor":35,"turns":9},{"damage":9,"enemies":"Hallownest:3_Siblings","floor":37,"turns":4},{"damage":12,"enemies":"Hallownest:Shield_Heavy","floor":38,"turns":6},{"damage":0,"enemies":"Hallownest:monsterPrimalAspid","floor":41,"turns":4},{"damage":46,"enemies":"Hallownest:StalkingDevout","floor":42,"turns":5},{"damage":25,"enemies":"Hallownest:Xero_Hu_Marmu","floor":46,"turns":6},{"damage":6,"enemies":"Hallownest:Shield_Sturdy","floor":48,"turns":5},{"damage":21,"enemies":"Hallownest:eliteHiveKnight","floor":50,"turns":5},{"damage":33,"enemies":"Hallownest:BossHollowKnight","floor":52,"turns":6}],"seed_played":"3927657950738363374","potions_obtained":[{"floor":1,"key":"EntropicBrew"},{"floor":16,"key":"Dexterity Potion"},{"floor":18,"key":"Milkshake"},{"floor":22,"key":"Guardian:BlockOnCardUsePotion"},{"floor":24,"key":"Guardian:BlockOnCardUsePotion"},{"floor":35,"key":"Fire Potion"},{"floor":38,"key":"Weak Potion"},{"floor":42,"key":"Explosive Potion"},{"floor":46,"key":"BloodPotion"},{"floor":48,"key":"SpeedPotion"}],"is_trial":false,"path_per_floor":["M","M","M","$","T","R","PTL","PTL","?","M","MIM","?","R","M","E","M","R","B",null,"M","?","M","$","M","R","?","E","T","M","M","M","M","M","R","B",null,"M","M","$","?","M","E","R","?","T","M","R","M","T","E","R","B",null],"character_chosen":"THE_GATHERER","items_purchased":["FairyPotion","Meat on the Bone","Gatherer:EnergyBasket","Garlic","Gatherer:Misfortune","Nunchaku"],"campfire_rested":4,"item_purchase_floors":[4,23,23,23,39,39],"current_hp_per_floor":[65,65,59,59,59,59,59,59,59,53,49,49,49,41,19,4,23,12,65,61,61,60,60,60,60,60,36,36,40,40,40,37,36,65,39,65,56,44,44,44,44,13,47,47,47,36,36,33,33,24,57,36],"gold":108,"neow_bonus":"THREE_RARE_CARDS","is_daily":false,"chose_seed":false,"campfire_upgraded":4,"win_rate":0.0,"timestamp":1608804182,"path_taken":["M","M","M","$","?","R","PTL","PTL","?","M","MIM","?","R","M","E","M","R","BOSS","M","?","M","$","M","R","?","E","T","M","M","M","?","M","R","BOSS","M","M","$","?","M","E","R","?","T","M","R","M","?","E","R","BOSS"],"items_purchased_type":["Potion","Relic","Card","Relic","Card","Relic"],"build_version":"2020-12-22","purchased_purges":2,"victory":true,"max_hp_per_floor":[65,65,65,65,65,65,65,65,65,65,65,65,65,65,65,65,65,65,65,65,65,65,65,65,65,65,65,65,65,65,65,65,65,65,65,65,65,65,65,65,65,65,65,60,60,60,60,60,60,60,60,60],"card_choices":[{"not_picked":["Gatherer:MindSearch","Gatherer:CursedBlade"],"picked":"Gatherer:PoisonMastery","floor":0},{"not_picked":["Gatherer:FragileHammer","Gatherer:FlowerShield"],"picked":"Gatherer:RecipeChange","floor":1},{"not_picked":["Gatherer:Convert","Gatherer:Nutrients"],"picked":"Gatherer:SealedBomb","floor":2},{"not_picked":["Gatherer:Frenzy","Gatherer:CarefulStrike"],"picked":"Gatherer:ScentOfRosmari","floor":3},{"not_picked":["Gatherer:GatherMaterial","Gatherer:UpgradeBag","Gatherer:FragileHammer"],"picked":"SKIP","floor":10},{"not_picked":["Gatherer:ScrollOfWall","Gatherer:AromaProtection"],"picked":"Gatherer:EnergyBasket","floor":11},{"not_picked":["Gatherer:TacticalStrike","Gatherer:AromaProtection"],"picked":"Gatherer:BomberForm","floor":14},{"not_picked":["Gatherer:Uplift","Gatherer:WoolGloves","Gatherer:AlchemyTrial"],"picked":"SKIP","floor":15},{"not_picked":["Gatherer:TacticalStrike","Gatherer:QuickSynthesis"],"picked":"Gatherer:BlackTea","floor":16},{"not_picked":["Gatherer:Examine","Gatherer:ColorfulGarden"],"picked":"Gatherer:Overflowing","floor":18},{"not_picked":["Gatherer:Nutrients","Gatherer:TacticalStrike","Gatherer:Snatch"],"picked":"SKIP","floor":20},{"not_picked":["Gatherer:SealedBomb","Gatherer:GatherMaterial","Gatherer:FragileHammer"],"picked":"SKIP","floor":22},{"not_picked":["Gatherer:FlowerBeam","Gatherer:LuckyClover","Gatherer:AcidicSpray"],"picked":"SKIP","floor":24},{"not_picked":["Gatherer:BambuSword","Gatherer:FragileHammer"],"picked":"Gatherer:QuickSynthesis+1","floor":27},{"not_picked":["Gatherer:SaveValuables","Gatherer:FlowerShield","Gatherer:BigPouch"],"picked":"SKIP","floor":29},{"not_picked":["Gatherer:Uplift","Gatherer:WoolGloves+1"],"picked":"Gatherer:Duplicator","floor":30},{"not_picked":["Gatherer:FlowerShield+1","Gatherer:SealedBomb+1"],"picked":"Gatherer:Liquidism","floor":31},{"not_picked":["Gatherer:WoolGloves","Gatherer:FlowerPower","Gatherer:TacticalStrike"],"picked":"SKIP","floor":32},{"not_picked":["Gatherer:PotentialSlash","Gatherer:SmartManeuver+1","Gatherer:WitheringStrike"],"picked":"SKIP","floor":33},{"not_picked":["Gatherer:Bulldoze","Gatherer:LuckyClover"],"picked":"Gatherer:MindSearch","floor":35},{"not_picked":["Gatherer:AlchemyTrial","Gatherer:SaveValuables","Gatherer:ScherryThrow"],"picked":"Gatherer:Solidify+1","floor":37},{"not_picked":["Gatherer:Pollute","Gatherer:Solidify","Gatherer:GatherMaterial"],"picked":"Gatherer:Convert+1","floor":38},{"not_picked":["Gatherer:WitheringStrike","Gatherer:Liquidism+1","Gatherer:WoolGloves+1"],"picked":"Gatherer:RecoveryHerb","floor":41},{"not_picked":["Gatherer:Convert+1","Gatherer:Transmute+1","Gatherer:WitheringStrike"],"picked":"Gatherer:RecipeChange+1","floor":42},{"not_picked":["Gatherer:Snatch","Gatherer:Nutrients+1","Gatherer:AromaProtection+1"],"picked":"Gatherer:TreeGrowth","floor":46},{"not_picked":["Gatherer:TacticalStrike+1","Gatherer:WoolGloves","Gatherer:Convert"],"picked":"Gatherer:SaveValuables","floor":46},{"not_picked":["Gatherer:QuickSynthesis+1","Gatherer:Frenzy+1","Gatherer:CarefulStrike+1"],"picked":"Gatherer:BigPouch","floor":48},{"not_picked":["Gatherer:GlowingPlant+1","Gatherer:FinishingStrike","Gatherer:FlowerShield"],"picked":"Gatherer:AcidicSpray","floor":48},{"not_picked":["Gatherer:AcidicSpray+1","Gatherer:TacticalStrike","Gatherer:MindSearch"],"picked":"Gatherer:VenomBarrier+1","floor":50}],"player_experience":733729,"relics_obtained":[{"floor":5,"key":"Blue Doll"},{"floor":11,"key":"MawBank"},{"floor":15,"key":"Kunai"},{"floor":27,"key":"Regal Pillow"},{"floor":28,"key":"Tiny Chest"},{"floor":42,"key":"Prayer Wheel"},{"floor":45,"key":"CaptainsWheel"},{"floor":49,"key":"Vajra"},{"floor":50,"key":"Choco_Feather"}],"event_choices":[{"damage_healed":0,"gold_gain":100,"player_choice":"Gold","damage_taken":0,"max_hp_gain":0,"max_hp_loss":0,"event_name":"Wheel of Change","floor":9,"gold_loss":0},{"damage_healed":0,"gold_gain":30,"player_choice":"Searched \u00273\u0027 times","damage_taken":0,"relics_obtained":["Lantern"],"max_hp_gain":0,"max_hp_loss":0,"event_name":"Dead Adventurer","floor":12,"gold_loss":0},{"damage_healed":0,"gold_gain":0,"player_choice":"Take","damage_taken":0,"max_hp_gain":0,"max_hp_loss":0,"event_name":"Elementarium:BladeSeller","floor":21,"gold_loss":0,"cards_obtained":["Elementarium:WindblessedBlade"]},{"damage_healed":0,"gold_gain":0,"player_choice":"Ignored","damage_taken":0,"max_hp_gain":0,"max_hp_loss":0,"event_name":"Elementarium:TarCoveredCasket","floor":26,"gold_loss":0}],"is_beta":false,"boss_relics":[{"not_picked":["Philosopher\u0027s Stone","Replay:Drink Me"],"picked":"construct:ClawGrip"},{"not_picked":["Replay:Bronze Core","Sozu"],"picked":"Honey Jar"}],"items_purged_floors":[23,39],"is_endless":false,"potions_floor_spawned":[1,3,16,18,22,24,32,33,35,38,42,46,48],"ascension_level":0}}