{"host":"Melcetto","time":1608784040,"event":{"mods":["AlwaysNeverKeys","BaseMod","Better Vampires","Colored Map","Colored Powertips","DeckTracker","Emptier Cage","Minty Spire (QoL Compilation)","Permanent Neow","Quick Restart","Random Character Button","Rare Cards Sparkle","Relic Sorter","Relic Stats","StSLib","Transform Curses"],"gold_per_floor":[118,118,137,149,168,168,202,47,47,78,78,90,90,90,90,166,166,179,94,94,94,106,136,136,166,166,183,195,213,213,51,51,125,125,140,157,1156,1156,1167,875,887,921,921,939,966,985,1001,516,516,516,516,516,516,5,37,37],"floor_reached":57,"playtime":6600,"items_purged":["Strike_R","Normality","Normality"],"score":2803,"play_id":"f1a721db-985b-4d3e-af90-74aa3e6f212d","local_time":"20201223232720","is_ascension_mode":true,"campfire_choices":[{"data":"Blood for Blood","floor":6,"key":"SMITH"},{"data":"Bash","floor":11,"key":"SMITH"},{"data":"Spot Weakness","floor":13,"key":"SMITH"},{"data":"Disarm","floor":15,"key":"SMITH"},{"data":"Shrug It Off","floor":24,"key":"SMITH"},{"data":"Shockwave","floor":30,"key":"SMITH"},{"floor":32,"key":"DIG"},{"floor":49,"key":"DIG"},{"floor":53,"key":"DIG"}],"circlet_count":0,"master_deck":["AscendersBane","Strike_R","Strike_R","Strike_R","Defend_R","Defend_R","Defend_R","Defend_R","Bash+1","Shrug It Off+1","Spot Weakness+1","Headbutt","Blood for Blood+1","Battle Trance","Reaper","Disarm+1","Evolve","Feed","Disarm+1","Feel No Pain","Battle Trance+1","Shrug It Off","Shockwave+1","Limit Break+1","Shrug It Off+1","Second Wind+1","Sword Boomerang","Spot Weakness","Sword Boomerang+1","Entrench","Impervious","Fiend Fire"],"relics":["Velvet Choker","Paper Frog","Question Card","Pen Nib","CaptainsWheel","Black Star","Matryoshka","Blue Candle","Incense Burner","Shovel","Centennial Puzzle","Mummified Hand","Regal Pillow","Lantern","Singing Bowl","Philosopher\u0027s Stone","Bag of Marbles","Bird Faced Urn","Sundial","Akabeko","Nunchaku","PreservedInsect","Strawberry","Gambling Chip","Self Forming Clay","Pantograph","ClockworkSouvenir","Bag of Preparation","Red Skull","Oddly Smooth Stone"],"acts_visited":["Exordium","TheCity","TheBeyond","TheEnding"],"potions_floor_usage":[10,12,56,56],"damage_taken":[{"damage":9.0,"enemies":"Jaw Worm","floor":1.0,"turns":4.0},{"damage":1,"enemies":"Cultist","floor":3,"turns":4},{"damage":7,"enemies":"Small Slimes","floor":4,"turns":4},{"damage":3,"enemies":"Exordium Thugs","floor":5,"turns":4},{"damage":22,"enemies":"Lagavulin","floor":7,"turns":7},{"damage":11,"enemies":"Gremlin Nob","floor":10,"turns":3},{"damage":25,"enemies":"Gremlin Gang","floor":12,"turns":3},{"damage":5,"enemies":"Hexaghost","floor":16,"turns":8},{"damage":24,"enemies":"Shell Parasite","floor":18,"turns":5},{"damage":5,"enemies":"3 Byrds","floor":22,"turns":6},{"damage":24,"enemies":"Gremlin Leader","floor":23,"turns":6},{"damage":6,"enemies":"Book of Stabbing","floor":25,"turns":6},{"damage":16,"enemies":"Centurion and Healer","floor":27,"turns":4},{"damage":3,"enemies":"3 Cultists","floor":28,"turns":5},{"damage":4,"enemies":"Snecko","floor":29,"turns":4},{"damage":14,"enemies":"Champ","floor":33,"turns":13},{"damage":0,"enemies":"3 Shapes","floor":35,"turns":5},{"damage":2,"enemies":"Orb Walker","floor":36,"turns":3},{"damage":2,"enemies":"Spire Growth","floor":39,"turns":4},{"damage":4,"enemies":"Writhing Mass","floor":41,"turns":6},{"damage":48,"enemies":"Giant Head","floor":42,"turns":7},{"damage":15,"enemies":"4 Shapes","floor":44,"turns":3},{"damage":5,"enemies":"Nemesis","floor":45,"turns":7},{"damage":8,"enemies":"3 Darklings","floor":46,"turns":7},{"damage":1,"enemies":"Sphere and 2 Shapes","floor":47,"turns":3},{"damage":15,"enemies":"Time Eater","floor":50,"turns":7},{"damage":45,"enemies":"Donu and Deca","floor":51,"turns":10},{"damage":12,"enemies":"Shield and Spear","floor":55,"turns":5},{"damage":115,"enemies":"The Heart","floor":56,"turns":9}],"seed_played":"7904245801543669207","potions_obtained":[{"floor":3,"key":"Swift Potion"},{"floor":7,"key":"DistilledChaos"},{"floor":16,"key":"ElixirPotion"},{"floor":18,"key":"FearPotion"},{"floor":27,"key":"BlessingOfTheForge"},{"floor":35,"key":"GamblersBrew"},{"floor":46,"key":"Ancient Potion"}],"is_trial":false,"path_per_floor":["M","?","M","M","M","R","E","$","T","E","R","M","R","?","R","B",null,"M","?","$","?","M","E","R","E","T","M","M","M","R","$","R","B",null,"M","M","?","?","M","$","M","E","T","M","E","M","M","$","R","B","B",null,"R","$","E","B",null],"character_chosen":"IRONCLAD","items_purchased":["Reaper","Lantern","Bag of Marbles","Sword Boomerang","Gambling Chip","Entrench","ClockworkSouvenir","Bag of Preparation","Impervious"],"campfire_rested":0,"item_purchase_floors":[8,31,40,40,48,48,54,54,54],"current_hp_per_floor":[59,59,58,51,48,48,26,26,26,15,15,18,18,7,7,16,60,49,49,49,75,73,63,63,68,68,52,65,75,75,75,75,78,83,86,86,86,86,88,88,86,54,54,95,108,113,115,115,115,116,116,116,116,116,108,39],"gold":37,"neow_bonus":"BOSS_RELIC","is_daily":false,"chose_seed":false,"campfire_upgraded":6,"win_rate":0.0,"timestamp":1608784040,"path_taken":["M","?","M","M","?","R","E","$","T","E","R","M","R","?","R","BOSS","M","?","$","?","M","E","R","E","T","?","M","M","R","?","R","BOSS","M","M","?","?","?","$","M","E","T","M","E","M","M","$","R","BOSS","BOSS","R","$","E","BOSS"],"items_purchased_type":["Card","Relic","Relic","Card","Relic","Card","Relic","Relic","Card"],"build_version":"2020-12-18","purchased_purges":3,"victory":true,"max_hp_per_floor":[75,75,75,75,75,75,75,75,75,75,75,75,75,75,75,75,75,75,75,75,75,78,78,78,81,81,81,81,81,81,81,81,84,84,87,89,89,89,89,89,91,91,91,96,108,113,116,116,116,116,116,116,116,116,116,116],"relic_stats":{"Regal Pillow":0,"Singing Bowl":10,"counters":[29,162],"Self Forming Clay":[132],"Blue Candle":[8],"Pen Nib":[20],"PreservedInsect":77,"Bag of Preparation":[4],"Question Card":21,"Centennial Puzzle":[45],"Nunchaku":[6],"Shovel":3,"Mummified Hand":[34],"Sundial":[6],"Bird Faced Urn":[16],"Gambling Chip":[21],"Pantograph":8,"Black Star":5,"obtain_stats":[{"Regal Pillow":26,"Lantern":31,"Singing Bowl":32,"Incense Burner":23,"Bag of Preparation":54,"Burning Blood":0,"ClockworkSouvenir":54,"Centennial Puzzle":25,"Nunchaku":43,"Matryoshka":19,"Shovel":25,"Mummified Hand":26,"Sundial":42,"Strawberry":45,"Gambling Chip":48,"Pantograph":53,"Philosopher\u0027s Stone":34,"Red Skull":55,"Paper Frog":7,"Self Forming Clay":49,"Blue Candle":23,"Velvet Choker":0,"Oddly Smooth Stone":55,"Pen Nib":10,"PreservedInsect":45,"Question Card":9,"Akabeko":43,"CaptainsWheel":14,"Bird Faced Urn":42,"Black Star":17,"Bag of Marbles":40},{"Regal Pillow":12,"Lantern":15,"Singing Bowl":15,"Incense Burner":11,"Bag of Preparation":27,"Burning Blood":0,"ClockworkSouvenir":27,"Centennial Puzzle":12,"Nunchaku":21,"Matryoshka":9,"Shovel":12,"Mummified Hand":12,"Sundial":21,"Strawberry":23,"Gambling Chip":25,"Pantograph":27,"Philosopher\u0027s Stone":16,"Red Skull":28,"Paper Frog":5,"Self Forming Clay":25,"Blue Candle":11,"Velvet Choker":0,"Oddly Smooth Stone":28,"Pen Nib":6,"PreservedInsect":23,"Question Card":5,"Akabeko":21,"CaptainsWheel":7,"Bird Faced Urn":21,"Black Star":8,"Bag of Marbles":19},{"Regal Pillow":60,"Lantern":73,"Singing Bowl":73,"Incense Burner":54,"Bag of Preparation":148,"Burning Blood":0,"ClockworkSouvenir":148,"Centennial Puzzle":60,"Nunchaku":111,"Matryoshka":42,"Shovel":60,"Mummified Hand":60,"Sundial":111,"Strawberry":121,"Gambling Chip":131,"Pantograph":148,"Philosopher\u0027s Stone":86,"Red Skull":153,"Paper Frog":23,"Self Forming Clay":131,"Blue Candle":54,"Velvet Choker":0,"Oddly Smooth Stone":153,"Pen Nib":26,"PreservedInsect":121,"Question Card":23,"Akabeko":111,"CaptainsWheel":29,"Bird Faced Urn":111,"Black Star":37,"Bag of Marbles":98}]},"card_choices":[{"not_picked":["Anger","Dark Embrace"],"picked":"Shrug It Off","floor":1},{"not_picked":["Thunderclap","Burning Pact"],"picked":"Headbutt","floor":3},{"not_picked":["Flex","Shrug It Off"],"picked":"Blood for Blood","floor":4},{"not_picked":["Havoc","Body Slam","Flex"],"picked":"SKIP","floor":5},{"not_picked":["Blood for Blood","Clash"],"picked":"Battle Trance","floor":7},{"not_picked":["Clash","True Grit","Wild Strike"],"picked":"Disarm","floor":10},{"not_picked":["Twin Strike","Combust","Clash"],"picked":"Evolve","floor":12},{"not_picked":["Barricade","Double Tap","Corruption"],"picked":"Feed","floor":16},{"not_picked":["Battle Trance","Perfected Strike","Thunderclap+1"],"picked":"Disarm+1","floor":18},{"not_picked":["Rage","Warcry","Cleave","Combust"],"picked":"SKIP","floor":22},{"not_picked":["Armaments","Double Tap","Headbutt"],"picked":"Feel No Pain","floor":23},{"not_picked":["Havoc","Body Slam","Thunderclap"],"picked":"Battle Trance+1","floor":25},{"not_picked":["Iron Wave","Thunderclap","Flex"],"picked":"Shrug It Off","floor":27},{"not_picked":["Cleave","Flex","Body Slam","Iron Wave"],"picked":"SKIP","floor":28},{"not_picked":["Whirlwind","Hemokinesis","Thunderclap"],"picked":"Shockwave","floor":29},{"not_picked":["Offering","Berserk","Reaper"],"picked":"Limit Break","floor":33},{"not_picked":["Searing Blow+1","Ghostly Armor","Pommel Strike"],"picked":"Shrug It Off+1","floor":35},{"not_picked":["Shrug It Off","Rampage+1","Anger","Intimidate+1"],"picked":"Singing Bowl","floor":36},{"not_picked":["Shrug It Off","Evolve","Anger"],"picked":"Second Wind+1","floor":39},{"not_picked":["Flame Barrier","Shrug It Off","Armaments","Clothesline"],"picked":"Singing Bowl","floor":41},{"not_picked":["Whirlwind","Cleave+1","Clothesline"],"picked":"Spot Weakness","floor":42},{"not_picked":["Perfected Strike+1","Havoc","Combust","Infernal Blade"],"picked":"Singing Bowl","floor":44},{"not_picked":["Juggernaut","True Grit","Infernal Blade","Clothesline+1"],"picked":"Singing Bowl","floor":45},{"not_picked":["Havoc","Metallicize","True Grit","Burning Pact"],"picked":"Singing Bowl","floor":46},{"not_picked":["Infernal Blade","Headbutt","Armaments+1"],"picked":"Sword Boomerang+1","floor":47},{"not_picked":["Intimidate","Havoc+1","Infernal Blade"],"picked":"Fiend Fire","floor":55}],"player_experience":18793045,"relics_obtained":[{"floor":7,"key":"Paper Frog"},{"floor":9,"key":"Question Card"},{"floor":10,"key":"Pen Nib"},{"floor":23,"key":"Blue Candle"},{"floor":23,"key":"Incense Burner"},{"floor":25,"key":"Shovel"},{"floor":25,"key":"Centennial Puzzle"},{"floor":26,"key":"Mummified Hand"},{"floor":26,"key":"Regal Pillow"},{"floor":32,"key":"Singing Bowl"},{"floor":42,"key":"Bird Faced Urn"},{"floor":42,"key":"Sundial"},{"floor":43,"key":"Akabeko"},{"floor":43,"key":"Nunchaku"},{"floor":45,"key":"PreservedInsect"},{"floor":45,"key":"Strawberry"},{"floor":49,"key":"Self Forming Clay"},{"floor":53,"key":"Pantograph"},{"floor":55,"key":"Red Skull"},{"floor":55,"key":"Oddly Smooth Stone"}],"event_choices":[{"damage_healed":0,"gold_gain":0,"cards_transformed":["Strike_R"],"player_choice":"Transformed","damage_taken":0,"max_hp_gain":0,"max_hp_loss":0,"event_name":"Transmorgrifier","floor":2,"gold_loss":0,"cards_obtained":["Spot Weakness"]},{"damage_healed":0,"gold_gain":0,"player_choice":"Success","damage_taken":11,"relics_obtained":["CaptainsWheel"],"max_hp_gain":0,"max_hp_loss":0,"event_name":"Scrap Ooze","floor":14,"gold_loss":0},{"damage_healed":0,"gold_gain":0,"player_choice":"Obtained Relic","damage_taken":0,"relics_obtained":["Matryoshka"],"max_hp_gain":0,"max_hp_loss":0,"event_name":"Addict","floor":19,"gold_loss":85},{"damage_healed":26,"gold_gain":0,"player_choice":"Full Heal","damage_taken":0,"max_hp_gain":0,"max_hp_loss":0,"event_name":"Wheel of Change","floor":21,"gold_loss":0},{"damage_healed":0,"gold_gain":999,"player_choice":"Gold","damage_taken":0,"max_hp_gain":0,"max_hp_loss":0,"event_name":"MindBloom","floor":37,"gold_loss":0,"cards_obtained":["Normality","Normality"]},{"damage_healed":0,"gold_gain":0,"player_choice":"Upgraded","damage_taken":0,"max_hp_gain":0,"max_hp_loss":0,"event_name":"Upgrade Shrine","floor":38,"gold_loss":0,"cards_upgraded":["Limit Break"]}],"is_beta":true,"boss_relics":[{"not_picked":["Ectoplasm","Sozu"],"picked":"Black Star"},{"not_picked":["Cursed Key","Busted Crown"],"picked":"Philosopher\u0027s Stone"}],"items_purged_floors":[8,40,48],"is_endless":false,"potions_floor_spawned":[3,7,16,18,27,28,35,41,42,46,47],"ascension_level":20}}