{"host":"o5hcpxouyak38pnq","time":1608770188,"event":{"mods":["BaseMod","DeckTracker","Downfall","Hermit","Hubris","Minty Spire (QoL Compilation)","Replay The Spire","StSLib","The Construct","The Cursed","The Poker Player"],"gold_per_floor":[99,110,130,146,146,321,321,339,351,23,41,41,41,55,73,73,73],"floor_reached":16,"playtime":2208,"items_purged":[],"score":121,"play_id":"ffb5ca4d-28d7-449a-ab2d-d40f1343fe1c","local_time":"20201223193628","is_ascension_mode":false,"campfire_choices":[{"data":"sneckomod:SnekBite","floor":1,"key":"SMITH"},{"data":"sneckomod:SnekBeam","floor":12,"key":"SMITH"}],"circlet_count":0,"master_deck":["sneckomod:Strike","sneckomod:Strike","sneckomod:Defend","sneckomod:Defend","sneckomod:Defend","sneckomod:TailWhip","sneckomod:SnekBite+1","sneckomod:Unknown","sneckomod:Unknown","sneckomod:WideSting","sneckomod:UnknownClassTHE_CURSED_PURPLE","sneckomod:UnknownClassCONSTRUCTMOD","Doubt","sneckomod:UnknownUncommonAttack","sneckomod:SnekBeam+1","sneckomod:SoulRoll","sneckomod:UnknownCommonSkill","sneckomod:Unknown1Cost","sneckomod:Nope","sneckomod:UnknownRareAttack","sneckomod:SoulCleanse","sneckomod:SnekBeam"],"relics":["sneckomod:SneckoSoul","Kunai","Replay:Accelerometer"],"acts_visited":["Exordium"],"potions_floor_usage":[15,16,16,16],"damage_taken":[{"damage":6,"enemies":"2 Louse","floor":2,"turns":3},{"damage":0,"enemies":"Small Slimes","floor":3,"turns":2},{"damage":4,"enemies":"Cultist","floor":4,"turns":3},{"damage":9,"enemies":"Blue Slaver","floor":8,"turns":2},{"damage":4,"enemies":"2 Fungi Beasts","floor":9,"turns":2},{"damage":8,"enemies":"downfall:FleeingMerchant","floor":10,"turns":4},{"damage":0,"enemies":"3 Louse","floor":11,"turns":1},{"damage":5,"enemies":"Blue Slaver","floor":14,"turns":4},{"damage":9,"enemies":"Gremlin Gang","floor":15,"turns":3},{"damage":73,"enemies":"downfall:Ironclad","floor":16,"turns":6}],"seed_played":"5958417883680982494","potions_obtained":[{"floor":4,"key":"Elixir"},{"floor":9,"key":"Swift Potion"},{"floor":14,"key":"SpeedPotion"},{"floor":15,"key":"Strength Potion"}],"is_trial":false,"path_per_floor":["R","M","M","M","?","?","T","M","M","$","M","R","?","M","M","B"],"character_chosen":"THE_SNECKO","items_purchased":["Replay:Accelerometer","sneckomod:UnknownCommonSkill","sneckomod:Unknown1Cost"],"campfire_rested":0,"item_purchase_floors":[10,10,10],"current_hp_per_floor":[99,93,94,91,91,91,91,83,79,73,73,73,74,69,60,0,0],"gold":73,"neow_bonus":"TEN_PERCENT_HP_BONUS","is_daily":false,"chose_seed":false,"campfire_upgraded":2,"win_rate":0.0,"timestamp":1608770188,"path_taken":["R","M","M","M","?","?","T","M","M","$","M","R","?","M","M","BOSS"],"items_purchased_type":["Relic","Card","Card"],"build_version":"2020-12-22","purchased_purges":0,"victory":false,"max_hp_per_floor":[99,99,100,101,101,101,101,102,102,104,104,104,105,105,105,105,105],"card_choices":[{"not_picked":["sneckomod:UnknownWeak","sneckomod:Unknown1Cost"],"picked":"sneckomod:WideSting","floor":2},{"not_picked":["sneckomod:IronFang","sneckomod:UnknownWeak"],"picked":"sneckomod:UnknownClassTHE_CURSED_PURPLE","floor":3},{"not_picked":["sneckomod:UnknownStrike","sneckomod:SoulDraw"],"picked":"sneckomod:UnknownClassCONSTRUCTMOD","floor":4},{"not_picked":["sneckomod:UnknownEthereal","sneckomod:UnknownClassTHE_CURSED_PURPLE"],"picked":"sneckomod:UnknownUncommonAttack","floor":8},{"not_picked":["sneckomod:DiceBlock","sneckomod:DiceBoulder"],"picked":"sneckomod:SnekBeam","floor":9},{"not_picked":["sneckomod:Restock","sneckomod:UnknownExhaust"],"picked":"sneckomod:SoulRoll","floor":10},{"not_picked":["sneckomod:UnknownVulnerable","sneckomod:ImprovisedAttack"],"picked":"sneckomod:Nope","floor":11},{"not_picked":["sneckomod:IronFang","sneckomod:UnknownCommonAttack"],"picked":"sneckomod:SoulCleanse","floor":14},{"not_picked":["sneckomod:DiceBoulder","sneckomod:CheapStock"],"picked":"sneckomod:SnekBeam","floor":15}],"player_experience":520139,"relics_obtained":[{"floor":7,"key":"Kunai"}],"event_choices":[{"damage_healed":0,"gold_gain":0,"cards_transformed":["sneckomod:Strike"],"player_choice":"Transformed","damage_taken":0,"max_hp_gain":0,"max_hp_loss":0,"event_name":"Transmorgrifier","floor":13,"gold_loss":0,"cards_obtained":["sneckomod:UnknownRareAttack"]}],"is_beta":false,"boss_relics":[],"items_purged_floors":[],"is_endless":false,"potions_floor_spawned":[4,9,14,15],"killed_by":"downfall:Ironclad","ascension_level":0}}