{"host":"fne7yx97fnz7kq05","time":1608851452,"event":{"mods":["BaseMod","Colored Map","Colored Powertips","Highlight Path","Minty Spire (QoL Compilation)","Relic Stats"],"gold_per_floor":[111,111,36,36,55,86,86,118,165,165,185,185,241,276,276,348,348,364,375,375,389,108,143,143,175,187,199,211,223,245,271,283,295,295],"floor_reached":33,"playtime":1458,"items_purged":["Decay"],"score":614,"play_id":"645a6716-2d98-4ef5-b244-652acf40bc5f","local_time":"20201224171052","is_ascension_mode":true,"campfire_choices":[{"data":"Dagger Spray","floor":7,"key":"SMITH"},{"data":"Neutralize","floor":10,"key":"SMITH"},{"data":"Predator","floor":12,"key":"SMITH"},{"floor":15,"key":"REST"},{"data":"Malaise","floor":24,"key":"SMITH"},{"data":"Tools of the Trade","floor":27,"key":"SMITH"},{"floor":29,"key":"REST"},{"floor":32,"key":"REST"}],"circlet_count":0,"master_deck":["AscendersBane","Strike_G","Strike_G","Strike_G","Strike_G","Defend_G","Defend_G","Defend_G","Survivor","Neutralize+1","Dagger Spray+1","Backstab","Predator+1","Deadly Poison","PiercingWail","Malaise+1","Backflip","Dash+1","Leg Sweep","Grand Finale","Tools of the Trade+1","RitualDagger"],"relics":["Ring of the Snake","NeowsBlessing","Bag of Marbles","Bronze Scales","Nunchaku","PreservedInsect","Calipers","SlaversCollar","Orichalcum","MawBank","InkBottle"],"acts_visited":["Exordium","TheCity"],"potions_floor_usage":[19,21,23,30,33,33],"damage_taken":[{"damage":0,"enemies":"Jaw Worm","floor":1,"turns":1},{"damage":0,"enemies":"2 Louse","floor":5,"turns":1},{"damage":0,"enemies":"Lagavulin","floor":6,"turns":1},{"damage":22,"enemies":"Gremlin Nob","floor":8,"turns":4},{"damage":0,"enemies":"Small Slimes","floor":11,"turns":2},{"damage":0,"enemies":"Gremlin Nob","floor":13,"turns":2},{"damage":10,"enemies":"3 Sentries","floor":14,"turns":5},{"damage":20,"enemies":"The Guardian","floor":16,"turns":10},{"damage":8,"enemies":"Shell Parasite","floor":18,"turns":4},{"damage":0,"enemies":"Spheric Guardian","floor":19,"turns":3},{"damage":10,"enemies":"Chosen and Byrds","floor":21,"turns":6},{"damage":0,"enemies":"Slavers","floor":23,"turns":4},{"damage":6,"enemies":"Gremlin Leader","floor":25,"turns":6},{"damage":10,"enemies":"Cultist and Chosen","floor":30,"turns":9},{"damage":9,"enemies":"Snake Plant","floor":31,"turns":6},{"damage":62,"enemies":"Automaton","floor":33,"turns":12}],"seed_played":"4427195873557845233","potions_obtained":[{"floor":1,"key":"DistilledChaos"},{"floor":5,"key":"Weak Potion"},{"floor":6,"key":"Fire Potion"},{"floor":16,"key":"AttackPotion"},{"floor":21,"key":"Fire Potion"},{"floor":23,"key":"Fire Potion"},{"floor":30,"key":"DistilledChaos"}],"is_trial":false,"path_per_floor":["M","?","?","?","M","E","R","E","T","R","M","R","?","E","R","B",null,"M","M","?","M","$","E","R","E","T","R","?","R","M","M","R","B"],"character_chosen":"THE_SILENT","items_purchased":["Grand Finale","Block Potion"],"campfire_rested":3,"item_purchase_floors":[22,22],"current_hp_per_floor":[59,52,52,52,52,52,52,30,30,30,30,30,30,20,39,19,54,46,46,46,36,36,36,36,30,30,30,24,43,33,24,43,0,0],"gold":295,"neow_bonus":"THREE_ENEMY_KILL","is_daily":false,"chose_seed":false,"campfire_upgraded":5,"win_rate":0.0,"timestamp":1608851452,"path_taken":["M","?","?","?","?","E","R","E","T","R","M","R","?","E","R","BOSS","M","M","?","M","?","E","R","E","T","R","?","R","M","M","R","BOSS"],"items_purchased_type":["Card","Potion"],"build_version":"2020-12-22","purchased_purges":1,"victory":false,"max_hp_per_floor":[66,66,66,66,66,66,66,66,66,66,66,66,66,66,66,66,66,66,66,66,66,66,66,66,66,66,66,66,66,66,66,66,66,66],"relic_stats":{"Nunchaku":[12],"counters":[16,76],"Bronze Scales":[207],"PreservedInsect":125,"Orichalcum":[54],"MawBank":96,"obtain_stats":[{"SlaversCollar":17,"Nunchaku":9,"Calipers":14,"NeowsBlessing":0,"Bronze Scales":8,"PreservedInsect":13,"Bag of Marbles":6,"Orichalcum":23,"MawBank":25,"InkBottle":26,"Ring of the Snake":0},{"SlaversCollar":8,"Nunchaku":4,"Calipers":7,"NeowsBlessing":0,"Bronze Scales":4,"PreservedInsect":6,"Bag of Marbles":3,"Orichalcum":12,"MawBank":13,"InkBottle":13,"Ring of the Snake":0},{"SlaversCollar":26,"Nunchaku":7,"Calipers":16,"NeowsBlessing":0,"Bronze Scales":7,"PreservedInsect":11,"Bag of Marbles":3,"Orichalcum":43,"MawBank":49,"InkBottle":49,"Ring of the Snake":0}],"InkBottle":[7],"Ring of the Snake":[32]},"card_choices":[{"not_picked":["Endless Agony","Dagger Throw"],"picked":"Dagger Spray","floor":1},{"not_picked":["Calculated Gamble","Eviscerate","Catalyst"],"picked":"SKIP","floor":5},{"not_picked":["Acrobatics","Catalyst","Calculated Gamble"],"picked":"SKIP","floor":6},{"not_picked":["Adrenaline","Bane"],"picked":"Backstab","floor":8},{"not_picked":["Dagger Throw","Calculated Gamble"],"picked":"Predator","floor":11},{"not_picked":["Dodge and Roll","Sucker Punch"],"picked":"Deadly Poison","floor":13},{"not_picked":["Catalyst","Endless Agony"],"picked":"PiercingWail","floor":14},{"not_picked":["Grand Finale","Phantasmal Killer"],"picked":"Malaise","floor":16},{"not_picked":["Finisher","Concentrate"],"picked":"Backflip","floor":18},{"not_picked":["Underhanded Strike","Deadly Poison"],"picked":"Dash+1","floor":19},{"not_picked":["PiercingWail","Cloak And Dagger"],"picked":"Leg Sweep","floor":21},{"not_picked":["Caltrops","Underhanded Strike","Slice"],"picked":"SKIP","floor":23},{"not_picked":["Predator","Choke+1"],"picked":"Tools of the Trade","floor":25},{"not_picked":["Escape Plan+1","Deadly Poison","Dodge and Roll"],"picked":"SKIP","floor":30},{"not_picked":["Sucker Punch","Dodge and Roll","Deflect"],"picked":"SKIP","floor":31}],"player_experience":192943,"relics_obtained":[{"floor":6,"key":"Bag of Marbles"},{"floor":8,"key":"Bronze Scales"},{"floor":9,"key":"Nunchaku"},{"floor":13,"key":"PreservedInsect"},{"floor":14,"key":"Calipers"},{"floor":23,"key":"Orichalcum"},{"floor":25,"key":"MawBank"},{"floor":26,"key":"InkBottle"}],"event_choices":[{"cards_removed":["Strike_G"],"damage_healed":0,"gold_gain":0,"player_choice":"Card Removal","damage_taken":7,"max_hp_gain":0,"max_hp_loss":0,"event_name":"Golden Wing","floor":2,"gold_loss":0},{"cards_removed":["Defend_G"],"damage_healed":0,"gold_gain":0,"player_choice":"Card Removal","damage_taken":0,"max_hp_gain":0,"max_hp_loss":0,"event_name":"The Cleric","floor":3,"gold_loss":75},{"cards_removed":["Defend_G"],"damage_healed":0,"gold_gain":0,"player_choice":"Purged","damage_taken":0,"max_hp_gain":0,"max_hp_loss":0,"event_name":"Purifier","floor":4,"gold_loss":0},{"damage_healed":0,"gold_gain":0,"player_choice":"Searched \u00271\u0027 times","damage_taken":0,"max_hp_gain":0,"max_hp_loss":0,"event_name":"Dead Adventurer","floor":13,"gold_loss":0},{"damage_healed":0,"gold_gain":0,"player_choice":"Cursed","damage_taken":0,"max_hp_gain":0,"max_hp_loss":0,"event_name":"Wheel of Change","floor":20,"gold_loss":0,"cards_obtained":["Decay"]},{"damage_healed":0,"gold_gain":0,"player_choice":"Joined the Cult","damage_taken":6,"max_hp_gain":0,"max_hp_loss":0,"event_name":"Nest","floor":28,"gold_loss":0,"cards_obtained":["RitualDagger"]}],"is_beta":false,"boss_relics":[{"not_picked":["Black Star","Ectoplasm"],"picked":"SlaversCollar"}],"items_purged_floors":[22],"is_endless":false,"potions_floor_spawned":[1,5,6,14,16,21,23,30],"killed_by":"Automaton","ascension_level":15}}