{"host":"yp47u74hk6n79vj1","time":1608773654,"event":{"mods":["BaseMod","Minty Spire (QoL Compilation)"],"gold_per_floor":[110,130,7,22,22,50,67,67,67,99,0,0,20,54,54,150,150,116,133,33,44,61,61,61],"floor_reached":23,"playtime":1071,"items_purged":["Strike_B","Defend_B","Defend_B"],"score":224,"play_id":"221d9fcc-328d-4418-97d9-192a3cbd9dc4","local_time":"20201223203414","is_ascension_mode":true,"campfire_choices":[{"data":"Conserve Battery","floor":8,"key":"SMITH"},{"data":"Steam","floor":15,"key":"SMITH"}],"circlet_count":0,"master_deck":["Strike_B","Strike_B","Defend_B+1","Zap+1","Dualcast","Conserve Battery+1","Streamline","Sweeping Beam","Chill","Creative AI","Leap","Glacier","Steam+1","Leap+1"],"relics":["Cracked Core","War Paint","The Courier","HornCleat","Nuclear Battery"],"acts_visited":["Exordium","TheCity"],"potions_floor_usage":[6,14,19,23],"damage_taken":[{"damage":0,"enemies":"Small Slimes","floor":1,"turns":2},{"damage":1,"enemies":"Jaw Worm","floor":2,"turns":4},{"damage":1,"enemies":"Cultist","floor":4,"turns":3},{"damage":16,"enemies":"Gremlin Nob","floor":6,"turns":4},{"damage":26,"enemies":"Gremlin Gang","floor":7,"turns":4},{"damage":8,"enemies":"Lagavulin","floor":10,"turns":6},{"damage":0,"enemies":"Exordium Thugs","floor":13,"turns":6},{"damage":1,"enemies":"3 Sentries","floor":14,"turns":7},{"damage":16,"enemies":"The Guardian","floor":16,"turns":12},{"damage":16,"enemies":"2 Thieves","floor":18,"turns":5},{"damage":0,"enemies":"3 Byrds","floor":19,"turns":2},{"damage":22,"enemies":"Cultist and Chosen","floor":21,"turns":8},{"damage":0,"enemies":"Chosen and Byrds","floor":22,"turns":8},{"damage":45,"enemies":"Gremlin Leader","floor":23,"turns":12}],"seed_played":"5176968375841067127","potions_obtained":[{"floor":4,"key":"DuplicationPotion"},{"floor":6,"key":"Ancient Potion"},{"floor":13,"key":"EssenceOfDarkness"},{"floor":16,"key":"LiquidBronze"},{"floor":18,"key":"AttackPotion"}],"is_trial":false,"path_per_floor":["M","M","$","M","?","E","M","R","T","E","$","?","M","E","R","B",null,"M","M","$","M","M","E"],"character_chosen":"DEFECT","items_purchased":["Streamline","Leap"],"campfire_rested":0,"item_purchase_floors":[3,11],"current_hp_per_floor":[82,81,81,80,73,57,31,31,31,23,23,23,23,22,22,6,82,66,66,66,44,44,0,0],"gold":61,"neow_bonus":"TEN_PERCENT_HP_BONUS","is_daily":false,"chose_seed":false,"campfire_upgraded":2,"win_rate":0.0,"timestamp":1608773654,"path_taken":["M","M","$","M","?","E","M","R","T","E","$","?","?","E","R","BOSS","M","?","$","M","M","E"],"items_purchased_type":["Card","Card"],"build_version":"2020-12-22","purchased_purges":3,"victory":false,"max_hp_per_floor":[82,82,82,82,82,82,82,82,82,82,82,82,82,82,82,82,82,82,82,82,82,82,82,82],"card_choices":[{"not_picked":["Redo","Go for the Eyes","Barrage"],"picked":"SKIP","floor":1},{"not_picked":["Reprogram","Heatsinks"],"picked":"Conserve Battery","floor":2},{"not_picked":["Go for the Eyes","BootSequence"],"picked":"Sweeping Beam","floor":4},{"not_picked":["Stack","Static Discharge","Tempest"],"picked":"SKIP","floor":6},{"not_picked":["Redo","Stack"],"picked":"Chill","floor":7},{"not_picked":["Coolheaded","Tempest"],"picked":"Creative AI","floor":10},{"not_picked":["Coolheaded","Capacitor"],"picked":"Glacier","floor":13},{"not_picked":["Gash","Sweeping Beam"],"picked":"Steam","floor":14},{"not_picked":["Steam","Go for the Eyes","Fusion"],"picked":"SKIP","floor":18},{"not_picked":["Streamline","Stack"],"picked":"Leap+1","floor":19},{"not_picked":["Rebound+1","Fusion+1","Static Discharge"],"picked":"SKIP","floor":21},{"not_picked":["Go for the Eyes","Glacier","Melter"],"picked":"SKIP","floor":22}],"player_experience":498042,"relics_obtained":[{"floor":6,"key":"War Paint"},{"floor":10,"key":"The Courier"},{"floor":14,"key":"HornCleat"}],"event_choices":[{"cards_removed":["Defend_B"],"damage_healed":0,"gold_gain":0,"player_choice":"Card Removal","damage_taken":7,"max_hp_gain":0,"max_hp_loss":0,"event_name":"Golden Wing","floor":5,"gold_loss":0},{"cards_removed":["Strike_B"],"damage_healed":0,"gold_gain":0,"player_choice":"Purged","damage_taken":0,"max_hp_gain":0,"max_hp_loss":0,"event_name":"Purifier","floor":12,"gold_loss":0}],"is_beta":false,"boss_relics":[{"not_picked":["FrozenCore","Snecko Eye"],"picked":"Nuclear Battery"}],"items_purged_floors":[3,11,20],"is_endless":false,"potions_floor_spawned":[4,6,13,16,18],"killed_by":"Gremlin Leader","ascension_level":1}}