{"host":"337p6miwxbqfki03","time":1608784232,"event":{"mods":["BaseMod","Better Third Choice","Colored Map","Conspire","Downfall","Hermit","Hubris","Minty Spire (QoL Compilation)","Replay The Spire","StSLib","The Cursed","The Hierophant","The Marked","The Necromancer","The Poker Player","The Sage","The Valiant","Unceasing Turn Reminder"],"gold_per_floor":[118,141,141,169,186,226,248,248,275,275,304,324,363,381,381,491,491,521,365,399,421,450,490,490,515,515,515,515,563,597,622,622,678,678,646,608,611,540,563,567,567],"floor_reached":40,"playtime":2638,"items_purged":[],"score":471,"play_id":"2ac16b05-d07e-49f5-a6d7-241266ac72a4","local_time":"20201223223032","is_ascension_mode":false,"campfire_choices":[{"floor":8.0,"key":"REST"},{"floor":10.0,"key":"REST"},{"floor":15.0,"key":"REST"},{"floor":24.0,"key":"REST"},{"floor":28.0,"key":"REST"},{"floor":32.0,"key":"REST"}],"circlet_count":0,"master_deck":["hierophant:Strike_Hierophant","hierophant:Strike_Hierophant","hierophant:Strike_Hierophant","hierophant:Punish","hierophant:Defend_Hierophant","hierophant:Defend_Hierophant","hierophant:Defend_Hierophant","hierophant:Defend_Hierophant","hierophant:ChurchCoffers+1","hierophant:Martyrdom","hierophant:OrnateJavelin","hierophant:Martyrdom","hierophant:DisplayOfPower","hierophant:Batter","hierophant:Flagellation","hierophant:Smite","hierophant:Exaltation","hierophant:OrnateBuckler","hierophant:Invocation","hierophant:ArchangelShield","hierophant:MorningPrayer+1","hierophant:OrnateBuckler+1","hierophant:PristineSoul","hierophant:AuricBeam+1","hierophant:Repentance","hierophant:Determination","hierophant:PristineSoul+1","Parasite","hierophant:LocustPlague+1"],"relics":["hierophant:PropheticMaskRelic","Replay:Bandana","StoneCalendar","PreservedInsect","Boot","ChewingGum","Orichalcum","Huge Egg","ReplayTheSpireMod:Shallot","ReplayTheSpireMod:Lightbulb","Philosopher\u0027s Stone","Thread and Needle"],"acts_visited":["Exordium","TheCity","TheBeyond"],"potions_floor_usage":[40],"damage_taken":[{"damage":1.0,"enemies":"Cultist","floor":1.0,"turns":3.0},{"damage":0.0,"enemies":"Small Slimes","floor":4.0,"turns":2.0},{"damage":2.0,"enemies":"conspire:RoseBush","floor":5.0,"turns":3.0},{"damage":22.0,"enemies":"3 Sentries","floor":6.0,"turns":5.0},{"damage":17.0,"enemies":"3 Louse","floor":7.0,"turns":3.0},{"damage":12.0,"enemies":"2 Fungi Beasts","floor":11.0,"turns":2.0},{"damage":1.0,"enemies":"Exordium Wildlife","floor":12.0,"turns":3.0},{"damage":0.0,"enemies":"Replay:BlueRogue","floor":13.0,"turns":3.0},{"damage":5.0,"enemies":"Looter","floor":14.0,"turns":3.0},{"damage":10.0,"enemies":"Slime Boss","floor":16.0,"turns":6.0},{"damage":30.0,"enemies":"Spheric Guardian","floor":18.0,"turns":4.0},{"damage":2.0,"enemies":"3 Byrds","floor":20.0,"turns":3.0},{"damage":2.0,"enemies":"Centurion and Healer","floor":21.0,"turns":4.0},{"damage":8.0,"enemies":"Snake Plant","floor":22.0,"turns":3.0},{"damage":0.0,"enemies":"conspire:Head Lice","floor":23.0,"turns":4.0},{"damage":20.0,"enemies":"Chosen and Byrds","floor":25.0,"turns":7.0},{"damage":0.0,"enemies":"Gremlin Leader","floor":29.0,"turns":5.0},{"damage":0.0,"enemies":"Cultist and Chosen","floor":30.0,"turns":6.0},{"damage":9.0,"enemies":"Snecko","floor":31.0,"turns":5.0},{"damage":11.0,"enemies":"Automaton","floor":33.0,"turns":7.0},{"damage":0.0,"enemies":"Orb Walker","floor":35.0,"turns":2.0},{"damage":1.0,"enemies":"3 Shapes","floor":36.0,"turns":5.0},{"damage":26.0,"enemies":"2 Orb Walkers","floor":37.0,"turns":5.0},{"damage":9.0,"enemies":"Writhing Mass","floor":38.0,"turns":5.0},{"damage":11.0,"enemies":"Transient","floor":39.0,"turns":5.0},{"damage":56,"enemies":"Nemesis","floor":40,"turns":5}],"seed_played":"-7655680492159820988","potions_obtained":[{"floor":1.0,"key":"SteroidPotion"},{"floor":5.0,"key":"conspire:TimeTravelPotion"},{"floor":11.0,"key":"Block Potion"},{"floor":13.0,"key":"DuplicationPotion"},{"floor":16.0,"key":"SkillPotion"},{"floor":29.0,"key":"DistilledChaos"},{"floor":30.0,"key":"Swift Potion"},{"floor":33.0,"key":"LiquidBronze"},{"floor":35.0,"key":"Fire Potion"},{"floor":39,"key":"FearPotion"}],"is_trial":false,"path_per_floor":["M","T","?","M","M","E","M","R","T","R","M","M","E","M","R","B",null,"M","$","M","M","M","E","R","M","T","?","R","E","M","M","R","B",null,"M","M","?","M","M","E"],"character_chosen":"HIEROPHANT","items_purchased":["Orichalcum"],"campfire_rested":6,"item_purchase_floors":[19],"current_hp_per_floor":[74,74,74,74,72,50,33,55,55,75,63,62,62,57,75,65,75,45,45,43,41,33,33,55,51,51,51,73,73,73,64,75,64,75,75,75,57,48,37,0,0],"gold":567,"neow_bonus":"TRANSFORM_CARD","is_daily":false,"chose_seed":false,"campfire_upgraded":0,"win_rate":0.0,"timestamp":1608784232,"path_taken":["M","?","?","M","M","E","M","R","T","R","?","M","E","M","R","BOSS","M","$","M","M","?","E","R","M","T","?","R","E","M","M","R","BOSS","M","M","?","M","M","E"],"items_purchased_type":["Relic"],"build_version":"2020-12-22","purchased_purges":0,"victory":false,"max_hp_per_floor":[75,75,75,75,75,75,75,75,75,75,75,75,75,75,75,75,75,75,75,75,75,75,75,75,75,75,75,75,75,75,75,75,75,75,75,75,75,75,75,75,75],"card_choices":[{"not_picked":["hierophant:MorningPrayer","hierophant:HolyVerse"],"picked":"hierophant:OrnateJavelin","floor":1.0},{"not_picked":["hierophant:Blessing","hierophant:PristineSoul"],"picked":"hierophant:Martyrdom","floor":4.0},{"not_picked":["hierophant:Smite","hierophant:RustyCrate"],"picked":"hierophant:DisplayOfPower","floor":5.0},{"not_picked":["hierophant:Bribe","hierophant:Doomsaying","hierophant:Smite"],"picked":"SKIP","floor":6.0},{"not_picked":["hierophant:MorningPrayer","hierophant:Shelter"],"picked":"hierophant:Batter","floor":7.0},{"not_picked":["hierophant:Sermon","hierophant:HammerAndAnvil"],"picked":"hierophant:Flagellation","floor":11.0},{"not_picked":["hierophant:Repentance","hierophant:Racketeering"],"picked":"hierophant:Smite","floor":12.0},{"not_picked":["hierophant:HolyVerse","hierophant:AuricBeam"],"picked":"hierophant:Exaltation","floor":13.0},{"not_picked":["hierophant:AuricShield","hierophant:RepressedViolence"],"picked":"hierophant:OrnateBuckler","floor":14.0},{"not_picked":["hierophant:Levitation","hierophant:Generosity"],"picked":"hierophant:Invocation","floor":16.0},{"not_picked":["hierophant:Zeal","hierophant:PassingBell"],"picked":"hierophant:ArchangelShield","floor":18.0},{"not_picked":["hierophant:RepressedViolence+1","hierophant:Remorse"],"picked":"hierophant:MorningPrayer+1","floor":20.0},{"not_picked":["hierophant:Purify","hierophant:Racketeering+1"],"picked":"hierophant:OrnateBuckler+1","floor":21.0},{"not_picked":["hierophant:Doomsaying+1","hierophant:Embezzle","hierophant:FieryStrike"],"picked":"SKIP","floor":22.0},{"not_picked":["hierophant:Patience","hierophant:RepressedViolence"],"picked":"hierophant:PristineSoul","floor":23.0},{"not_picked":["hierophant:Remorse","hierophant:RecallFunds","hierophant:Zeal"],"picked":"SKIP","floor":25.0},{"not_picked":["hierophant:Refuge+1","hierophant:Charity","hierophant:Doubloon"],"picked":"SKIP","floor":29.0},{"not_picked":["hierophant:Shelter","hierophant:MorningPrayer+1"],"picked":"hierophant:AuricBeam+1","floor":30.0},{"not_picked":["hierophant:Purify","hierophant:PassingBell+1"],"picked":"hierophant:Repentance","floor":31.0},{"not_picked":["hierophant:Invocation","hierophant:DeathKnell"],"picked":"hierophant:Determination","floor":33.0},{"not_picked":["hierophant:MorningPrayer","hierophant:AuricBeam","hierophant:SealAway"],"picked":"SKIP","floor":35.0},{"not_picked":["hierophant:Cornucopia","hierophant:HammerAndAnvil+1","hierophant:AuricBeam"],"picked":"SKIP","floor":36.0},{"not_picked":["hierophant:ConvertCurrency+1","hierophant:RepressedViolence"],"picked":"hierophant:PristineSoul+1","floor":37.0},{"not_picked":["hierophant:Shelter","hierophant:FieryStrike","hierophant:AuricBeam+1"],"picked":"SKIP","floor":38.0},{"not_picked":["hierophant:SecretStash+1","hierophant:ThreeLashes"],"picked":"hierophant:LocustPlague","floor":39}],"player_experience":173813,"relics_obtained":[{"floor":2.0,"key":"Replay:Bandana"},{"floor":6.0,"key":"StoneCalendar"},{"floor":9.0,"key":"PreservedInsect"},{"floor":13.0,"key":"Boot"},{"floor":23.0,"key":"Huge Egg"},{"floor":26.0,"key":"ReplayTheSpireMod:Shallot"},{"floor":29.0,"key":"ReplayTheSpireMod:Lightbulb"},{"floor":37.0,"key":"Thread and Needle"}],"event_choices":[{"damage_healed":0.0,"max_hp_gain":0.0,"max_hp_loss":0.0,"gold_gain":0.0,"event_name":"Accursed Blacksmith","player_choice":"Forge","floor":3.0,"gold_loss":0.0,"damage_taken":0.0,"cards_upgraded":["hierophant:ChurchCoffers"]},{"damage_healed":0.0,"max_hp_gain":0.0,"max_hp_loss":0.0,"gold_gain":0.0,"event_name":"Mysterious Sphere","player_choice":"Fight","floor":37.0,"gold_loss":0.0,"damage_taken":0.0}],"is_beta":false,"boss_relics":[{"not_picked":["hubris:RunicObelisk","hubris:ScarierMask"],"picked":"ChewingGum"},{"not_picked":["hubris:BlackHole","hubris:HollowSoul"],"picked":"Philosopher\u0027s Stone"}],"items_purged_floors":[],"is_endless":false,"potions_floor_spawned":[1,5,11,12,13,16,18,29,30,33,35,39],"killed_by":"Nemesis","ascension_level":0}}