{"host":"6s2g4ctvxbrgoc4e","time":1608829491,"event":{"mods":["BaseMod","Minty Spire (QoL Compilation)"],"gold_per_floor":[16,30,48,64,64,64,77,77,77,90,115,7,82,95,95,198,198,216,226,39,39,59,59,158,158,158,189,189,220,230,230,230,330,330,350,400,28,48,60,94,94,120,120,120,135,62,73,73,73],"floor_reached":48,"playtime":2773,"items_purged":["Strike_G"],"score":635,"play_id":"d3b8de41-f311-436d-afe6-09aff29abd04","local_time":"20201224180451","is_ascension_mode":true,"campfire_choices":[{"data":"Crippling Poison","floor":6.0,"key":"SMITH"},{"floor":15.0,"key":"REST"},{"floor":23.0,"key":"REST"},{"floor":25.0,"key":"REST"},{"floor":28.0,"key":"REST"},{"floor":32.0,"key":"REST"},{"data":"Catalyst","floor":41,"key":"SMITH"},{"floor":44,"key":"REST"}],"circlet_count":0,"master_deck":["Defend_G","Defend_G","Defend_G","Defend_G","Survivor","Neutralize","Crippling Poison+1","Finisher","Finisher","Noxious Fumes","Bane","Storm of Steel","Accuracy","Finisher","Crippling Poison","Corpse Explosion","CurseOfTheBell","Bouncing Flask","Noxious Fumes","Choke","Riddle With Holes","Riddle With Holes","Cloak And Dagger","Bullet Time","Venomology","Unload","Accuracy+1","After Image","Catalyst+1","Cloak And Dagger","Bullet Time","Cloak And Dagger","Blur+1","Footwork","Phantasmal Killer"],"relics":["Ring of the Snake","Bottled Tornado","White Beast Statue","Calling Bell","Potion Belt","Kunai","Bird Faced Urn","Regal Pillow","Snake Skull","Incense Burner","SacredBark","Ginger","Mercury Hourglass","Orichalcum","Strawberry","Tingsha"],"acts_visited":["Exordium","TheCity","TheBeyond"],"potions_floor_usage":[36,38,39,40,40,40,42,45,45,47,48],"damage_taken":[{"damage":4.0,"enemies":"Jaw Worm","floor":1.0,"turns":4.0},{"damage":1.0,"enemies":"Cultist","floor":2.0,"turns":4.0},{"damage":1.0,"enemies":"Small Slimes","floor":3.0,"turns":3.0},{"damage":9.0,"enemies":"Gremlin Gang","floor":4.0,"turns":4.0},{"damage":0.0,"enemies":"Blue Slaver","floor":7.0,"turns":4.0},{"damage":3.0,"enemies":"3 Louse","floor":10.0,"turns":2.0},{"damage":18.0,"enemies":"Gremlin Nob","floor":11.0,"turns":4.0},{"damage":0.0,"enemies":"Large Slime","floor":14.0,"turns":4.0},{"damage":37.0,"enemies":"Slime Boss","floor":16.0,"turns":9.0},{"damage":13.0,"enemies":"Spheric Guardian","floor":18.0,"turns":4.0},{"damage":29.0,"enemies":"2 Thieves","floor":19.0,"turns":3.0},{"damage":29.0,"enemies":"Sentry and Sphere","floor":22.0,"turns":5.0},{"damage":27.0,"enemies":"Gremlin Leader","floor":27.0,"turns":6.0},{"damage":39.0,"enemies":"Book of Stabbing","floor":29.0,"turns":5.0},{"damage":13.0,"enemies":"Snecko","floor":30.0,"turns":5.0},{"damage":3.0,"enemies":"Colosseum Slavers","floor":31.0,"turns":3.0},{"damage":52.0,"enemies":"Champ","floor":33.0,"turns":11.0},{"damage":18,"enemies":"3 Shapes","floor":35,"turns":2},{"damage":13,"enemies":"Mind Bloom Boss Battle","floor":36,"turns":7},{"damage":2,"enemies":"Orb Walker","floor":38,"turns":3},{"damage":2,"enemies":"Jaw Worm Horde","floor":39,"turns":4},{"damage":11,"enemies":"Giant Head","floor":40,"turns":6},{"damage":50,"enemies":"Nemesis","floor":42,"turns":5},{"damage":7,"enemies":"Spire Growth","floor":45,"turns":4},{"damage":18,"enemies":"3 Darklings","floor":47,"turns":5},{"damage":64,"enemies":"Reptomancer","floor":48,"turns":3}],"seed_played":"1103469444338230583","potions_obtained":[{"floor":5.0,"key":"PowerPotion"},{"floor":5.0,"key":"DuplicationPotion"},{"floor":5.0,"key":"Energy Potion"},{"floor":10.0,"key":"Poison Potion"},{"floor":11.0,"key":"FearPotion"},{"floor":16.0,"key":"Ancient Potion"},{"floor":18.0,"key":"DuplicationPotion"},{"floor":19.0,"key":"Energy Potion"},{"floor":22.0,"key":"CultistPotion"},{"floor":27.0,"key":"SkillPotion"},{"floor":29.0,"key":"Swift Potion"},{"floor":30.0,"key":"GamblersBrew"},{"floor":33.0,"key":"Poison Potion"},{"floor":35,"key":"GhostInAJar"},{"floor":36,"key":"Poison Potion"},{"floor":38,"key":"LiquidMemories"},{"floor":39,"key":"Dexterity Potion"},{"floor":40,"key":"Energy Potion"},{"floor":42,"key":"Fire Potion"},{"floor":45,"key":"Fruit Juice"},{"floor":47,"key":"Weak Potion"}],"is_trial":false,"path_per_floor":["M","M","M","M","?","R","M","?","T","M","E","$","?","M","R","B",null,"M","M","$","?","M","R","?","R","T","E","R","E","M","?","R","B",null,"M","?","$","M","M","E","R","E","T","R","M","$","M","E"],"character_chosen":"THE_SILENT","items_purchased":["Accuracy","Finisher","Noxious Fumes","Choke","Catalyst","Mercury Hourglass","Cloak And Dagger","Footwork"],"campfire_rested":6,"item_purchase_floors":[12,12,20,20,37,37,37,46],"current_hp_per_floor":[66,65,64,55,55,55,55,55,55,52,34,34,23,23,44,7,70,59,32,32,32,5,26,26,47,47,26,62,27,18,21,57,11,70,52,47,47,53,59,58,58,25,25,63,72,72,56,0,0],"gold":73,"neow_bonus":"REMOVE_TWO","is_daily":false,"chose_seed":false,"campfire_upgraded":2,"win_rate":0.0,"timestamp":1608829491,"path_taken":["M","M","M","M","?","R","?","?","T","?","E","$","?","M","R","BOSS","M","M","$","?","M","R","?","R","T","E","R","E","M","?","R","BOSS","M","?","$","M","M","E","R","E","T","R","M","$","M","E"],"items_purchased_type":["Card","Card","Card","Card","Card","Relic","Card","Card"],"build_version":"2020-12-22","purchased_purges":1,"victory":false,"max_hp_per_floor":[70,70,70,70,70,70,70,70,70,70,70,70,70,70,70,70,70,70,70,70,70,70,70,70,70,70,70,70,70,70,70,70,70,70,70,70,70,70,70,70,70,77,77,77,87,87,87,87,87],"card_choices":[{"not_picked":["Dagger Throw","Deflect"],"picked":"Crippling Poison","floor":1.0},{"not_picked":["Endless Agony","Backflip"],"picked":"Finisher","floor":2.0},{"not_picked":["Acrobatics","Accuracy"],"picked":"Finisher","floor":3.0},{"not_picked":["Sucker Punch","Infinite Blades"],"picked":"Noxious Fumes","floor":4.0},{"not_picked":["Caltrops","Riddle With Holes"],"picked":"Bane","floor":7.0},{"not_picked":["Backflip","Skewer","Terror"],"picked":"SKIP","floor":10.0},{"not_picked":["Leg Sweep","Underhanded Strike"],"picked":"Storm of Steel","floor":11.0},{"not_picked":["Bane","Deflect"],"picked":"Crippling Poison","floor":14.0},{"not_picked":["Night Terror","Glass Knife"],"picked":"Corpse Explosion","floor":16.0},{"not_picked":["Dash","Blade Dance"],"picked":"Bouncing Flask","floor":18.0},{"not_picked":["Finisher","Quick Slash+1","Dagger Spray+1"],"picked":"SKIP","floor":19.0},{"not_picked":["Backflip","Prepared"],"picked":"Cloak And Dagger","floor":22.0},{"not_picked":["Quick Slash+1","Tactician"],"picked":"Bullet Time","floor":27.0},{"not_picked":["Slice","Skewer"],"picked":"Venomology","floor":29.0},{"not_picked":["Deadly Poison","Acrobatics","Reflex+1"],"picked":"SKIP","floor":30.0},{"not_picked":["Malaise","Storm of Steel"],"picked":"Unload","floor":33.0},{"not_picked":["Deflect","Outmaneuver+1"],"picked":"Accuracy+1","floor":35},{"not_picked":["Dagger Throw","Poisoned Stab"],"picked":"After Image","floor":36},{"not_picked":["Underhanded Strike+1","Dagger Throw+1","Sucker Punch"],"picked":"SKIP","floor":38},{"not_picked":["Bane","Underhanded Strike","Wraith Form v2"],"picked":"SKIP","floor":39},{"not_picked":["Bane+1","Prepared+1"],"picked":"Bullet Time","floor":40},{"not_picked":["Outmaneuver+1","Sucker Punch+1"],"picked":"Cloak And Dagger","floor":42},{"not_picked":["Flechettes+1","Sucker Punch"],"picked":"Blur+1","floor":45},{"not_picked":["Cloak And Dagger","Dagger Spray"],"picked":"Phantasmal Killer","floor":47}],"player_experience":42670,"relics_obtained":[{"floor":9.0,"key":"Bottled Tornado"},{"floor":11.0,"key":"White Beast Statue"},{"floor":17.0,"key":"Potion Belt"},{"floor":17.0,"key":"Kunai"},{"floor":17.0,"key":"Bird Faced Urn"},{"floor":26.0,"key":"Regal Pillow"},{"floor":27.0,"key":"Snake Skull"},{"floor":29.0,"key":"Incense Burner"},{"floor":36,"key":"Ginger"},{"floor":40,"key":"Orichalcum"},{"floor":42,"key":"Strawberry"},{"floor":43,"key":"Tingsha"}],"event_choices":[{"damage_healed":0.0,"max_hp_gain":0.0,"max_hp_loss":0.0,"gold_gain":0.0,"event_name":"Lab","player_choice":"Got Potions","floor":5.0,"gold_loss":0.0,"damage_taken":0.0},{"cards_removed":["Strike_G"],"damage_healed":0.0,"max_hp_gain":0.0,"max_hp_loss":0.0,"gold_gain":0.0,"event_name":"Purifier","player_choice":"Purged","floor":8.0,"gold_loss":0.0,"damage_taken":0.0},{"damage_healed":0.0,"max_hp_gain":0.0,"max_hp_loss":0.0,"gold_gain":75.0,"event_name":"World of Goop","player_choice":"Gather Gold","floor":13.0,"gold_loss":0.0,"damage_taken":11.0},{"damage_healed":0.0,"max_hp_gain":0.0,"max_hp_loss":0.0,"gold_gain":0.0,"cards_transformed":["Strike_G","Strike_G"],"event_name":"Drug Dealer","player_choice":"Became Test Subject","floor":21.0,"gold_loss":0.0,"damage_taken":0.0,"cards_obtained":["Riddle With Holes","Riddle With Holes"]},{"damage_healed":0.0,"max_hp_gain":0.0,"max_hp_loss":0.0,"gold_gain":99.0,"event_name":"Nest","player_choice":"Stole From Cult","floor":24.0,"gold_loss":0.0,"damage_taken":0.0},{"damage_healed":0.0,"max_hp_gain":0.0,"max_hp_loss":0.0,"gold_gain":0.0,"event_name":"Colosseum","player_choice":"Fight","floor":31.0,"gold_loss":0.0,"damage_taken":0.0},{"damage_healed":0.0,"max_hp_gain":0.0,"max_hp_loss":0.0,"gold_gain":0.0,"event_name":"Colosseum","player_choice":"Fled From Nobs","floor":31.0,"gold_loss":0.0,"damage_taken":0.0},{"damage_healed":0,"gold_gain":0,"player_choice":"Fight","damage_taken":0,"max_hp_gain":0,"max_hp_loss":0,"event_name":"MindBloom","floor":36,"gold_loss":0}],"is_beta":false,"boss_relics":[{"not_picked":["Velvet Choker","Coffee Dripper"],"picked":"Calling Bell"},{"not_picked":["Cursed Key","Busted Crown"],"picked":"SacredBark"}],"items_purged_floors":[20],"is_endless":false,"potions_floor_spawned":[10,11,14,16,18,19,22,27,29,30,31,33,35,36,38,39,40,42,45,47],"killed_by":"Reptomancer","ascension_level":1}}