{"host":"9b7hrp48q3pna783","time":1608810023,"event":{"mods":["BaseMod","Colored Map","Colored Powertips","Highlight Path","Minty Spire (QoL Compilation)","Relic Stats"],"gold_per_floor":[111,111,111,111,36,36,57,78,78,78,411,159,159,172,172,292,292,315,315,230,230,253,253,128,146,169,202,213,213,225,237,237,237,237],"floor_reached":33,"playtime":2635,"items_purged":["Strike_B","Strike_B","Blizzard"],"score":313,"play_id":"0597dffc-9822-4a71-821a-96c0b2485865","local_time":"20201224064023","is_ascension_mode":false,"campfire_choices":[{"data":"Zap","floor":6,"key":"SMITH"},{"data":"Dualcast","floor":10,"key":"SMITH"},{"data":"Echo Form","floor":13,"key":"SMITH"},{"data":"Impatience","floor":15,"key":"SMITH"},{"data":"Conserve Battery","floor":23,"key":"SMITH"},{"data":"Loop","floor":32,"key":"SMITH"}],"circlet_count":0,"master_deck":["Defend_B+1","Defend_B+1","Defend_B+1","Defend_B+1","Zap+1","Dualcast+1","Impatience+1","Coolheaded","Doom and Gloom","Stack","Echo Form+1","Conserve Battery+1","Streamline","Steam","Machine Learning","Streamline","Loop+1","Steam+1"],"relics":["Cracked Core","Bloody Idol","Tiny Chest","Old Coin","Inserter","Letter Opener","Happy Flower","Smiling Mask","War Paint"],"acts_visited":["Exordium","TheCity"],"potions_floor_usage":[11,12,14,18,18,28,28],"damage_taken":[{"damage":8,"enemies":"2 Louse","floor":1,"turns":3},{"damage":2,"enemies":"Jaw Worm","floor":7,"turns":4},{"damage":5,"enemies":"Small Slimes","floor":8,"turns":4},{"damage":13,"enemies":"Lagavulin","floor":11,"turns":6},{"damage":3,"enemies":"2 Fungi Beasts","floor":14,"turns":3},{"damage":0,"enemies":"Hexaghost","floor":16,"turns":9},{"damage":30,"enemies":"3 Byrds","floor":18,"turns":5},{"damage":0,"enemies":"Shell Parasite","floor":25,"turns":6},{"damage":37,"enemies":"Book of Stabbing","floor":27,"turns":6},{"damage":7,"enemies":"Sentry and Sphere","floor":28,"turns":6},{"damage":0,"enemies":"Centurion and Healer","floor":30,"turns":6},{"damage":8,"enemies":"Snecko","floor":31,"turns":6},{"damage":35,"enemies":"Collector","floor":33,"turns":7}],"seed_played":"-2886963646834060144","potions_obtained":[{"floor":1,"key":"Explosive Potion"},{"floor":8,"key":"SkillPotion"},{"floor":25,"key":"Swift Potion"},{"floor":27,"key":"ColorlessPotion"},{"floor":28,"key":"SpeedPotion"}],"is_trial":false,"path_per_floor":["M","?","?","?","$","R","M","M","T","R","E","$","R","M","R","B",null,"M","?","?","?","T","R","$","M","T","E","M","?","M","M","R","B"],"character_chosen":"DEFECT","items_purchased":["Conserve Battery","EntropicBrew"],"campfire_rested":0,"item_purchase_floors":[12,12],"current_hp_per_floor":[67,49,49,49,49,49,47,42,42,42,29,29,29,26,26,26,75,45,45,45,45,50,50,50,55,60,28,26,26,31,28,28,0,0],"gold":237,"neow_bonus":"RANDOM_COLORLESS","is_daily":false,"chose_seed":false,"campfire_upgraded":6,"win_rate":0.0,"timestamp":1608810023,"path_taken":["M","?","?","?","$","R","M","M","T","R","E","$","R","M","R","BOSS","M","?","?","?","?","R","$","M","T","E","M","?","M","M","R","BOSS"],"items_purchased_type":["Card","Potion"],"build_version":"2020-12-22","purchased_purges":3,"victory":false,"max_hp_per_floor":[75,75,75,75,75,75,75,75,75,75,75,75,75,75,75,75,75,75,75,75,75,75,75,75,75,75,75,75,75,75,75,75,75,75],"relic_stats":{"Inserter":[21],"Happy Flower":[12],"counters":[13,71],"Bloody Idol":35,"Tiny Chest":1,"Letter Opener":[166],"War Paint":["Defend_B","Defend_B"],"Smiling Mask":0,"obtain_stats":[{"Inserter":17,"Happy Flower":22,"Golden Idol":2,"Bloody Idol":21,"Tiny Chest":9,"Letter Opener":20,"War Paint":27,"Cracked Core":0,"Smiling Mask":26,"Old Coin":11},{"Inserter":6,"Happy Flower":7,"Golden Idol":1,"Bloody Idol":7,"Tiny Chest":3,"Letter Opener":7,"War Paint":9,"Cracked Core":0,"Smiling Mask":8,"Old Coin":4},{"Inserter":29,"Happy Flower":34,"Golden Idol":3,"Bloody Idol":34,"Tiny Chest":11,"Letter Opener":34,"War Paint":46,"Cracked Core":0,"Smiling Mask":40,"Old Coin":17}]},"card_choices":[{"not_picked":["Panacea","Jack Of All Trades"],"picked":"Impatience","floor":0},{"not_picked":["BootSequence","Lockon"],"picked":"Coolheaded","floor":1},{"not_picked":["Reprogram","Blizzard"],"picked":"Doom and Gloom","floor":7},{"not_picked":["Rip and Tear","Lockon"],"picked":"Stack","floor":8},{"not_picked":["Conserve Battery","Beam Cell"],"picked":"Echo Form","floor":11},{"not_picked":["Aggregate","Beam Cell"],"picked":"Streamline","floor":14},{"not_picked":["Multi-Cast","Seek"],"picked":"Creative AI","floor":16},{"not_picked":["Sweeping Beam","Leap"],"picked":"Steam","floor":18},{"not_picked":["Hologram","Genetic Algorithm"],"picked":"Streamline","floor":25},{"not_picked":["Conserve Battery","Barrage"],"picked":"Loop","floor":27},{"not_picked":["Rebound+1","Barrage"],"picked":"Steam+1","floor":28},{"not_picked":["Beam Cell","Streamline","Compile Driver+1"],"picked":"SKIP","floor":30},{"not_picked":["Rebound","Aggregate","Reinforced Body"],"picked":"SKIP","floor":31}],"player_experience":35077,"relics_obtained":[{"floor":9,"key":"Tiny Chest"},{"floor":11,"key":"Old Coin"},{"floor":22,"key":"Happy Flower"},{"floor":26,"key":"Smiling Mask"},{"floor":27,"key":"War Paint"}],"event_choices":[{"damage_healed":0,"gold_gain":0,"player_choice":"Take Damage","damage_taken":18,"relics_obtained":["Golden Idol"],"max_hp_gain":0,"max_hp_loss":0,"event_name":"Golden Idol","floor":2,"gold_loss":0},{"cards_removed":["Strike_B"],"damage_healed":0,"gold_gain":0,"player_choice":"Forget","damage_taken":0,"max_hp_gain":0,"max_hp_loss":0,"event_name":"Living Wall","floor":3,"gold_loss":0},{"damage_healed":0,"gold_gain":0,"player_choice":"Ignored","damage_taken":0,"max_hp_gain":0,"max_hp_loss":0,"event_name":"Liars Game","floor":4,"gold_loss":0},{"damage_healed":0,"gold_gain":0,"cards_transformed":["Strike_B","Creative AI"],"player_choice":"Became Test Subject","damage_taken":0,"max_hp_gain":0,"max_hp_loss":0,"event_name":"Drug Dealer","floor":19,"gold_loss":0,"cards_obtained":["Blizzard","Machine Learning"]},{"damage_healed":0,"gold_gain":0,"player_choice":"Obtained Relic","damage_taken":0,"relics_obtained":["Letter Opener"],"max_hp_gain":0,"max_hp_loss":0,"event_name":"Addict","floor":20,"gold_loss":85},{"damage_healed":0,"gold_gain":0,"player_choice":"Gave Idol","damage_taken":0,"relics_obtained":["Bloody Idol"],"max_hp_gain":0,"max_hp_loss":0,"event_name":"Forgotten Altar","floor":21,"relics_lost":["Golden Idol"],"gold_loss":0},{"damage_healed":0,"gold_gain":0,"player_choice":"Simplicity","damage_taken":0,"max_hp_gain":0,"max_hp_loss":0,"event_name":"Back to Basics","floor":29,"gold_loss":0,"cards_upgraded":["Defend_B","Defend_B"]}],"is_beta":false,"boss_relics":[{"not_picked":["Calling Bell","Fusion Hammer"],"picked":"Inserter"}],"items_purged_floors":[5,12,24],"is_endless":false,"potions_floor_spawned":[1,8,25,27,28],"killed_by":"Collector","ascension_level":0}}