{"host":"wkq136ike0ligh15","time":1608847332,"event":{"mods":["Bard","BaseMod","Clockwork Mod","Minty Spire (QoL Compilation)","StSLib"],"gold_per_floor":[112,123,123,73,2,13,33,33,57,76,91,138,138,138,138,237,237,248,248,158,171,171,171],"floor_reached":22,"playtime":1151,"items_purged":[],"score":176,"play_id":"72b15339-f21b-4e4f-ae24-059eac9e90fb","local_time":"20201224170212","is_ascension_mode":false,"campfire_choices":[{"floor":13,"key":"REST"},{"data":"Clockwork:ZeroPointEnergy","floor":15,"key":"SMITH"}],"circlet_count":0,"master_deck":["Clockwork:Strike+1","Clockwork:Strike+1","Clockwork:Strike","Clockwork:Strike+1","Clockwork:Shield","Clockwork:Shield","Clockwork:Shield","Clockwork:Shield","Clockwork:Tinker","Clockwork:WarmUp","Clockwork:ZeroPointEnergy+1","Clockwork:SpringShield","Clockwork:RevUp","Clockwork:CogBarrier","Clockwork:HeadStart","Clockwork:Roundhouse","Clockwork:ReactiveNanites","Clockwork:ForgeStrike","Clockwork:MechanicalMass+1","Clockwork:MechanicalBulk"],"relics":["Clockwork:MomentumEngine","Tiny Chest","MealTicket","Strawberry","Clockwork:BootleggersToolkit","Clockwork:SomewhatSmoothStone","Clockwork:CopperScales"],"acts_visited":["Exordium","TheCity"],"potions_floor_usage":[6,11,18,22],"damage_taken":[{"damage":0,"enemies":"Jaw Worm","floor":1,"turns":6},{"damage":3,"enemies":"2 Louse","floor":2,"turns":6},{"damage":25,"enemies":"Cultist","floor":6,"turns":7},{"damage":49,"enemies":"Exordium Thugs","floor":7,"turns":10},{"damage":1,"enemies":"Blue Slaver","floor":10,"turns":7},{"damage":0,"enemies":"2 Fungi Beasts","floor":11,"turns":6},{"damage":32,"enemies":"Slime Boss","floor":16,"turns":19},{"damage":25,"enemies":"Spheric Guardian","floor":18,"turns":15},{"damage":31,"enemies":"2 Thieves","floor":20,"turns":5},{"damage":34,"enemies":"Snecko","floor":21,"turns":9},{"damage":4,"enemies":"3 Cultists","floor":22,"turns":2}],"seed_played":"2797889835128050151","potions_obtained":[{"floor":1,"key":"Strength Potion"},{"floor":10,"key":"Dexterity Potion"},{"floor":16,"key":"SpeedPotion"},{"floor":21,"key":"EssenceOfSteel"}],"is_trial":false,"path_per_floor":["M","M","?","?","$","M","M","$","T","M","M","T","R","?","R","B",null,"M","?","M","M","M"],"character_chosen":"CLOCKWORK","items_purchased":["Clockwork:RevUp"],"campfire_rested":1,"item_purchase_floors":[5],"current_hp_per_floor":[85,82,82,82,82,57,8,8,8,7,7,14,41,92,92,60,92,67,67,36,2,0,0],"gold":171,"neow_bonus":"ONE_RANDOM_RARE_CARD","is_daily":false,"chose_seed":false,"campfire_upgraded":1,"win_rate":0.0,"timestamp":1608847332,"path_taken":["M","M","?","?","?","?","M","$","T","M","M","?","R","?","R","BOSS","M","?","M","M","M"],"items_purchased_type":["Card"],"build_version":"2020-12-22","purchased_purges":0,"victory":false,"max_hp_per_floor":[85,85,85,85,85,85,85,85,85,85,85,92,92,92,92,92,92,92,92,92,92,92,92],"card_choices":[{"not_picked":["Clockwork:MechanicalMass","Clockwork:Improve"],"picked":"Clockwork:SpringShield","floor":1},{"not_picked":["Clockwork:Pluck","Clockwork:ReserveSystems"],"picked":"Clockwork:SmithsMallet","floor":2},{"not_picked":["Clockwork:SpringShield","Clockwork:SnapKeep"],"picked":"Clockwork:CogBarrier","floor":6},{"not_picked":["Clockwork:CogBarrier","Clockwork:CogShield"],"picked":"Clockwork:HeadStart","floor":7},{"not_picked":["Clockwork:LogisticRegression","Clockwork:ForgeStrike"],"picked":"Clockwork:Roundhouse","floor":10},{"not_picked":["Clockwork:Friction","Clockwork:SystemScan"],"picked":"Clockwork:HoardingStrike","floor":11},{"not_picked":["Clockwork:KaliMa","Clockwork:Inspiration"],"picked":"Clockwork:ReactiveNanites","floor":16},{"not_picked":["Clockwork:AdaptiveShield","Clockwork:ChargingShield"],"picked":"Clockwork:ForgeStrike","floor":18},{"not_picked":["Clockwork:SystemScan","Clockwork:ChargingShield"],"picked":"Clockwork:MechanicalMass+1","floor":20},{"not_picked":["Clockwork:SystemScan+1","Clockwork:SystemHardening+1"],"picked":"Clockwork:MechanicalBulk","floor":21}],"player_experience":229126,"relics_obtained":[{"floor":9,"key":"MealTicket"},{"floor":12,"key":"Strawberry"}],"event_choices":[{"damage_healed":0,"gold_gain":0,"player_choice":"Box","damage_taken":0,"relics_obtained":["Tiny Chest"],"max_hp_gain":0,"max_hp_loss":0,"event_name":"Big Fish","floor":3,"gold_loss":0,"cards_obtained":["Regret"]},{"cards_removed":["Regret"],"damage_healed":0,"gold_gain":0,"player_choice":"Card Removal","damage_taken":0,"max_hp_gain":0,"max_hp_loss":0,"event_name":"The Cleric","floor":4,"gold_loss":50},{"cards_removed":["Clockwork:HoardingStrike"],"damage_healed":51,"gold_gain":0,"player_choice":"Offered Uncommon","damage_taken":0,"max_hp_gain":0,"max_hp_loss":0,"event_name":"Bonfire Elementals","floor":14,"gold_loss":0},{"damage_healed":0,"gold_gain":0,"player_choice":"Ignored","damage_taken":0,"max_hp_gain":0,"max_hp_loss":0,"event_name":"Ghosts","floor":19,"gold_loss":0}],"is_beta":false,"boss_relics":[{"not_picked":["Busted Crown","Ectoplasm"],"picked":"Clockwork:BootleggersToolkit"}],"items_purged_floors":[],"is_endless":false,"potions_floor_spawned":[1,10,16,21],"killed_by":"3 Cultists","ascension_level":0}}