{"host":"7l2t4psy44vpcd9q","time":1608812863,"event":{"mods":["AchievementEnabler","BaseMod","DeckTracker","Minty Spire (QoL Compilation)","SuperFastMode"],"gold_per_floor":[113,127,49,68,82,117,117,147,147,147,175,175,207,235,235,318,318,342,342,342,370,387,387,33,33,33,49,49,62,91,119,119,119,119],"floor_reached":33,"playtime":1562,"items_purged":["Armaments+1"],"score":592,"play_id":"f8f8010d-7460-42fa-9bb1-0d8a3feef887","local_time":"20201224212743","is_ascension_mode":true,"campfire_choices":[{"floor":7,"key":"REST"},{"floor":10,"key":"REST"},{"data":"Armaments","floor":15,"key":"SMITH"},{"floor":23,"key":"REST"},{"data":"Apotheosis","floor":25,"key":"SMITH"},{"data":"Offering","floor":28,"key":"SMITH"},{"floor":32,"key":"REST"}],"circlet_count":0,"master_deck":["AscendersBane","Strike_R","Strike_R","Strike_R","Strike_R","Defend_R","Defend_R","Defend_R","Defend_R","Bash","Impatience","Thunderclap","Double Tap","Anger","Wild Strike","Feed","Flex","Feed","Pommel Strike","Offering+1","Pommel Strike","Uppercut","Apotheosis+1","Battle Trance","Shrug It Off","Bloodletting"],"relics":["Burning Blood","StrikeDummy","Blood Vial","CeramicFish","Question Card","Runic Pyramid","HornCleat","Gremlin Horn"],"acts_visited":["Exordium","TheCity"],"potions_floor_usage":[6,6,14,16,18,30],"damage_taken":[{"damage":12,"enemies":"Cultist","floor":1,"turns":4},{"damage":5,"enemies":"Small Slimes","floor":2,"turns":4},{"damage":3,"enemies":"2 Louse","floor":4,"turns":3},{"damage":30,"enemies":"Exordium Wildlife","floor":5,"turns":6},{"damage":26,"enemies":"Lagavulin","floor":6,"turns":5},{"damage":22,"enemies":"3 Sentries","floor":8,"turns":7},{"damage":6,"enemies":"Lots of Slimes","floor":11,"turns":3},{"damage":35,"enemies":"Lagavulin","floor":13,"turns":6},{"damage":17,"enemies":"Exordium Thugs","floor":14,"turns":4},{"damage":26,"enemies":"Slime Boss","floor":16,"turns":6},{"damage":26,"enemies":"Shell Parasite","floor":18,"turns":4},{"damage":27,"enemies":"3 Byrds","floor":21,"turns":6},{"damage":0,"enemies":"Centurion and Healer","floor":22,"turns":4},{"damage":9,"enemies":"Chosen and Byrds","floor":27,"turns":5},{"damage":43,"enemies":"Cultist and Chosen","floor":29,"turns":6},{"damage":42,"enemies":"Snake Plant","floor":30,"turns":4},{"damage":21,"enemies":"3 Cultists","floor":31,"turns":5},{"damage":62,"enemies":"Champ","floor":33,"turns":7}],"seed_played":"5619502634108488109","potions_obtained":[{"floor":1,"key":"Dexterity Potion"},{"floor":4,"key":"Ancient Potion"},{"floor":6,"key":"Ancient Potion"},{"floor":11,"key":"BloodPotion"},{"floor":16,"key":"Weak Potion"},{"floor":27,"key":"Explosive Potion"},{"floor":29,"key":"GamblersBrew"},{"floor":31,"key":"Ancient Potion"}],"is_trial":false,"path_per_floor":["M","M","$","M","M","E","R","E","T","R","M","?","E","M","R","B",null,"M","?","T","M","M","R","$","R","T","M","R","M","M","M","R","B"],"character_chosen":"IRONCLAD","items_purchased":["Double Tap","Apotheosis","Battle Trance"],"campfire_rested":4,"item_purchase_floors":[3,24,24],"current_hp_per_floor":[62,63,63,66,42,22,44,31,31,54,59,52,25,35,35,21,71,56,56,56,44,58,89,89,89,89,95,95,63,33,23,59,0,0],"gold":119,"neow_bonus":"RANDOM_COLORLESS","is_daily":false,"chose_seed":false,"campfire_upgraded":3,"win_rate":0.0,"timestamp":1608812863,"path_taken":["M","M","?","M","M","E","R","E","T","R","M","?","E","M","R","BOSS","M","?","?","M","?","R","$","R","T","M","R","M","M","M","R","BOSS"],"items_purchased_type":["Card","Card","Card"],"build_version":"2020-12-22","purchased_purges":1,"victory":false,"max_hp_per_floor":[75,75,75,75,75,75,75,78,78,78,81,81,81,84,84,88,88,91,91,91,98,104,104,104,104,104,111,111,114,118,121,121,121,121],"card_choices":[{"not_picked":["Purity","Mind Blast"],"picked":"Impatience","floor":0},{"not_picked":["Havoc","Clash"],"picked":"Armaments","floor":1},{"not_picked":["Heavy Blade","Intimidate"],"picked":"Thunderclap","floor":2},{"not_picked":["Warcry","Perfected Strike"],"picked":"Anger","floor":4},{"not_picked":["Sever Soul","True Grit"],"picked":"Wild Strike","floor":5},{"not_picked":["Iron Wave","Headbutt"],"picked":"Feed","floor":6},{"not_picked":["Heavy Blade","Warcry"],"picked":"Flex","floor":8},{"not_picked":["Sword Boomerang","Headbutt"],"picked":"Feed","floor":11},{"not_picked":["Clothesline","Anger","Barricade"],"picked":"SKIP","floor":13},{"not_picked":["Flex","Wild Strike","True Grit"],"picked":"Pommel Strike","floor":14},{"not_picked":["Reaper","Demon Form","Double Tap"],"picked":"Offering","floor":16},{"not_picked":["Body Slam","Flex","Wild Strike"],"picked":"Pommel Strike","floor":18},{"not_picked":["Anger","Clash+1","Dropkick"],"picked":"Uppercut","floor":21},{"not_picked":["Shrug It Off","Power Through","Iron Wave+1","Armaments"],"picked":"SKIP","floor":22},{"not_picked":["Reckless Charge+1","Shrug It Off","Combust","Thunderclap"],"picked":"SKIP","floor":27},{"not_picked":["Feel No Pain+1","Power Through","Heavy Blade","Searing Blow"],"picked":"SKIP","floor":29},{"not_picked":["Combust+1","Feel No Pain","Iron Wave"],"picked":"Shrug It Off","floor":30},{"not_picked":["Thunderclap","Body Slam","Demon Form"],"picked":"Bloodletting","floor":31}],"player_experience":1134379,"relics_obtained":[{"floor":6,"key":"StrikeDummy"},{"floor":8,"key":"Blood Vial"},{"floor":9,"key":"CeramicFish"},{"floor":13,"key":"Question Card"},{"floor":20,"key":"HornCleat"},{"floor":26,"key":"Gremlin Horn"}],"event_choices":[{"cards_removed":["Strike_R"],"damage_healed":0,"gold_gain":0,"player_choice":"Card Removal","damage_taken":7,"max_hp_gain":0,"max_hp_loss":0,"event_name":"Golden Wing","floor":12,"gold_loss":0},{"damage_healed":0,"gold_gain":0,"player_choice":"Ignored","damage_taken":0,"max_hp_gain":0,"max_hp_loss":0,"event_name":"The Mausoleum","floor":19,"gold_loss":0}],"is_beta":false,"boss_relics":[{"not_picked":["Ectoplasm","Snecko Eye"],"picked":"Runic Pyramid"}],"items_purged_floors":[24],"is_endless":false,"potions_floor_spawned":[1,4,6,11,13,16,27,29,31],"killed_by":"Champ","ascension_level":20}}