{"host":"b0ld7eylq5gzg1l4","time":1608789016,"event":{"mods":["2.2 Compatiblity","BaseMod","Downfall","Hermit","Key Reminder","Minty Spire (QoL Compilation)","Permanent Neow","Shade Mod","StSLib","The Accelerator","The Clintock","The Construct","The Cursed","The Disciple","The Runesmith"],"gold_per_floor":[115,125,139,19,30,59,59,93,93,20,45,320,338,412,412,508,508,521,8,18,18,18,49,49,49],"floor_reached":24,"playtime":1251,"items_purged":["Shade:Defend_Shade","Regret"],"score":272,"play_id":"7f3869e1-6d8b-417e-8f0b-84221eaec00b","local_time":"20201224005016","is_ascension_mode":true,"campfire_choices":[{"data":"Shade:AnimateDead","floor":15,"key":"SMITH"}],"circlet_count":0,"master_deck":["Shade:Strike_Shade","Shade:Strike_Shade","Shade:Strike_Shade+1","Shade:Strike_Shade","Shade:Defend_Shade+1","Shade:Defend_Shade","Shade:AnimateDead+1","Shade:CarefulCut","Shade:SpectralStrikes","Shade:GoDigging","Shade:Bonestorm","Shade:GraveStillness","Shade:CallOfTheGrave+1","Shade:CommandSoldier","Shade:Coordination","Shade:GoDigging+1","Shade:OpenGraves","Shade:LichForm","Shade:AuraOfUnlife","Shade:MadHubris","Shade:AblativeArmor","Shade:WallOfFlesh+1"],"relics":["Shade:YorickPolishedSkull","construct:RocketBooster","Toy Ornithopter","keyreminder:keyreminder","Strawberry","Kunai","Singing Bowl","Centennial Puzzle","Ginger"],"acts_visited":["Exordium","TheCity"],"potions_floor_usage":[11,16,23,23],"damage_taken":[{"damage":0.0,"enemies":"Small Slimes","floor":1.0,"turns":4.0},{"damage":0.0,"enemies":"Cultist","floor":2.0,"turns":3.0},{"damage":0.0,"enemies":"Jaw Worm","floor":3.0,"turns":5.0},{"damage":0.0,"enemies":"Lots of Slimes","floor":5.0,"turns":1.0},{"damage":0.0,"enemies":"Gremlin Nob","floor":6.0,"turns":4.0},{"damage":2,"enemies":"Lagavulin","floor":8,"turns":7},{"damage":5,"enemies":"Gremlin Nob","floor":11,"turns":3},{"damage":11,"enemies":"3 Louse","floor":13,"turns":3},{"damage":13,"enemies":"Hexaghost","floor":16,"turns":9},{"damage":30,"enemies":"2 Thieves","floor":18,"turns":5},{"damage":2,"enemies":"Shell Parasite","floor":20,"turns":8},{"damage":51,"enemies":"Book of Stabbing","floor":23,"turns":5},{"damage":8,"enemies":"Sentry and Sphere","floor":24,"turns":3}],"seed_played":"2728258293013846406","potions_obtained":[{"floor":1.0,"key":"PowerPotion"},{"floor":2.0,"key":"SteroidPotion"},{"floor":5.0,"key":"Strength Potion"},{"floor":6.0,"key":"DistilledChaos"},{"floor":13,"key":"AttackPotion"}],"is_trial":false,"path_per_floor":["M","M","M","$","M","E","?","E","T","$","E","?","M","T","R","B",null,"M","$","M","?","$","E","M"],"character_chosen":"SHADE","items_purchased":["Shade:GraveStillness","Shade:GoDigging","Centennial Puzzle","Shade:MadHubris","PowerPotion","Block Potion"],"campfire_rested":0,"item_purchase_floors":[4,10,19,19,19,19],"current_hp_per_floor":[47,47,47,47,47,47,40,45,45,45,45,45,34,34,34,26,72,42,42,42,42,42,1,0,0],"gold":49,"neow_bonus":"ONE_RARE_RELIC","is_daily":false,"chose_seed":false,"campfire_upgraded":1,"win_rate":0.0,"timestamp":1608789016,"path_taken":["M","M","M","$","M","E","?","E","T","$","E","?","?","?","R","BOSS","M","?","M","?","$","E","M"],"items_purchased_type":["Card","Card","Relic","Card","Potion","Potion"],"build_version":"2020-12-22","purchased_purges":2,"victory":false,"max_hp_per_floor":[65,65,65,65,65,65,65,72,72,72,72,72,72,72,72,72,72,72,72,74,74,74,74,74,74],"card_choices":[{"not_picked":["Shade:FreshBones","Shade:Haruspicy"],"picked":"Shade:SpectralStrikes","floor":1.0},{"not_picked":["Shade:SanguineRitual","Shade:FingerOfDeath"],"picked":"Shade:GoDigging","floor":2.0},{"not_picked":["Shade:Brains","Shade:BoneShards"],"picked":"Shade:Bonestorm","floor":3.0},{"not_picked":["Shade:WallOfFlesh","Shade:Trample"],"picked":"Shade:CallOfTheGrave","floor":5.0},{"not_picked":["Shade:FuneraryArmor","Shade:Premonition"],"picked":"Shade:CommandSoldier","floor":6.0},{"not_picked":["Shade:Trample","Shade:FreshBones"],"picked":"Shade:Coordination","floor":8},{"not_picked":["Shade:BoneShards","Shade:SanguineRitual"],"picked":"Shade:OpenGraves","floor":11},{"not_picked":["Shade:FingerOfDeath","Shade:Frenzy","Shade:Asphyxiate"],"picked":"SKIP","floor":13},{"not_picked":["Shade:LastGasp","Shade:OfferingToTheBeyond"],"picked":"Shade:LichForm","floor":16},{"not_picked":["Shade:WallOfFlesh","Shade:ClawBack"],"picked":"Shade:AuraOfUnlife","floor":18},{"not_picked":["Shade:Trample","Shade:WallOfFlesh","Shade:Premonition"],"picked":"Singing Bowl","floor":20},{"not_picked":["Shade:CallWraith+1","Shade:CloudOfShrapnel"],"picked":"Shade:WallOfFlesh+1","floor":23}],"player_experience":740354,"relics_obtained":[{"floor":6.0,"key":"Toy Ornithopter"},{"floor":8,"key":"Strawberry"},{"floor":11,"key":"Kunai"},{"floor":14,"key":"Singing Bowl"},{"floor":23,"key":"Ginger"}],"event_choices":[{"cards_removed":["Shade:Defend_Shade"],"damage_healed":0,"gold_gain":0,"player_choice":"Card Removal","damage_taken":7,"max_hp_gain":0,"max_hp_loss":0,"event_name":"Golden Wing","floor":7,"gold_loss":0},{"damage_healed":0,"gold_gain":275,"player_choice":"Desecrate","damage_taken":0,"max_hp_gain":0,"max_hp_loss":0,"event_name":"Golden Shrine","floor":12,"gold_loss":0,"cards_obtained":["Regret"]},{"damage_healed":0,"gold_gain":0,"player_choice":"Read","damage_taken":0,"max_hp_gain":0,"max_hp_loss":0,"event_name":"The Library","floor":21,"gold_loss":0,"cards_obtained":["Shade:AblativeArmor"]}],"is_beta":false,"boss_relics":[{"not_picked":["Philosopher\u0027s Stone","Snecko Eye"],"picked":"Shade:YorickPolishedSkull"}],"items_purged_floors":[4,19],"is_endless":false,"potions_floor_spawned":[1,2,5,6,13],"killed_by":"Sentry and Sphere","ascension_level":1}}