{"host":"1a32ffxog1zcqoh0","time":1608832311,"event":{"mods":["BaseMod","Block Reminder","Colored Map","Colored Powertips","Googly Eyes","Minty Spire (QoL Compilation)","Quick Restart","Rare Cards Sparkle","Relic Stats","StSLib","Unceasing Turn Reminder","everything is the same but u backflip on backflip","slay the spire mod where everything is the same but ironclad has a cowboy hat"],"gold_per_floor":[112,62,73,86,86,115,115],"floor_reached":6,"playtime":212,"items_purged":[],"score":58,"play_id":"c821fd4d-2de7-41c5-b569-509a9759c75d","local_time":"20201224125151","is_ascension_mode":true,"campfire_choices":[],"circlet_count":0,"master_deck":["Strike_G","Strike_G","Strike_G","Strike_G","Strike_G","Defend_G","Defend_G","Defend_G","Defend_G","Survivor","Neutralize","Backflip","Dagger Spray","Flying Knee","Regret"],"relics":["Ring of the Snake","NeowsBlessing","Darkstone Periapt","Bronze Scales"],"acts_visited":["Exordium"],"potions_floor_usage":[],"damage_taken":[{"damage":0,"enemies":"Small Slimes","floor":1,"turns":1},{"damage":0,"enemies":"2 Louse","floor":3,"turns":1},{"damage":0,"enemies":"Jaw Worm","floor":4,"turns":1},{"damage":41,"enemies":"3 Sentries","floor":6,"turns":10}],"seed_played":"-7337910452919432516","potions_obtained":[{"floor":1,"key":"ColorlessPotion"},{"floor":6,"key":"Block Potion"}],"is_trial":false,"path_per_floor":["M","?","M","M","?","E"],"character_chosen":"THE_SILENT","items_purchased":[],"campfire_rested":0,"item_purchase_floors":[],"current_hp_per_floor":[70,70,70,70,76,35,35],"gold":115,"neow_bonus":"THREE_ENEMY_KILL","is_daily":false,"chose_seed":false,"campfire_upgraded":0,"win_rate":0.0,"timestamp":1608832311,"path_taken":["M","?","M","M","?","E"],"items_purchased_type":[],"build_version":"2020-12-22","purchased_purges":0,"victory":false,"max_hp_per_floor":[70,70,70,70,76,76,76],"relic_stats":{"Darkstone Periapt":6,"counters":[4,13],"Bronze Scales":[0],"obtain_stats":[{"Darkstone Periapt":5,"NeowsBlessing":0,"Bronze Scales":6,"Ring of the Snake":0},{"Darkstone Periapt":3,"NeowsBlessing":0,"Bronze Scales":4,"Ring of the Snake":0},{"Darkstone Periapt":3,"NeowsBlessing":0,"Bronze Scales":13,"Ring of the Snake":0}],"Ring of the Snake":[8]},"card_choices":[{"not_picked":["Calculated Gamble","Well Laid Plans"],"picked":"Backflip","floor":1},{"not_picked":["Acrobatics","Flechettes"],"picked":"Dagger Spray","floor":3},{"not_picked":["Finisher","Predator"],"picked":"Flying Knee","floor":4}],"player_experience":264437,"relics_obtained":[{"floor":6,"key":"Bronze Scales"}],"event_choices":[{"cards_removed":["Defend_G"],"damage_healed":0,"gold_gain":0,"player_choice":"Card Removal","damage_taken":0,"max_hp_gain":0,"max_hp_loss":0,"event_name":"The Cleric","floor":2,"gold_loss":50},{"damage_healed":0,"gold_gain":0,"player_choice":"Box","damage_taken":0,"relics_obtained":["Darkstone Periapt"],"max_hp_gain":0,"max_hp_loss":0,"event_name":"Big Fish","floor":5,"gold_loss":0,"cards_obtained":["Regret"]}],"is_beta":false,"boss_relics":[],"items_purged_floors":[],"is_endless":false,"potions_floor_spawned":[1,6],"killed_by":"3 Sentries","ascension_level":5}}