{"host":"l2dnabsh5e0fsksb","time":1608799777,"event":{"mods":["2.2 Compatiblity","BaseMod","Downfall","Minty Spire (QoL Compilation)","Quick Restart","StSLib"],"gold_per_floor":[99,549,549,549,566,592,592,603,453,465,485,485,504,504,521,623,623,623,642,717,727,727,760,760,860,895,914,364,393,7,33,48,48,48,48],"floor_reached":33,"playtime":3223,"items_purged":["Slimebound:Icky","Slimebound:Icky"],"score":435,"play_id":"af56c107-9bca-4b49-87e6-2eb38195c6a9","local_time":"20201224191937","is_ascension_mode":true,"campfire_choices":[{"floor":1.0,"key":"RECALL"},{"data":"hexamod:RainOfEmbers","floor":9.0,"key":"SMITH"},{"data":"hexamod:SpectersWail","floor":12.0,"key":"SMITH"},{"data":"hexamod:EmpoweringStance","floor":18.0,"key":"SMITH"}],"circlet_count":0,"master_deck":["hexamod:Strike","hexamod:Strike","hexamod:Strike","hexamod:Strike","hexamod:Defend","hexamod:Defend","hexamod:Defend","hexamod:Defend","hexamod:Sear","hexamod:Float","Slimebound:Icky","hexamod:RainOfEmbers+1","hexamod:NightmareGuise","hexamod:AdvancingGuard","hexamod:GhostflameBarrier","hexamod:SpectersWail+1","hexamod:Firestarter","hexamod:Hexaguard","hexamod:EmpoweringStance+1","hexamod:RadiantFlame","hexamod:ShieldOfDarkness","RitualDagger+1","hexamod:GhostShield+1","hexamod:GhostOfSpireFuture","hexamod:BurningTouch+1","hexamod:EmpoweringStance+1","hexamod:InspiringFlames+1","hexamod:Rewind+1","hexamod:GhostOfSpirePresent","hexamod:AdvancingGuard+1"],"relics":["hexamod:SpiritBrand","Ancient Tea Set","Bag of Preparation","downfall:HeartBlessingRed","downfall:HeartBlessingBlue","hexamod:Sixitude","Busted Crown","Thread and Needle","Toxic Egg 2","downfall:GremlinWheel","Ornamental Fan","Vajra","DollysMirror","Bag of Marbles","Singing Bowl","Du-Vu Doll"],"acts_visited":["Exordium","TheCity"],"potions_floor_usage":[33,33],"damage_taken":[{"damage":2.0,"enemies":"Jaw Worm","floor":5.0,"turns":4.0},{"damage":30.0,"enemies":"Lagavulin","floor":6.0,"turns":6.0},{"damage":0.0,"enemies":"Small Slimes","floor":8.0,"turns":3.0},{"damage":0.0,"enemies":"2 Louse","floor":10.0,"turns":2.0},{"damage":25.0,"enemies":"Gremlin Gang","floor":11.0,"turns":5.0},{"damage":2.0,"enemies":"Exordium Wildlife","floor":13.0,"turns":3.0},{"damage":6.0,"enemies":"Gremlin Gang","floor":15.0,"turns":3.0},{"damage":6.0,"enemies":"downfall:Watcher","floor":16.0,"turns":6.0},{"damage":0.0,"enemies":"Shell Parasite","floor":19.0,"turns":3.0},{"damage":27.0,"enemies":"3 Byrds","floor":21.0,"turns":4.0},{"damage":19.0,"enemies":"Book of Stabbing","floor":23.0,"turns":6.0},{"damage":0.0,"enemies":"Book of Stabbing","floor":25.0,"turns":4.0},{"damage":12.0,"enemies":"Slavers","floor":26.0,"turns":6.0},{"damage":4.0,"enemies":"3 Cultists","floor":27.0,"turns":7.0},{"damage":0.0,"enemies":"downfall:FleeingMerchant","floor":28.0,"turns":4.0},{"damage":4.0,"enemies":"Gremlin Leader","floor":29.0,"turns":6.0},{"damage":0.0,"enemies":"downfall:FleeingMerchant","floor":30.0,"turns":4.0},{"damage":0.0,"enemies":"Slavers","floor":31.0,"turns":6.0},{"damage":4.0,"enemies":"Centurion and Healer","floor":32.0,"turns":9.0},{"damage":34,"enemies":"downfall:Silent","floor":33,"turns":8}],"seed_played":"3278206434946996645","potions_obtained":[{"floor":5.0,"key":"Strength Potion"},{"floor":8.0,"key":"BlessingOfTheForge"},{"floor":11.0,"key":"hexamod:DoubleChargePotion"},{"floor":13.0,"key":"FairyPotion"},{"floor":15.0,"key":"EntropicBrew"},{"floor":20.0,"key":"downfall:CursedFountainPotion"},{"floor":21.0,"key":"Regen Potion"},{"floor":22.0,"key":"CultistPotion"},{"floor":26.0,"key":"AttackPotion"},{"floor":31.0,"key":"Fire Potion"}],"is_trial":false,"path_per_floor":["R","?","?","?","M","E","T","M","R","M","M","R","M","?","M","B",null,"R","M","?","M","?","E","T","?","E","M","$","E","$","E","M","B"],"character_chosen":"THE_SPIRIT","items_purchased":["Fruit Juice","Vajra","DollysMirror","hexamod:InspiringFlames+1","Singing Bowl","hexamod:AdvancingGuard+1"],"campfire_rested":0,"item_purchase_floors":[28,28,28,28,30,30],"current_hp_per_floor":[70,70,70,70,68,38,38,38,48,48,23,23,21,9,3,24,80,80,80,80,53,53,49,49,49,37,33,33,29,34,36,34,0,0,0],"gold":48,"neow_bonus":"RANDOM_COMMON_RELIC","is_daily":false,"chose_seed":false,"campfire_upgraded":3,"win_rate":0.0,"timestamp":1608799777,"path_taken":["R","?","?","?","M","E","T","M","R","M","M","R","?","?","M","BOSS","R","M","?","?","?","E","T","?","E","?","$","E","$","E","M","BOSS"],"items_purchased_type":["Potion","Relic","Relic","Card","Relic","Card"],"build_version":"2020-12-22","purchased_purges":2,"victory":false,"max_hp_per_floor":[70,70,70,70,70,70,70,70,80,80,80,80,80,80,80,80,80,80,80,80,80,80,80,80,80,80,80,80,80,85,87,89,89,89,89],"card_choices":[{"not_picked":["hexamod:HeatShield","hexamod:GhostOfSpirePresent"],"picked":"hexamod:RainOfEmbers","floor":5.0},{"not_picked":["hexamod:ChargedBarrage","hexamod:ParanormalForm"],"picked":"hexamod:NightmareGuise","floor":6.0},{"not_picked":["hexamod:SpectralAdrenaline","hexamod:NightmareStrike"],"picked":"hexamod:AdvancingGuard","floor":8.0},{"not_picked":["hexamod:GhostLash","hexamod:NightmareGuise"],"picked":"hexamod:GhostflameBarrier","floor":10.0},{"not_picked":["hexamod:ShieldOfDarkness","hexamod:PhantomFireball"],"picked":"hexamod:SpectersWail","floor":11.0},{"not_picked":["hexamod:NightmareGuise","hexamod:BacktrackSmack"],"picked":"hexamod:Firestarter","floor":13.0},{"not_picked":["hexamod:FourthSeal","hexamod:InspiringFlames"],"picked":"hexamod:Hexaguard","floor":15.0},{"not_picked":["hexamod:GiftsFromTheDead","hexamod:TurnItUp"],"picked":"hexamod:EmpoweringStance","floor":16.0},{"not_picked":[],"picked":"hexamod:RadiantFlame","floor":19.0},{"not_picked":[],"picked":"hexamod:ShieldOfDarkness","floor":21.0},{"not_picked":[],"picked":"hexamod:GhostShield+1","floor":23.0},{"not_picked":[],"picked":"hexamod:GhostOfSpireFuture","floor":26.0},{"not_picked":[],"picked":"hexamod:BurningTouch+1","floor":27.0},{"not_picked":["hexamod:StepThrough"],"picked":"SKIP","floor":28.0},{"not_picked":[],"picked":"hexamod:Rewind+1","floor":29.0},{"not_picked":[],"picked":"hexamod:GhostOfSpirePresent","floor":30.0},{"not_picked":["hexamod:BacktrackSmack"],"picked":"Singing Bowl","floor":31.0},{"not_picked":["hexamod:NightmareGuise+1"],"picked":"Singing Bowl","floor":32.0}],"player_experience":1716023,"relics_obtained":[{"floor":6.0,"key":"Bag of Preparation"},{"floor":23.0,"key":"Thread and Needle"},{"floor":24.0,"key":"Toxic Egg 2"},{"floor":25.0,"key":"downfall:GremlinWheel"},{"floor":26.0,"key":"Ornamental Fan"},{"floor":29.0,"key":"Bag of Marbles"},{"floor":31.0,"key":"Du-Vu Doll"}],"event_choices":[{"damage_healed":0.0,"max_hp_gain":0.0,"max_hp_loss":0.0,"gold_gain":0.0,"event_name":"Scrap Ooze","player_choice":"Success","floor":14.0,"gold_loss":0.0,"damage_taken":12.0,"relics_obtained":["hexamod:Sixitude"]}],"is_beta":false,"boss_relics":[{"not_picked":["Coffee Dripper","Fusion Hammer"],"picked":"Busted Crown"}],"items_purged_floors":[28,30],"is_endless":false,"potions_floor_spawned":[5,8,11,13,15,21,26,31],"killed_by":"downfall:Silent","ascension_level":2}}