{"host":"cjhtzh7tp54jdfyv","time":1608816882,"event":{"mods":["AchievementEnabler","BaseMod","Colored Map","Colored Powertips","Curses Come First","DeckTracker","Filter the Spire","Minty Spire (QoL Compilation)","RNG Fix","Relic Sorter","Relic Stats","StSLib","The Cursed","Waifu the Spire","ojb\u0027s Better Paths Mod","ojb\u0027s Info Mod"],"gold_per_floor":[110,110,130,148,165,165,175,200,200,200,230,288,288,308,308,405,405,424,168,188,203,203,236,236,236,236,249,263,263,296,309,309,410,410,428,428,104,122,135,135,166,212,265,296,296,296,306,317,317,317,317,317,64,93,93],"floor_reached":56,"playtime":7137,"items_purged":["TheCursedMod:Strike_TheCursed","TheCursedMod:Defend_TheCursed"],"score":1259,"play_id":"65f959f2-cfcc-4f05-b912-abe6b40c1c46","local_time":"20201224083442","is_ascension_mode":false,"campfire_choices":[{"data":"TheCursedMod:CursedMace","floor":6.0,"key":"SMITH"},{"data":"TheCursedMod:CircleOfFlame","floor":13.0,"key":"SMITH"},{"data":"TheCursedMod:CleanUpWorkshop","floor":15.0,"key":"SMITH"},{"floor":25.0,"key":"REST"},{"data":"TheCursedMod:CollectTribute","floor":29.0,"key":"SMITH"},{"data":"TheCursedMod:LuckyCharm","floor":32.0,"key":"SMITH"},{"floor":40.0,"key":"RECALL"},{"data":"Thinking Ahead","floor":49.0,"key":"SMITH"},{"data":"TheCursedMod:CircleOfAbyss","floor":52,"key":"SMITH"}],"circlet_count":0,"master_deck":["TheCursedMod:Strike_TheCursed+1","TheCursedMod:Strike_TheCursed+1","TheCursedMod:Defend_TheCursed","TheCursedMod:Defend_TheCursed","TheCursedMod:CursedWand+1","TheCursedMod:CleanUpWorkshop+1","TheCursedMod:Dregs","TheCursedMod:Wield","TheCursedMod:LuckyCharm+1","TheCursedMod:CursedMace+1","TheCursedMod:TacticalStrike","TheCursedMod:CircleOfFlame+1","Decay","TheCursedMod:FleshFromBone","TheCursedMod:SoulReap","TheCursedMod:TroublousMinions","TheCursedMod:CollectTribute+1","TheCursedMod:Evocation+1","TheCursedMod:DoubleShield","TheCursedMod:Grudge","TheCursedMod:SpitefulStrike+1","TheCursedMod:BlessingInDisguise","TheCursedMod:Torture","TheCursedMod:BloodBarrier","TheCursedMod:RapidMovement","TheCursedMod:CircleOfBlood+1","TheCursedMod:FuryStrike","TheCursedMod:CircleOfAbyss+1","CurseOfTheBell","Writhe","TheCursedMod:Hemoplague","TheCursedMod:CircleOfFlame+1","TheCursedMod:Grudge+1","TheCursedMod:Stretching+1","PanicButton","Thinking Ahead+1","Discovery","TheCursedMod:SurpriseAttack+1","TheCursedMod:SpitefulPlan+1"],"relics":["TheCursedMod:BlackMagic101","Shovel","Nunchaku","Whetstone","Tiny Chest","Runic Pyramid","TheCursedMod:PinkPellets","InkBottle","Turnip","Art of War","Calling Bell","Happy Flower","Meat on the Bone","Mango","Medical Kit","Juzu Bracelet","Ice Cream","Centennial Puzzle","Du-Vu Doll","White Beast Statue","Bottled Lightning","Anchor"],"acts_visited":["Exordium","TheCity","TheBeyond","TheEnding"],"potions_floor_usage":[54,55],"damage_taken":[{"damage":0.0,"enemies":"Small Slimes","floor":1.0,"turns":4.0},{"damage":0.0,"enemies":"Jaw Worm","floor":3.0,"turns":3.0},{"damage":0.0,"enemies":"2 Louse","floor":4.0,"turns":3.0},{"damage":4.0,"enemies":"Looter","floor":5.0,"turns":5.0},{"damage":7.0,"enemies":"Exordium Thugs","floor":7.0,"turns":4.0},{"damage":31.0,"enemies":"3 Sentries","floor":8.0,"turns":10.0},{"damage":23.0,"enemies":"Gremlin Nob","floor":11.0,"turns":4.0},{"damage":9.0,"enemies":"Gremlin Nob","floor":12.0,"turns":4.0},{"damage":0.0,"enemies":"Gremlin Gang","floor":14.0,"turns":2.0},{"damage":13.0,"enemies":"Hexaghost","floor":16.0,"turns":11.0},{"damage":22.0,"enemies":"Spheric Guardian","floor":18.0,"turns":6.0},{"damage":0.0,"enemies":"2 Thieves","floor":20.0,"turns":4.0},{"damage":8.0,"enemies":"Snecko","floor":21.0,"turns":5.0},{"damage":53.0,"enemies":"Slavers","floor":23.0,"turns":6.0},{"damage":0.0,"enemies":"Snake Plant","floor":27.0,"turns":5.0},{"damage":0.0,"enemies":"Centurion and Healer","floor":28.0,"turns":6.0},{"damage":13.0,"enemies":"Gremlin Leader","floor":30.0,"turns":8.0},{"damage":6.0,"enemies":"Shelled Parasite and Fungi","floor":31.0,"turns":5.0},{"damage":12.0,"enemies":"Collector","floor":33.0,"turns":11.0},{"damage":0.0,"enemies":"Orb Walker","floor":35.0,"turns":4.0},{"damage":0.0,"enemies":"3 Shapes","floor":38.0,"turns":3.0},{"damage":9.0,"enemies":"3 Darklings","floor":39.0,"turns":6.0},{"damage":13.0,"enemies":"Nemesis","floor":41.0,"turns":9.0},{"damage":21.0,"enemies":"2 Orb Walkers","floor":42.0,"turns":4.0},{"damage":77.0,"enemies":"Reptomancer","floor":44.0,"turns":11.0},{"damage":7.0,"enemies":"4 Shapes","floor":47.0,"turns":3.0},{"damage":0.0,"enemies":"Jaw Worm Horde","floor":48.0,"turns":3.0},{"damage":7,"enemies":"Awakened One","floor":50,"turns":17},{"damage":2,"enemies":"Shield and Spear","floor":54,"turns":7},{"damage":18,"enemies":"The Heart","floor":55,"turns":11}],"seed_played":"5771392860358155463","potions_obtained":[{"floor":1.0,"key":"FairyPotion"},{"floor":2.0,"key":"BlessingOfTheForge"},{"floor":2.0,"key":"Swift Potion"},{"floor":2.0,"key":"Weak Potion"},{"floor":8.0,"key":"Swift Potion"},{"floor":11.0,"key":"Regen Potion"},{"floor":18.0,"key":"DistilledChaos"},{"floor":20.0,"key":"FearPotion"},{"floor":23.0,"key":"SneckoOil"},{"floor":30.0,"key":"FearPotion"},{"floor":39.0,"key":"AttackPotion"},{"floor":42.0,"key":"PowerPotion"},{"floor":48.0,"key":"Fruit Juice"},{"floor":54,"key":"Fire Potion"}],"is_trial":false,"path_per_floor":["M","?","M","M","M","R","M","E","T","?","E","?","R","M","R","B",null,"M","$","M","M","?","E","T","R","T","M","M","R","E","M","R","B",null,"M","?","$","M","M","R","E","?","T","E","?","T","M","M","R","B",null,"R","$","E","B",null],"character_chosen":"THE_CURSED","items_purchased":["TheCursedMod:PinkPellets","TheCursedMod:DoubleShield","Medical Kit","TheCursedMod:Hemoplague","Bottled Lightning"],"campfire_rested":1,"item_purchase_floors":[19,19,37,37,53],"current_hp_per_floor":[75,75,75,75,71,71,64,33,33,33,10,13,13,18,18,12,75,53,53,59,56,56,7,7,29,29,34,41,41,35,34,34,27,89,89,89,89,89,86,86,88,74,74,22,12,12,17,41,41,55,89,89,89,94,85],"gold":93,"neow_bonus":"UPGRADE_CARD","is_daily":false,"chose_seed":false,"campfire_upgraded":7,"win_rate":0.0,"timestamp":1608816882,"path_taken":["M","?","M","M","M","R","M","E","T","?","E","?","R","?","R","BOSS","M","?","M","M","?","E","?","R","T","M","M","R","E","M","R","BOSS","M","?","$","M","M","R","E","?","T","E","?","?","M","M","R","BOSS","R","$","E","BOSS"],"items_purchased_type":["Relic","Card","Relic","Card","Relic"],"build_version":"2020-12-22","purchased_purges":2,"victory":true,"max_hp_per_floor":[75,75,75,75,75,75,75,75,75,75,75,75,75,75,75,75,75,75,75,75,75,75,75,75,75,75,75,75,75,75,75,75,75,89,89,89,89,89,89,89,89,89,89,89,89,89,89,89,89,89,89,89,89,94,94],"relic_stats":{"Happy Flower":[26],"counters":[30,184],"Juzu Bracelet":1,"Whetstone":["TheCursedMod:Strike_TheCursed","TheCursedMod:Strike_TheCursed"],"Medical Kit":[22],"Nunchaku":[28],"Centennial Puzzle":[13],"Shovel":0,"Tiny Chest":2,"Turnip":[24],"Art of War":[14],"obtain_stats":[{"Ice Cream":42,"TheCursedMod:BlackMagic101":0,"Happy Flower":34,"TheCursedMod:PinkPellets":19,"Mango":34,"Juzu Bracelet":41,"Whetstone":11,"Medical Kit":37,"White Beast Statue":46,"Calling Bell":34,"Du-Vu Doll":44,"Nunchaku":9,"Centennial Puzzle":43,"Anchor":54,"Shovel":8,"Tiny Chest":12,"Turnip":24,"Art of War":30,"Bottled Lightning":53,"InkBottle":23,"Runic Pyramid":17,"Meat on the Bone":34},{"Ice Cream":24,"TheCursedMod:BlackMagic101":0,"Happy Flower":19,"TheCursedMod:PinkPellets":11,"Mango":19,"Juzu Bracelet":23,"Whetstone":7,"Medical Kit":20,"White Beast Statue":25,"Calling Bell":19,"Du-Vu Doll":25,"Nunchaku":6,"Centennial Puzzle":24,"Anchor":29,"Shovel":6,"Tiny Chest":8,"Turnip":14,"Art of War":17,"Bottled Lightning":28,"InkBottle":14,"Runic Pyramid":10,"Meat on the Bone":19},{"Ice Cream":132,"TheCursedMod:BlackMagic101":0,"Happy Flower":106,"TheCursedMod:PinkPellets":56,"Mango":106,"Juzu Bracelet":128,"Whetstone":33,"Medical Kit":110,"White Beast Statue":143,"Calling Bell":106,"Du-Vu Doll":143,"Nunchaku":29,"Centennial Puzzle":132,"Anchor":173,"Shovel":29,"Tiny Chest":37,"Turnip":71,"Art of War":90,"Bottled Lightning":166,"InkBottle":71,"Runic Pyramid":50,"Meat on the Bone":106}],"InkBottle":[51],"Meat on the Bone":48},"card_choices":[{"not_picked":["TheCursedMod:Torture","TheCursedMod:CursedArmor"],"picked":"TheCursedMod:Wield","floor":1.0},{"not_picked":["TheCursedMod:SpitefulPlan","TheCursedMod:SoulReap"],"picked":"TheCursedMod:LuckyCharm","floor":3.0},{"not_picked":["TheCursedMod:ReleasedStrength","TheCursedMod:SaltUponWound"],"picked":"TheCursedMod:CursedMace","floor":4.0},{"not_picked":["TheCursedMod:VitalStrike","TheCursedMod:WearCloak"],"picked":"TheCursedMod:TacticalStrike","floor":5.0},{"not_picked":["TheCursedMod:CircleOfWindfury","TheCursedMod:CursedBlade"],"picked":"TheCursedMod:CircleOfFlame","floor":7.0},{"not_picked":["TheCursedMod:VitalStrike","TheCursedMod:RavingStaff","TheCursedMod:Torture"],"picked":"SKIP","floor":8.0},{"not_picked":["TheCursedMod:SaltUponWound","TheCursedMod:EmpowerCircles"],"picked":"TheCursedMod:FleshFromBone","floor":11.0},{"not_picked":["TheCursedMod:SpitefulStrike","TheCursedMod:CursedArmor"],"picked":"TheCursedMod:SoulReap","floor":12.0},{"not_picked":["TheCursedMod:BlessingInDisguise","TheCursedMod:AbyssShockwave"],"picked":"TheCursedMod:TroublousMinions","floor":14.0},{"not_picked":["TheCursedMod:NeowsMight","TheCursedMod:CursedRelics"],"picked":"TheCursedMod:CollectTribute","floor":16.0},{"not_picked":["TheCursedMod:SurpriseAttack","TheCursedMod:Torture"],"picked":"TheCursedMod:Evocation+1","floor":18.0},{"not_picked":["TheCursedMod:TroublousMinions+1","TheCursedMod:CircleOfCorruption"],"picked":"TheCursedMod:Grudge","floor":20.0},{"not_picked":["TheCursedMod:CircleOfCorruption","TheCursedMod:CursedBlade"],"picked":"TheCursedMod:SpitefulStrike+1","floor":21.0},{"not_picked":["TheCursedMod:RavingStaff","TheCursedMod:SurpriseAttack"],"picked":"TheCursedMod:BloodBarrier","floor":23.0},{"not_picked":["TheCursedMod:HellfireBreathing+1","TheCursedMod:CursedMace"],"picked":"TheCursedMod:RapidMovement","floor":27.0},{"not_picked":["TheCursedMod:CircleOfAmplification","TheCursedMod:SaltUponWound","TheCursedMod:Wield"],"picked":"SKIP","floor":28.0},{"not_picked":["TheCursedMod:Grudge","TheCursedMod:SaltUponWound"],"picked":"TheCursedMod:CircleOfBlood+1","floor":30.0},{"not_picked":["TheCursedMod:SpitefulStrike","TheCursedMod:ReleasedStrength+1"],"picked":"TheCursedMod:FuryStrike","floor":31.0},{"not_picked":["TheCursedMod:OutForBlood","TheCursedMod:ParallelWorld"],"picked":"TheCursedMod:CircleOfAbyss","floor":33.0},{"not_picked":["TheCursedMod:Torture","TheCursedMod:FuryStrike+1","TheCursedMod:RapidMovement"],"picked":"SKIP","floor":35.0},{"not_picked":["TheCursedMod:FleshFromBone","TheCursedMod:RavingStaff"],"picked":"TheCursedMod:CircleOfFlame+1","floor":38.0},{"not_picked":["TheCursedMod:EmpowerCircles","TheCursedMod:FleshFromBone+1"],"picked":"TheCursedMod:Grudge+1","floor":39.0},{"not_picked":["TheCursedMod:CursedMace+1","TheCursedMod:FleshFromBone+1","TheCursedMod:Torture"],"picked":"SKIP","floor":41.0},{"not_picked":["TheCursedMod:SpitefulStrike","TheCursedMod:EmpowerCircles"],"picked":"TheCursedMod:Stretching+1","floor":44.0},{"not_picked":["Madness","Thinking Ahead"],"picked":"PanicButton","floor":45.0},{"not_picked":["Enlightenment","Apotheosis"],"picked":"Thinking Ahead","floor":45.0},{"not_picked":["Panache","Metamorphosis"],"picked":"Discovery","floor":45.0},{"not_picked":["TheCursedMod:ReleasedStrength","TheCursedMod:SpreadPlague","TheCursedMod:DoubleShield"],"picked":"SKIP","floor":47.0},{"not_picked":["TheCursedMod:TacticalStrike+1","TheCursedMod:DoubleShield+1"],"picked":"TheCursedMod:SurpriseAttack+1","floor":48.0},{"not_picked":["TheCursedMod:UltimatePain","TheCursedMod:Torture+1"],"picked":"TheCursedMod:SpitefulPlan+1","floor":54}],"player_experience":4376286,"relics_obtained":[{"floor":8.0,"key":"Shovel"},{"floor":9.0,"key":"Nunchaku"},{"floor":11.0,"key":"Whetstone"},{"floor":12.0,"key":"Tiny Chest"},{"floor":23.0,"key":"InkBottle"},{"floor":24.0,"key":"Turnip"},{"floor":30.0,"key":"Art of War"},{"floor":34.0,"key":"Happy Flower"},{"floor":34.0,"key":"Meat on the Bone"},{"floor":34.0,"key":"Mango"},{"floor":41.0,"key":"Juzu Bracelet"},{"floor":42.0,"key":"Ice Cream"},{"floor":43.0,"key":"Centennial Puzzle"},{"floor":44.0,"key":"Du-Vu Doll"},{"floor":46.0,"key":"White Beast Statue"},{"floor":54,"key":"Anchor"}],"event_choices":[{"damage_healed":0.0,"max_hp_gain":0.0,"max_hp_loss":0.0,"gold_gain":0.0,"event_name":"Lab","player_choice":"Got Potions","floor":2.0,"gold_loss":0.0,"damage_taken":0.0},{"damage_healed":0.0,"max_hp_gain":0.0,"max_hp_loss":0.0,"gold_gain":0.0,"event_name":"Wheel of Change","player_choice":"Cursed","floor":10.0,"gold_loss":0.0,"damage_taken":0.0,"cards_obtained":["Decay"]},{"damage_healed":0.0,"max_hp_gain":0.0,"max_hp_loss":0.0,"gold_gain":30.0,"event_name":"Dead Adventurer","player_choice":"Searched \u00272\u0027 times","floor":12.0,"gold_loss":0.0,"damage_taken":0.0},{"damage_healed":0.0,"max_hp_gain":0.0,"max_hp_loss":0.0,"gold_gain":0.0,"cards_transformed":["TheCursedMod:Strike_TheCursed","TheCursedMod:Defend_TheCursed"],"event_name":"Drug Dealer","player_choice":"Became Test Subject","floor":22.0,"gold_loss":0.0,"damage_taken":0.0,"cards_obtained":["TheCursedMod:BlessingInDisguise","TheCursedMod:Torture"]},{"damage_healed":22.0,"max_hp_gain":0.0,"max_hp_loss":0.0,"gold_gain":0.0,"event_name":"Winding Halls","player_choice":"Writhe","floor":36.0,"gold_loss":0.0,"damage_taken":0.0,"cards_obtained":["Writhe"]},{"damage_healed":0.0,"max_hp_gain":0.0,"max_hp_loss":0.0,"gold_gain":0.0,"event_name":"Mysterious Sphere","player_choice":"Fight","floor":42.0,"gold_loss":0.0,"damage_taken":0.0},{"damage_healed":0.0,"max_hp_gain":0.0,"max_hp_loss":0.0,"gold_gain":0.0,"event_name":"SensoryStone","player_choice":"Memory 3","floor":45.0,"gold_loss":0.0,"damage_taken":10.0}],"is_beta":false,"boss_relics":[{"not_picked":["Astrolabe","SacredBark"],"picked":"Runic Pyramid"},{"not_picked":["Empty Cage","Fusion Hammer"],"picked":"Calling Bell"}],"items_purged_floors":[19,37],"is_endless":false,"potions_floor_spawned":[1,8,11,18,20,23,28,30,33,39,42,47,48,54],"ascension_level":0}}