{"host":"f7rb14kzcw8hx1r1","time":1608805362,"event":{"mods":["BaseMod","Better Note","Better Third Choice","Colored Map","Highlight Path","Hubris","Minty Spire (QoL Compilation)","Replay The Spire","StSLib","The Forsaken"],"gold_per_floor":[110,128,140,157,173,173,123,123,205,221,46,77,77,77,77,207,207,223,201,201,121,141,141,141],"floor_reached":23,"playtime":860,"items_purged":["Strike_B","Strike_B"],"score":193,"play_id":"31463057-f4d5-4e97-be37-d10d1adf2ffd","local_time":"20201224112242","is_ascension_mode":false,"campfire_choices":[{"data":"Zap","floor":6.0,"key":"SMITH"},{"data":"Defragment","floor":8.0,"key":"SMITH"},{"data":"Hologram","floor":13.0,"key":"SMITH"},{"data":"hubris:Ukulele","floor":15.0,"key":"SMITH"}],"circlet_count":0,"master_deck":["Strike_B","Defend_B","Defend_B","Defend_B","Defend_B","Zap+1","Dualcast","Leap","Defragment+1","Cold Snap","Hologram+1","hubris:Ukulele+1","Mirror Shield","theForsaken:Prudence","ReplayTheSpireMod:Calculation Training+1"],"relics":["Nuclear Battery","The Courier","Juzu Bracelet","Quantum Egg","Golden Idol","Philosopher\u0027s Stone"],"acts_visited":["Exordium","TheCity"],"potions_floor_usage":[],"damage_taken":[{"damage":0.0,"enemies":"Cultist","floor":1.0,"turns":4.0},{"damage":4.0,"enemies":"Jaw Worm","floor":2.0,"turns":5.0},{"damage":0.0,"enemies":"Small Slimes","floor":3.0,"turns":3.0},{"damage":6.0,"enemies":"Exordium Thugs","floor":4.0,"turns":6.0},{"damage":0.0,"enemies":"Looter","floor":5.0,"turns":4.0},{"damage":5.0,"enemies":"2 Fungi Beasts","floor":10.0,"turns":4.0},{"damage":26.0,"enemies":"Gremlin Nob","floor":12.0,"turns":5.0},{"damage":10.0,"enemies":"The Guardian","floor":16.0,"turns":10.0},{"damage":6.0,"enemies":"3 Byrds","floor":18.0,"turns":6.0},{"damage":0.0,"enemies":"2 Thieves","floor":19.0,"turns":5.0},{"damage":13.0,"enemies":"3 Cultists","floor":22.0,"turns":6.0},{"damage":56,"enemies":"Slavers","floor":23,"turns":4}],"seed_played":"5463276355815982097","potions_obtained":[{"floor":4.0,"key":"LiquidMemories"},{"floor":10.0,"key":"PowerPotion"},{"floor":12.0,"key":"Flashbang"}],"is_trial":false,"path_per_floor":["M","M","M","M","M","R","?","R","T","M","$","E","R","?","R","B",null,"M","M","?","$","M","E"],"character_chosen":"DEFECT","items_purchased":["Juzu Bracelet"],"campfire_rested":0,"item_purchase_floors":[11],"current_hp_per_floor":[75,71,71,65,65,65,65,65,65,60,60,34,34,16,16,6,75,69,69,69,69,56,0,0],"gold":141,"neow_bonus":"BOSS_RELIC","is_daily":false,"chose_seed":false,"campfire_upgraded":4,"win_rate":0.0,"timestamp":1608805362,"path_taken":["M","M","M","M","?","R","?","R","T","M","$","E","R","?","R","BOSS","M","M","?","$","M","E"],"items_purchased_type":["Relic"],"build_version":"2020-12-22","purchased_purges":2,"victory":false,"max_hp_per_floor":[75,75,75,75,75,75,75,75,75,75,75,75,75,75,75,75,75,75,75,75,75,75,75,75],"card_choices":[{"not_picked":["Steam","Turbo"],"picked":"Leap","floor":1.0},{"not_picked":["Turbo","Beam Cell"],"picked":"Defragment","floor":2.0},{"not_picked":["Tempest","ReplayTheSpireMod:GoodbyeWorld"],"picked":"Cold Snap","floor":3.0},{"not_picked":["Turbo","Force Field","Stack"],"picked":"SKIP","floor":4.0},{"not_picked":["BasicCrystalCard","Panic Button"],"picked":"Hologram","floor":5.0},{"not_picked":["Barrage","Leap"],"picked":"hubris:Ukulele","floor":10.0},{"not_picked":["Amplify","Beam Cell","Gash"],"picked":"SKIP","floor":12.0},{"not_picked":["Buffer","Amplify"],"picked":"Mirror Shield","floor":16.0},{"not_picked":["Beam Cell","Double Energy","ReplayGash"],"picked":"SKIP","floor":18.0},{"not_picked":["ReplayTheSpireMod:System Scan","Reprogram","Go for the Eyes"],"picked":"SKIP","floor":19.0},{"not_picked":["Conserve Battery","hubris:PowerSurge"],"picked":"ReplayTheSpireMod:Calculation Training+1","floor":22.0}],"player_experience":884287,"relics_obtained":[{"floor":9.0,"key":"The Courier"},{"floor":12.0,"key":"Quantum Egg"}],"event_choices":[{"cards_removed":["Strike_B"],"damage_healed":0.0,"max_hp_gain":0.0,"max_hp_loss":0.0,"gold_gain":0.0,"event_name":"The Cleric","player_choice":"Card Removal","floor":7.0,"gold_loss":50.0,"damage_taken":0.0},{"damage_healed":0.0,"max_hp_gain":0.0,"max_hp_loss":0.0,"gold_gain":0.0,"event_name":"Golden Idol","player_choice":"Take Damage","floor":14.0,"gold_loss":0.0,"damage_taken":18.0,"relics_obtained":["Golden Idol"]},{"cards_removed":["Mirror Shield"],"damage_healed":0.0,"max_hp_gain":0.0,"max_hp_loss":0.0,"gold_gain":0.0,"event_name":"betterNote:BetterNote","player_choice":"Take \u0026 Give","floor":20.0,"gold_loss":0.0,"damage_taken":0.0,"cards_obtained":["theForsaken:Prudence"]}],"is_beta":false,"boss_relics":[{"not_picked":["Snecko Eye","hubris:GrandSneckoEye"],"picked":"Philosopher\u0027s Stone"}],"items_purged_floors":[11,21],"is_endless":false,"potions_floor_spawned":[4,10,12],"killed_by":"Slavers","ascension_level":0}}