{"host":"258i9hh742n85m0z","time":1608775089,"event":{"mods":["Act Like it!","Aspiration","BaseMod","CapriCore","Challenge The Spire","Conspire","Decade(王小明)","Friendly Minions","Gensokyo","Hermit","HololiveMod","KinomotoSakuraMod(木之本樱)","Koishi","LagranYue(拉格朗・月)","Minty Spire (QoL Compilation)","Prisma Mod","Quick Restart","Reimu（博丽灵梦）","Relic Stats","Remilia（蕾米莉亚）","Replay The Spire","RumiaBox-露米娅的神秘盒子","Spicy Shops","StSLib","The Alterego","The Bladedancer","The Bug Knight","The Cursed","The Gatherer","The Hierophant","The Immortal","The Poker Player","The Runesmith","The Senshi","The Servant 0.9.4","WarShipGirlsR/战舰少女R mod","Yohane!","Youmu（魂魄妖梦）","Yuri Mod","Yuyuko","【东方二次创作】八云紫mod","【遗物卡牌】REMEMod"],"gold_per_floor":[112,112,128,128,140,140,140],"floor_reached":6,"playtime":686,"items_purged":[],"score":36,"play_id":"b6f156ad-aeb7-4b54-b888-8940bdd297a1","local_time":"20201224095809","is_ascension_mode":false,"campfire_choices":[],"circlet_count":0,"master_deck":["alterego_mod:Strike","alterego_mod:Strike","alterego_mod:Strike","alterego_mod:Defend","alterego_mod:Defend","alterego_mod:Defend","alterego_mod:Defend","alterego_mod:Impale","alterego_mod:BigMeatyClaws","alterego_mod:BrynhildrsRune","Runesmith:FieryHammer","alterego_mod:TrashNCrash","alterego_mod:Antipathy","alterego_mod:Mirror"],"relics":["alterego_mod:MasochisticConstitution","REME_ComplimentaryCards","LagranYue:RandomDrawCardRelic"],"acts_visited":["Exordium"],"potions_floor_usage":[],"damage_taken":[{"damage":5,"enemies":"Small Slimes","floor":1,"turns":3},{"damage":18,"enemies":"Jaw Worm","floor":3,"turns":5},{"damage":15,"enemies":"Cultist","floor":5,"turns":6},{"damage":20,"enemies":"Lagavulin","floor":6,"turns":6}],"seed_played":"7807367074703649193","potions_obtained":[{"floor":3,"key":"SpeedPotion"}],"is_trial":false,"path_per_floor":["M","?","M","?","M","E"],"character_chosen":"The_Alterego","items_purchased":[],"campfire_rested":0,"item_purchase_floors":[],"current_hp_per_floor":[73,73,63,63,49,29,29],"gold":140,"neow_bonus":"TEN_PERCENT_HP_BONUS","is_daily":false,"chose_seed":false,"campfire_upgraded":0,"win_rate":0.0,"timestamp":1608775089,"path_taken":["M","?","M","?","?","E"],"items_purchased_type":[],"build_version":"2020-12-22","purchased_purges":0,"victory":false,"max_hp_per_floor":[78,78,79,79,80,80,80],"relic_stats":{"counters":[4,20],"obtain_stats":[{"alterego_mod:MasochisticConstitution":0,"LagranYue:RandomDrawCardRelic":0,"REME_ComplimentaryCards":0},{"alterego_mod:MasochisticConstitution":0,"LagranYue:RandomDrawCardRelic":0,"REME_ComplimentaryCards":0},{"alterego_mod:MasochisticConstitution":0,"LagranYue:RandomDrawCardRelic":0,"REME_ComplimentaryCards":0}]},"card_choices":[{"not_picked":["alterego_mod:Bunnysuit","alterego_mod:DeftHands"],"picked":"alterego_mod:TrashNCrash","floor":1},{"not_picked":["alterego_mod:RidiculouslyBig","alterego_mod:DeftHands"],"picked":"alterego_mod:Antipathy","floor":3},{"not_picked":["alterego_mod:TrashNCrash","alterego_mod:Bloomers"],"picked":"alterego_mod:Mirror","floor":5}],"player_experience":153356,"relics_obtained":[],"event_choices":[{"cards_removed":["alterego_mod:Strike"],"damage_healed":0,"gold_gain":0,"player_choice":"Offered Basic","damage_taken":0,"max_hp_gain":0,"max_hp_loss":0,"event_name":"Bonfire Elementals","floor":4,"gold_loss":0}],"is_beta":false,"boss_relics":[],"items_purged_floors":[],"is_endless":false,"potions_floor_spawned":[3],"killed_by":"Lagavulin","ascension_level":0}}