{"host":"pg2biz4zy3df4ctj","time":1608853274,"event":{"mods":["BaseMod","Minty Spire (QoL Compilation)","Quick Restart","Random Character Button"],"gold_per_floor":[117,133,133,208,39,39,73,73,73,99,99,99,131,144,144,248,248,266,266,278,278,290,290,324,324,324,349,362,20,20,45,45,143,143,160,160,160,6,25,58,58,87,87,87,106,135,135,135,135,135,135,135,10,44,44,44],"floor_reached":55,"playtime":3422,"items_purged":["Strike_G","Strike_G","Setup+1"],"score":1450,"play_id":"dafe7618-7fd2-414d-be51-0cb6bb5696ca","local_time":"20201224154114","is_ascension_mode":true,"campfire_choices":[{"data":"Noxious Fumes","floor":6.0,"key":"SMITH"},{"data":"Poisoned Stab","floor":8.0,"key":"SMITH"},{"floor":12.0,"key":"REST"},{"floor":15.0,"key":"RECALL"},{"data":"Noxious Fumes","floor":23.0,"key":"SMITH"},{"data":"Distraction","floor":25.0,"key":"SMITH"},{"data":"RitualDagger","floor":30.0,"key":"SMITH"},{"data":"PiercingWail","floor":32.0,"key":"SMITH"},{"data":"Madness","floor":41.0,"key":"SMITH"},{"data":"1","floor":47,"key":"LIFT"},{"data":"2","floor":49,"key":"LIFT"},{"data":"3","floor":52,"key":"LIFT"}],"circlet_count":0,"master_deck":["AscendersBane","Strike_G+1","Defend_G","Defend_G","Defend_G","Survivor","Neutralize+1","Poisoned Stab+1","Noxious Fumes+1","PiercingWail+1","Escape Plan","Distraction+1","Backflip","Adrenaline+1","Deflect+1","RitualDagger+1","Noxious Fumes+1","All Out Attack","Bouncing Flask+1","Backflip","Die Die Die","Doppelganger+1","Quick Slash+1","Blur","Madness+1","Madness","Blur","Backstab+1","Parasite","Expertise+1","Backflip+1","Doppelganger+1"],"relics":["Ring of the Snake","Toy Ornithopter","Meat on the Bone","HornCleat","Oddly Smooth Stone","Bronze Scales","Black Star","CaptainsWheel","Sundial","MealTicket","Thread and Needle","Eternal Feather","Vajra","White Beast Statue","Astrolabe","DollysMirror","Mercury Hourglass","Pantograph","Kunai","Bottled Tornado","Toxic Egg 2","Girya","Blue Candle","Bag of Marbles","Snake Skull"],"acts_visited":["Exordium","TheCity","TheBeyond","TheEnding"],"potions_floor_usage":[42,46,50,55,55],"damage_taken":[{"damage":4.0,"enemies":"Jaw Worm","floor":1.0,"turns":6.0},{"damage":1.0,"enemies":"2 Louse","floor":2.0,"turns":4.0},{"damage":11.0,"enemies":"3 Sentries","floor":7.0,"turns":7.0},{"damage":22.0,"enemies":"Lagavulin","floor":10.0,"turns":6.0},{"damage":4.0,"enemies":"Gremlin Nob","floor":13.0,"turns":4.0},{"damage":0.0,"enemies":"Cultist","floor":14.0,"turns":3.0},{"damage":0.0,"enemies":"Hexaghost","floor":16.0,"turns":9.0},{"damage":1.0,"enemies":"Shell Parasite","floor":18.0,"turns":6.0},{"damage":0.0,"enemies":"Spheric Guardian","floor":20.0,"turns":5.0},{"damage":0.0,"enemies":"Snake Plant","floor":22.0,"turns":4.0},{"damage":17.0,"enemies":"Slavers","floor":24.0,"turns":5.0},{"damage":18.0,"enemies":"Book of Stabbing","floor":27.0,"turns":6.0},{"damage":0.0,"enemies":"Snecko","floor":28.0,"turns":5.0},{"damage":0.0,"enemies":"Slavers","floor":31.0,"turns":4.0},{"damage":9.0,"enemies":"Automaton","floor":33.0,"turns":9.0},{"damage":21.0,"enemies":"3 Darklings","floor":35.0,"turns":4.0},{"damage":0.0,"enemies":"Orb Walker","floor":39.0,"turns":4.0},{"damage":5.0,"enemies":"Reptomancer","floor":40.0,"turns":7.0},{"damage":0,"enemies":"Giant Head","floor":42,"turns":7},{"damage":0,"enemies":"Writhing Mass","floor":45,"turns":6},{"damage":21,"enemies":"Nemesis","floor":46,"turns":6},{"damage":6,"enemies":"Awakened One","floor":50,"turns":15},{"damage":69,"enemies":"Shield and Spear","floor":54,"turns":8},{"damage":48,"enemies":"The Heart","floor":55,"turns":3}],"seed_played":"3383366135311729680","potions_obtained":[{"floor":2.0,"key":"ColorlessPotion"},{"floor":10.0,"key":"Explosive Potion"},{"floor":16.0,"key":"Fire Potion"},{"floor":20.0,"key":"LiquidMemories"},{"floor":27.0,"key":"Energy Potion"},{"floor":28.0,"key":"ColorlessPotion"},{"floor":31.0,"key":"Swift Potion"},{"floor":33.0,"key":"CultistPotion"},{"floor":35.0,"key":"Dexterity Potion"},{"floor":40.0,"key":"PowerPotion"},{"floor":42,"key":"Fire Potion"},{"floor":46,"key":"Ancient Potion"},{"floor":54,"key":"Poison Potion"}],"is_trial":false,"path_per_floor":["M","M","?","?","$","R","E","R","T","E","?","R","E","M","R","B",null,"M","?","M","?","M","R","E","R","T","E","M","$","R","E","R","B",null,"M","?","?","$","M","E","R","E","T","$","M","E","R","?","R","B",null,"R","$","E","B"],"character_chosen":"THE_SILENT","items_purchased":["Noxious Fumes","PiercingWail","Eternal Feather","DollysMirror"],"campfire_rested":1,"item_purchase_floors":[5,5,29,38],"current_hp_per_floor":[59,58,44,33,33,33,27,27,27,17,10,31,39,39,39,39,62,61,61,61,55,55,55,48,48,48,42,42,57,69,70,70,62,68,47,47,38,53,53,48,63,68,68,70,70,49,67,67,70,69,70,70,70,13,0,0],"gold":44,"neow_bonus":"RANDOM_COMMON_RELIC","is_daily":false,"chose_seed":false,"campfire_upgraded":7,"win_rate":0.0,"timestamp":1608853274,"path_taken":["M","M","?","?","$","R","E","R","T","E","?","R","E","M","R","BOSS","M","?","?","?","M","R","E","R","T","E","M","$","R","E","R","BOSS","M","?","?","$","M","E","R","E","T","?","M","E","R","?","R","BOSS","R","$","E","BOSS"],"items_purchased_type":["Card","Card","Relic","Relic"],"build_version":"2020-12-22","purchased_purges":3,"victory":false,"max_hp_per_floor":[70,70,70,70,70,70,70,70,70,70,70,70,70,70,70,70,70,70,70,70,70,70,70,70,70,70,70,70,70,70,70,70,70,70,70,70,70,70,70,70,70,70,70,70,70,70,70,70,70,70,70,70,70,70,70,70],"card_choices":[{"not_picked":["Deflect","Quick Slash"],"picked":"Dagger Throw","floor":1.0},{"not_picked":["Flying Knee","Bane"],"picked":"Poisoned Stab","floor":2.0},{"not_picked":["Underhanded Strike","Slice"],"picked":"Escape Plan","floor":7.0},{"not_picked":["Caltrops","Accuracy"],"picked":"Distraction","floor":10.0},{"not_picked":["Flying Knee","Endless Agony"],"picked":"Backflip","floor":13.0},{"not_picked":["Acrobatics","Grand Finale","Expertise"],"picked":"SKIP","floor":14.0},{"not_picked":["Doppelganger","Glass Knife"],"picked":"Adrenaline","floor":16.0},{"not_picked":["Underhanded Strike","Outmaneuver"],"picked":"Deflect+1","floor":18.0},{"not_picked":["Dash","Storm of Steel","Dagger Throw"],"picked":"SKIP","floor":20.0},{"not_picked":["PiercingWail","Acrobatics"],"picked":"Noxious Fumes","floor":22.0},{"not_picked":["Bullet Time","Underhanded Strike","Dash"],"picked":"SKIP","floor":24.0},{"not_picked":["Sucker Punch","Quick Slash"],"picked":"All Out Attack","floor":27.0},{"not_picked":["Flying Knee+1","Dodge and Roll"],"picked":"Bouncing Flask+1","floor":28.0},{"not_picked":["Eviscerate","Dagger Spray"],"picked":"Backflip","floor":31.0},{"not_picked":["Phantasmal Killer","Glass Knife"],"picked":"Die Die Die","floor":33.0},{"not_picked":["Blade Dance","Deadly Poison"],"picked":"Blur","floor":35.0},{"not_picked":["Acrobatics","Dagger Spray","Flying Knee"],"picked":"SKIP","floor":39.0},{"not_picked":["Slice","Poisoned Stab","Quick Slash"],"picked":"SKIP","floor":40.0},{"not_picked":["Tactician","Dagger Throw+1"],"picked":"Backstab+1","floor":42},{"not_picked":["Leg Sweep+1","Reflex+1"],"picked":"Expertise+1","floor":45},{"not_picked":["Acrobatics+1","Deadly Poison+1"],"picked":"Backflip+1","floor":46},{"not_picked":["Poisoned Stab","Dagger Throw"],"picked":"Doppelganger+1","floor":54}],"player_experience":560482,"relics_obtained":[{"floor":7.0,"key":"Meat on the Bone"},{"floor":9.0,"key":"HornCleat"},{"floor":10.0,"key":"Oddly Smooth Stone"},{"floor":13.0,"key":"Bronze Scales"},{"floor":24.0,"key":"CaptainsWheel"},{"floor":24.0,"key":"Sundial"},{"floor":27.0,"key":"MealTicket"},{"floor":27.0,"key":"Thread and Needle"},{"floor":31.0,"key":"Vajra"},{"floor":31.0,"key":"White Beast Statue"},{"floor":40.0,"key":"Mercury Hourglass"},{"floor":40.0,"key":"Pantograph"},{"floor":42,"key":"Kunai"},{"floor":42,"key":"Bottled Tornado"},{"floor":43,"key":"Toxic Egg 2"},{"floor":46,"key":"Girya"},{"floor":46,"key":"Blue Candle"},{"floor":54,"key":"Bag of Marbles"},{"floor":54,"key":"Snake Skull"}],"event_choices":[{"damage_healed":0.0,"max_hp_gain":0.0,"max_hp_loss":0.0,"gold_gain":0.0,"event_name":"Shining Light","player_choice":"Entered Light","floor":3.0,"gold_loss":0.0,"damage_taken":14.0,"cards_upgraded":["Strike_G","Neutralize"]},{"damage_healed":0.0,"max_hp_gain":0.0,"max_hp_loss":0.0,"gold_gain":75.0,"event_name":"World of Goop","player_choice":"Gather Gold","floor":4.0,"gold_loss":0.0,"damage_taken":11.0},{"cards_removed":["Strike_G"],"damage_healed":0.0,"max_hp_gain":0.0,"max_hp_loss":0.0,"gold_gain":0.0,"event_name":"Golden Wing","player_choice":"Card Removal","floor":11.0,"gold_loss":0.0,"damage_taken":7.0},{"damage_healed":0.0,"max_hp_gain":0.0,"max_hp_loss":0.0,"gold_gain":0.0,"event_name":"Upgrade Shrine","player_choice":"Upgraded","floor":19.0,"gold_loss":0.0,"damage_taken":0.0,"cards_upgraded":["Adrenaline"]},{"damage_healed":0.0,"max_hp_gain":0.0,"max_hp_loss":0.0,"gold_gain":0.0,"event_name":"Nest","player_choice":"Joined the Cult","floor":21.0,"gold_loss":0.0,"damage_taken":6.0,"cards_obtained":["RitualDagger"]},{"damage_healed":0.0,"max_hp_gain":0.0,"max_hp_loss":0.0,"gold_gain":0.0,"event_name":"Tomb of Lord Red Mask","player_choice":"Ignored","floor":36.0,"gold_loss":0.0,"damage_taken":0.0},{"damage_healed":0.0,"max_hp_gain":0.0,"max_hp_loss":0.0,"gold_gain":0.0,"event_name":"Winding Halls","player_choice":"Embrace Madness","floor":37.0,"gold_loss":0.0,"damage_taken":9.0,"cards_obtained":["Madness","Madness"]},{"cards_removed":["Dagger Throw"],"damage_healed":0,"gold_gain":0,"player_choice":"Removed Attack","damage_taken":0,"max_hp_gain":0,"max_hp_loss":0,"event_name":"Falling","floor":48,"gold_loss":0}],"is_beta":false,"boss_relics":[{"not_picked":["Velvet Choker","SacredBark"],"picked":"Black Star"},{"not_picked":["Fusion Hammer","Snecko Eye"],"picked":"Astrolabe"}],"items_purged_floors":[5,29,53],"is_endless":false,"potions_floor_spawned":[2,10,16,20,27,28,31,33,35,39,40,42,45,46,54],"killed_by":"The Heart","ascension_level":12}}