{"host":"foq4mrde4mssg7vt","time":1608831363,"event":{"mods":["AchievementEnabler","BaseMod","Colored Map","Colored Powertips","Highlight Path","Minty Spire (QoL Compilation)","Relic Stats","everything is the same but u backflip on backflip"],"gold_per_floor":[111,128,23,23,33,60,140,153,177,208,208,224,43,87,87,191,191,165,174,84,84,129,157,157,157,217,105,138,149,149,178,178,287,287,315,315,336,6,30,30,68,68,68,68,81,81,106,121,121,121,121,121,49,74,74],"floor_reached":56,"playtime":3133,"items_purged":["Strike_G","Decay","Regret","Strike_G+1"],"score":2238,"play_id":"9ef1684d-ccff-4085-9953-987277f804ef","local_time":"20201225013603","is_ascension_mode":true,"campfire_choices":[{"floor":11.0,"key":"REST"},{"floor":15.0,"key":"REST"},{"data":"Night Terror","floor":24.0,"key":"SMITH"},{"floor":30.0,"key":"REST"},{"data":"Noxious Fumes","floor":32.0,"key":"SMITH"},{"floor":40.0,"key":"RECALL"},{"data":"Strike_G+1","floor":42.0,"key":"PURGE"},{"data":"Strike_G+1","floor":46.0,"key":"PURGE"},{"data":"Strike_G+1","floor":49.0,"key":"PURGE"},{"data":"Finisher+1","floor":52.0,"key":"PURGE"}],"circlet_count":0,"master_deck":["AscendersBane","Defend_G+1","Defend_G+1","Defend_G+1","Defend_G+1","Defend_G+1","Survivor+1","Neutralize+1","Blade Dance+1","Poisoned Stab+1","Footwork+1","Predator+1","Crippling Poison+1","Calculated Gamble+1","Leg Sweep+1","Dagger Spray+1","PiercingWail+1","Footwork+1","Night Terror+1","Dodge and Roll+1","Backflip+1","Ghostly+1","Ghostly+1","Ghostly+1","Ghostly+1","Ghostly+1","Dash+1","Noxious Fumes+1","Die Die Die+1","PiercingWail+1","Acrobatics","Ghostly+1","Caltrops+1","Blur"],"relics":["Ring of the Snake","War Paint","StrikeDummy","Smiling Mask","Vajra","Kunai","CeramicFish","Cursed Key","Nilry\u0027s Codex","Snake Skull","Coffee Dripper","Mark of the Bloom","DollysMirror","Oddly Smooth Stone","Peace Pipe","MealTicket","Letter Opener"],"acts_visited":["Exordium","TheCity","TheBeyond","TheEnding"],"potions_floor_usage":[55],"damage_taken":[{"damage":0.0,"enemies":"Cultist","floor":1.0,"turns":5.0},{"damage":4.0,"enemies":"Small Slimes","floor":2.0,"turns":4.0},{"damage":4.0,"enemies":"Jaw Worm","floor":5.0,"turns":3.0},{"damage":35.0,"enemies":"Lagavulin","floor":6.0,"turns":9.0},{"damage":0.0,"enemies":"Large Slime","floor":8.0,"turns":7.0},{"damage":18.0,"enemies":"Gremlin Nob","floor":10.0,"turns":4.0},{"damage":0.0,"enemies":"Blue Slaver","floor":12.0,"turns":2.0},{"damage":17.0,"enemies":"Lagavulin","floor":14.0,"turns":7.0},{"damage":0.0,"enemies":"The Guardian","floor":16.0,"turns":12.0},{"damage":9.0,"enemies":"2 Thieves","floor":18.0,"turns":5.0},{"damage":20.0,"enemies":"Gremlin Leader","floor":23.0,"turns":13.0},{"damage":2.0,"enemies":"Slavers","floor":28.0,"turns":9.0},{"damage":0.0,"enemies":"Spheric Guardian","floor":29.0,"turns":4.0},{"damage":2.0,"enemies":"Shelled Parasite and Fungi","floor":31.0,"turns":7.0},{"damage":0.0,"enemies":"Champ","floor":33.0,"turns":13.0},{"damage":0.0,"enemies":"Orb Walker","floor":35.0,"turns":5.0},{"damage":0.0,"enemies":"3 Darklings","floor":37.0,"turns":7.0},{"damage":0.0,"enemies":"Jaw Worm Horde","floor":39.0,"turns":5.0},{"damage":4.0,"enemies":"Nemesis","floor":41.0,"turns":9.0},{"damage":0.0,"enemies":"4 Shapes","floor":45.0,"turns":6.0},{"damage":0.0,"enemies":"Reptomancer","floor":47.0,"turns":6.0},{"damage":0.0,"enemies":"3 Darklings","floor":48.0,"turns":5.0},{"damage":0.0,"enemies":"Donu and Deca","floor":50.0,"turns":14.0},{"damage":0.0,"enemies":"Shield and Spear","floor":54.0,"turns":10.0},{"damage":10,"enemies":"The Heart","floor":55,"turns":14}],"seed_played":"7583284441488792463","potions_obtained":[{"floor":2.0,"key":"LiquidMemories"},{"floor":5.0,"key":"BlessingOfTheForge"},{"floor":10.0,"key":"AttackPotion"},{"floor":14.0,"key":"Block Potion"},{"floor":16.0,"key":"LiquidMemories"},{"floor":18.0,"key":"ColorlessPotion"},{"floor":33.0,"key":"ColorlessPotion"},{"floor":41.0,"key":"LiquidMemories"},{"floor":48.0,"key":"Swift Potion"}],"is_trial":false,"path_per_floor":["M","M","$","T","M","E","?","M","T","E","R","M","$","E","R","B",null,"M","?","$","?","?","E","R","T","T","$","E","M","R","M","R","B",null,"M","?","M","$","M","R","E","R","T","?","M","R","E","M","R","B",null,"R","$","E","B",null],"character_chosen":"THE_SILENT","items_purchased":["Footwork","Predator","Footwork","Poison Potion","Backflip","Dash","DollysMirror","Oddly Smooth Stone","Ancient Potion"],"campfire_rested":3,"item_purchase_floors":[3,3,13,13,20,27,38,38,53],"current_hp_per_floor":[63,59,59,59,55,20,20,20,20,2,23,23,23,6,27,27,59,50,50,50,34,34,14,14,14,14,14,12,12,22,20,20,20,31,31,31,31,31,31,31,27,27,27,27,27,27,27,27,27,27,27,27,27,27,17],"gold":74,"neow_bonus":"RANDOM_COMMON_RELIC","is_daily":false,"chose_seed":false,"campfire_upgraded":2,"win_rate":0.0,"timestamp":1608831363,"path_taken":["M","M","$","?","M","E","?","M","T","E","R","M","?","E","R","BOSS","M","?","$","?","?","E","R","?","T","$","E","M","R","M","R","BOSS","M","?","M","$","M","R","E","R","T","?","M","R","E","M","R","BOSS","R","$","E","BOSS"],"items_purchased_type":["Card","Card","Card","Potion","Card","Card","Relic","Relic","Potion"],"build_version":"2020-12-22","purchased_purges":4,"victory":true,"max_hp_per_floor":[70,70,70,70,70,70,70,70,70,70,70,70,70,70,70,70,70,70,70,70,70,35,35,35,35,35,35,35,35,35,35,35,35,35,35,35,35,35,35,35,35,35,35,33,33,33,33,33,33,33,33,33,33,33,33],"relic_stats":{"Mark of the Bloom":20,"counters":[25,185],"CeramicFish":171,"Snake Skull":[160],"Letter Opener":[35],"War Paint":["Defend_G","Defend_G"],"Smiling Mask":250,"Cursed Key":1,"Peace Pipe":4,"MealTicket":0,"Kunai":[47],"obtain_stats":[{"Mark of the Bloom":36,"Nilry\u0027s Codex":21,"CeramicFish":14,"Vajra":9,"Oddly Smooth Stone":38,"Snake Skull":23,"Letter Opener":54,"War Paint":0,"Smiling Mask":6,"Cursed Key":17,"Peace Pipe":41,"DollysMirror":38,"MealTicket":47,"Coffee Dripper":34,"Kunai":10,"StrikeDummy":4,"Ring of the Snake":0},{"Mark of the Bloom":16,"Nilry\u0027s Codex":10,"CeramicFish":8,"Vajra":5,"Oddly Smooth Stone":17,"Snake Skull":11,"Letter Opener":24,"War Paint":0,"Smiling Mask":4,"Cursed Key":9,"Peace Pipe":19,"DollysMirror":17,"MealTicket":21,"Coffee Dripper":15,"Kunai":6,"StrikeDummy":2,"Ring of the Snake":0},{"Mark of the Bloom":109,"Nilry\u0027s Codex":58,"CeramicFish":41,"Vajra":28,"Oddly Smooth Stone":116,"Snake Skull":71,"Letter Opener":171,"War Paint":0,"Smiling Mask":21,"Cursed Key":53,"Peace Pipe":130,"DollysMirror":116,"MealTicket":142,"Coffee Dripper":104,"Kunai":32,"StrikeDummy":9,"Ring of the Snake":0}],"Ring of the Snake":[50]},"card_choices":[{"not_picked":["Underhanded Strike","Acrobatics"],"picked":"Blade Dance","floor":1.0},{"not_picked":["Backflip","Doppelganger"],"picked":"Poisoned Stab","floor":2.0},{"not_picked":["Cloak And Dagger","Blade Dance"],"picked":"Crippling Poison","floor":5.0},{"not_picked":["Tactician","Escape Plan"],"picked":"Calculated Gamble","floor":6.0},{"not_picked":["Deflect","Flying Knee"],"picked":"Leg Sweep","floor":8.0},{"not_picked":["Outmaneuver","Die Die Die"],"picked":"Dagger Spray","floor":10.0},{"not_picked":["Slice","Acrobatics"],"picked":"PiercingWail","floor":12.0},{"not_picked":["Flying Knee","Dagger Throw"],"picked":"Finisher","floor":14.0},{"not_picked":["Venomology","Phantasmal Killer"],"picked":"Night Terror","floor":16.0},{"not_picked":["Bane","Finisher+1"],"picked":"Dodge and Roll","floor":18.0},{"not_picked":["Cloak And Dagger","Dodge and Roll","Finisher"],"picked":"SKIP","floor":23.0},{"not_picked":["Skewer","Dodge and Roll","Flechettes"],"picked":"SKIP","floor":28.0},{"not_picked":["Slice","Bane","Leg Sweep"],"picked":"SKIP","floor":29.0},{"not_picked":["Reflex","Leg Sweep"],"picked":"Noxious Fumes","floor":31.0},{"not_picked":["Night Terror","Envenom"],"picked":"Die Die Die","floor":33.0},{"not_picked":["Slice+1","Masterful Stab"],"picked":"PiercingWail","floor":35.0},{"not_picked":["Dagger Spray+1","Dash+1"],"picked":"Acrobatics","floor":37.0},{"not_picked":["Dodge and Roll","Sucker Punch"],"picked":"Caltrops+1","floor":39.0},{"not_picked":["Slice","Heel Hook"],"picked":"Blur","floor":41.0},{"not_picked":["Outmaneuver","Flying Knee","Terror+1"],"picked":"SKIP","floor":45.0},{"not_picked":["Underhanded Strike+1","Storm of Steel","Distraction+1"],"picked":"SKIP","floor":47.0},{"not_picked":["Prepared","Dodge and Roll","Skewer+1"],"picked":"SKIP","floor":48.0},{"not_picked":["Cloak And Dagger","Prepared","Riddle With Holes+1"],"picked":"SKIP","floor":54.0}],"player_experience":247891,"relics_obtained":[{"floor":4.0,"key":"StrikeDummy"},{"floor":6.0,"key":"Smiling Mask"},{"floor":9.0,"key":"Vajra"},{"floor":10.0,"key":"Kunai"},{"floor":14.0,"key":"CeramicFish"},{"floor":21.0,"key":"Nilry\u0027s Codex"},{"floor":23.0,"key":"Snake Skull"},{"floor":41.0,"key":"Peace Pipe"},{"floor":47.0,"key":"MealTicket"},{"floor":54.0,"key":"Letter Opener"}],"event_choices":[{"damage_healed":0.0,"max_hp_gain":0.0,"max_hp_loss":0.0,"gold_gain":80.0,"event_name":"Golden Wing","player_choice":"Gained Gold","floor":7.0,"gold_loss":0.0,"damage_taken":0.0},{"damage_healed":0.0,"max_hp_gain":0.0,"max_hp_loss":0.0,"gold_gain":0.0,"event_name":"Forgotten Altar","player_choice":"Smashed Altar","floor":19.0,"gold_loss":0.0,"damage_taken":0.0,"cards_obtained":["Decay"]},{"damage_healed":0.0,"max_hp_gain":0.0,"max_hp_loss":0.0,"gold_gain":0.0,"event_name":"Cursed Tome","player_choice":"Obtained Book","floor":21.0,"gold_loss":0.0,"damage_taken":16.0},{"damage_healed":0.0,"max_hp_gain":0.0,"max_hp_loss":35.0,"gold_gain":0.0,"event_name":"Ghosts","player_choice":"Became a Ghost","floor":22.0,"gold_loss":0.0,"damage_taken":0.0,"cards_obtained":["Ghostly","Ghostly","Ghostly","Ghostly","Ghostly"]},{"damage_healed":0.0,"max_hp_gain":0.0,"max_hp_loss":0.0,"gold_gain":0.0,"event_name":"MindBloom","player_choice":"Upgrade","floor":36.0,"gold_loss":0.0,"damage_taken":0.0,"cards_upgraded":["Strike_G","Strike_G","Strike_G","Strike_G","Defend_G","Defend_G","Defend_G","Survivor","Neutralize","Blade Dance","Poisoned Stab","Footwork","Predator","Crippling Poison","Calculated Gamble","Leg Sweep","Dagger Spray","PiercingWail","Footwork","Finisher","Dodge and Roll","Backflip","Ghostly","Ghostly","Ghostly","Ghostly","Ghostly","Dash","Die Die Die","PiercingWail"],"relics_obtained":["Mark of the Bloom"]},{"damage_healed":0.0,"max_hp_gain":0.0,"max_hp_loss":2.0,"gold_gain":0.0,"event_name":"Winding Halls","player_choice":"Max HP","floor":44.0,"gold_loss":0.0,"damage_taken":0.0}],"is_beta":false,"boss_relics":[{"not_picked":["WristBlade","Empty Cage"],"picked":"Cursed Key"},{"not_picked":["Busted Crown","SacredBark"],"picked":"Coffee Dripper"}],"items_purged_floors":[13,20,27,38],"is_endless":false,"potions_floor_spawned":[2,5,10,14,16,18,33,37,41,48],"ascension_level":12}}