{"host":"eemx8njkng76fu5x","time":1608833299,"event":{"mods":["2.2 Compatiblity","BaseMod","Downfall","Minty Spire (QoL Compilation)","Permanent Neow","StSLib","Unceasing Turn Reminder","Unknown Chances"],"gold_per_floor":[0,17,2,18,38,72,72,72,31,50,50,60,60,77,97,97,97,97],"floor_reached":16,"playtime":891,"items_purged":[],"score":171,"play_id":"66f7a537-1b54-476b-91bb-8e4f79d08c81","local_time":"20201225020819","is_ascension_mode":true,"campfire_choices":[{"data":"champ:Taunt","floor":1.0,"key":"SMITH"},{"floor":11,"key":"RECALL"},{"data":"champ:Lariat","floor":13,"key":"SMITH"}],"circlet_count":0,"master_deck":["champ:Strike","champ:Strike","champ:Strike","champ:Defend","champ:Defend","champ:Defend","champ:Execute","champ:Taunt+1","champ:DeathBlow","champ:Backstep","champ:StanceDance","champ:BerserkersShout","champ:CrookedStrike","champ:Lariat+1","champ:Shatter","champ:CalledShot"],"relics":["champ:ChampionCrown","Calipers","Sundial"],"acts_visited":["Exordium"],"potions_floor_usage":[6],"damage_taken":[{"damage":17.0,"enemies":"Cultist","floor":2.0,"turns":5.0},{"damage":30,"enemies":"downfall:FleeingMerchant","floor":3,"turns":4},{"damage":10,"enemies":"2 Louse","floor":4,"turns":4},{"damage":15,"enemies":"Jaw Worm","floor":5,"turns":3},{"damage":38,"enemies":"Gremlin Nob","floor":6,"turns":5},{"damage":30,"enemies":"downfall:FleeingMerchant","floor":9,"turns":4},{"damage":40,"enemies":"Exordium Thugs","floor":10,"turns":9},{"damage":56,"enemies":"Large Slime","floor":12,"turns":6},{"damage":36,"enemies":"2 Fungi Beasts","floor":14,"turns":4},{"damage":27,"enemies":"3 Louse","floor":15,"turns":3},{"damage":81,"enemies":"downfall:Watcher","floor":16,"turns":5}],"seed_played":"5958503363897348034","potions_obtained":[{"floor":2.0,"key":"Guardian:BlockOnCardUsePotion"},{"floor":4,"key":"SteroidPotion"},{"floor":5,"key":"SpeedPotion"},{"floor":6,"key":"SpeedPotion"},{"floor":10,"key":"SteroidPotion"}],"is_trial":false,"path_per_floor":["R","M","$","M","M","E","T","?","$","M","R","M","R","M","M","B"],"character_chosen":"THE_CHAMP","items_purchased":["champ:CrookedStrike"],"campfire_rested":0,"item_purchase_floors":[9],"current_hp_per_floor":[81,79,79,79,79,56,56,66,66,65,65,61,61,50,50,0,0,0],"gold":97,"neow_bonus":"REMOVE_TWO","is_daily":false,"chose_seed":false,"campfire_upgraded":2,"win_rate":0.0,"timestamp":1608833299,"path_taken":["R","M","?","M","M","E","T","?","$","M","R","M","R","M","M","BOSS"],"items_purchased_type":["Card"],"build_version":"2020-12-22","purchased_purges":0,"victory":false,"max_hp_per_floor":[90,90,90,90,90,90,90,100,100,105,105,105,105,105,105,105,105,105],"card_choices":[{"not_picked":["champ:RageSigil","champ:CalledShot"],"picked":"champ:DeathBlow","floor":2.0},{"not_picked":["champ:Shatter","champ:BladeFlurry"],"picked":"champ:Backstep","floor":3},{"not_picked":["champ:ViciousMockery","champ:ShieldWall","champ:GladiatorsShout"],"picked":"SKIP","floor":4},{"not_picked":["champ:ShieldSigil","champ:GladiatorsShout"],"picked":"champ:StanceDance","floor":5},{"not_picked":["champ:ViciousMockery","champ:Aggression"],"picked":"champ:BerserkersShout","floor":6},{"not_picked":["champ:Encircle","champ:SkillfulDodge"],"picked":"champ:FightOn","floor":9},{"not_picked":["champ:RageSigil","champ:FalseCounter"],"picked":"champ:Lariat","floor":10},{"not_picked":["champ:RageSigil","champ:BerserkersShout"],"picked":"champ:Shatter","floor":12},{"not_picked":["champ:FanOfKnives","champ:GladiatorsShout","champ:TornadoPunch"],"picked":"SKIP","floor":14},{"not_picked":["champ:ShieldSigil","champ:TornadoPunch"],"picked":"champ:CalledShot","floor":15}],"player_experience":386178,"relics_obtained":[{"floor":6,"key":"Calipers"},{"floor":7,"key":"Sundial"}],"event_choices":[],"is_beta":false,"boss_relics":[],"items_purged_floors":[],"is_endless":false,"potions_floor_spawned":[2,4,5,6,10,15],"killed_by":"downfall:Watcher","ascension_level":8}}