{"host":"zh52cun1g5egmafn","time":1608827375,"event":{"mods":["AchievementEnabler","Arknights The Spire","BaseMod","DeckTracker","Highlight Path","Minty Spire (QoL Compilation)","StSLib"],"gold_per_floor":[115,40,40,40,40,81,99,99,99,143,143,143,179,192,192,192,192],"floor_reached":16,"playtime":557,"items_purged":["ats:Strike V"],"score":131,"play_id":"eb35c29e-7c62-4aa7-bd71-17b6e2ca3961","local_time":"20201225012935","is_ascension_mode":false,"campfire_choices":[{"floor":8.0,"key":"REST"},{"floor":12.0,"key":"REST"},{"floor":15,"key":"REST"}],"circlet_count":0,"master_deck":["ats:Strike C","ats:Strike G","ats:Strike S","ats:Armor Crushing Shot","ats:Defend","ats:Defend","ats:Defend","ats:Defend","ats:Emotion Absorption","ats:Ignite","ats:Disruption Kick","ats:Ignite"],"relics":["ats:Sanity","NeowsBlessing","ats:Bonebreaker","Golden Idol","ats:Originium","Kunai","Ancient Tea Set","ats:Originium","Strawberry","Odd Mushroom"],"acts_visited":["Exordium"],"potions_floor_usage":[16],"damage_taken":[{"damage":0.0,"enemies":"Cultist","floor":1.0,"turns":1.0},{"damage":0.0,"enemies":"Gremlin Nob","floor":6.0,"turns":1.0},{"damage":0.0,"enemies":"Jaw Worm","floor":7.0,"turns":1.0},{"damage":41.0,"enemies":"3 Sentries","floor":10.0,"turns":11.0},{"damage":12,"enemies":"The Mushroom Lair","floor":13,"turns":6},{"damage":0,"enemies":"Small Slimes","floor":14,"turns":2},{"damage":52,"enemies":"Slime Boss","floor":16,"turns":11}],"seed_played":"-7180968093661799274","potions_obtained":[{"floor":7.0,"key":"AttackPotion"},{"floor":14,"key":"SkillPotion"}],"is_trial":false,"path_per_floor":["M","$","?","?","?","E","M","R","T","E","?","R","?","M","R","B"],"character_chosen":"DOCTOR_CLASS","items_purchased":[],"campfire_rested":3,"item_purchase_floors":[],"current_hp_per_floor":[72,72,54,54,36,36,36,57,57,23,23,46,34,34,57,5,5],"gold":192,"neow_bonus":"THREE_ENEMY_KILL","is_daily":false,"chose_seed":false,"campfire_upgraded":0,"win_rate":0.0,"timestamp":1608827375,"path_taken":["M","$","?","?","?","E","M","R","T","E","?","R","?","M","R","BOSS"],"items_purchased_type":[],"build_version":"2020-12-22","purchased_purges":1,"victory":false,"max_hp_per_floor":[72,72,72,72,72,72,72,72,72,79,79,79,79,79,79,79,79],"card_choices":[{"not_picked":["ats:Flexible Camouflage","ats:Poison Spread"],"picked":"ats:Ignite","floor":1.0},{"not_picked":["ats:Support Order","ats:Hammer On","ats:Leaping Hammer"],"picked":"SKIP","floor":6.0},{"not_picked":["ats:Leaping Hammer","ats:Revitalization","ats:Apocalypse"],"picked":"SKIP","floor":7.0},{"not_picked":["ats:Directed Diagnosis","ats:Curse Doll"],"picked":"ats:Disruption Kick","floor":10.0},{"not_picked":["ats:Cat Scratch","ats:Red Shift"],"picked":"ats:Ignite","floor":13},{"not_picked":["ats:Song Of Battle","ats:Shadow Raid","ats:Powerful Strike"],"picked":"SKIP","floor":14}],"player_experience":169603,"relics_obtained":[{"floor":6.0,"key":"ats:Originium"},{"floor":6.0,"key":"Kunai"},{"floor":9.0,"key":"Ancient Tea Set"},{"floor":10.0,"key":"ats:Originium"},{"floor":10.0,"key":"Strawberry"},{"floor":13,"key":"Odd Mushroom"}],"event_choices":[{"damage_healed":0.0,"max_hp_gain":0.0,"max_hp_loss":0.0,"gold_gain":0.0,"event_name":"Scrap Ooze","player_choice":"Success","floor":3.0,"gold_loss":0.0,"damage_taken":18.0,"relics_obtained":["ats:Bonebreaker"]},{"damage_healed":0.0,"max_hp_gain":0.0,"max_hp_loss":0.0,"gold_gain":0.0,"event_name":"The Cleric","player_choice":"Leave","floor":4.0,"gold_loss":0.0,"damage_taken":0.0},{"damage_healed":0.0,"max_hp_gain":0.0,"max_hp_loss":0.0,"gold_gain":0.0,"event_name":"Golden Idol","player_choice":"Take Damage","floor":5.0,"gold_loss":0.0,"damage_taken":18.0,"relics_obtained":["Golden Idol"]},{"damage_healed":0.0,"max_hp_gain":0.0,"max_hp_loss":0.0,"gold_gain":0.0,"event_name":"Liars Game","player_choice":"Ignored","floor":11.0,"gold_loss":0.0,"damage_taken":0.0},{"damage_healed":0,"gold_gain":0,"player_choice":"Fought Mushrooms","damage_taken":0,"max_hp_gain":0,"max_hp_loss":0,"event_name":"Mushrooms","floor":13,"gold_loss":0}],"is_beta":false,"boss_relics":[],"items_purged_floors":[2],"is_endless":false,"potions_floor_spawned":[7,14],"killed_by":"Slime Boss","ascension_level":0}}