{"host":"avq773cl9g5msfol","time":1608813451,"event":{"mods":["AchievementEnabler","Act Like it!","Ascension Unlocker","Aspiration","Astrologer","Bard","Bartender","BaseMod","Better Altar","Better Match","Better Note","Better Sensory Stone","Better Skull","Better Third Choice","BetterRewards","CapriCore","Colored Map","Colored Powertips","Conspire","Dio Mod","Downfall","Elementarium","Energized Spire","Gensokyo","GifTheSpireLib","GungeonMod","Hallownest","Hermit","Highlight Path","Hubris","Humility","Infinite Spire","Jorbs\u0027s Wanderer Trilogy","Koishi","Magitek Elite","Marisa????????","Marked Mod","Menagerie","Minty Spire (QoL Compilation)","Pale of the Ancients","Potionbrewer","Quarter Circle Forward PUNCH!","Rare Cards Sparkle","Reimu??????","Relic Stats","Remilia??????","Replay The Spire","SacredBarkPlus","Somnambulant","Spicy Shops","StSLib","Synergy Search","The Blue Laboratory","The Bug Knight","The Construct","The Cursed","The Exalted","The Hayseed","The Hierophant","The Immortal","The Judge","The Marked","The Mystic","The Problem Sleuth","The Runesmith","The Senshi","The Vixen","The Wild Card","TheArtist","TheFirefly","TheVacant","Wandering Minibosses","vexMod"],"gold_per_floor":[99,116,3116,2921,2931,2956,2979,2431,2447,2447,2463,2497,2497,2521,2531,2629,2629,2629,2645,2645,2656,2077,2107,2134,2147,2163,2163,2163,2192,2192,2209,2228,2329,2329,2329,2346,2346,2363,2381,1847,1847,1847,1857,1857,1333,1333,1333,1383,1403,1403],"floor_reached":51,"playtime":4288,"items_purged":["Injury","Slimebound:GrowthPunch+1"],"score":1216,"play_id":"02020cd5-c542-4fec-9445-d22783d41fff","local_time":"20201224193731","is_ascension_mode":true,"campfire_choices":[{"data":"Slimebound:CorrosiveSpit","floor":1,"key":"SMITH"},{"data":"Slimebound:Prepare","floor":10,"key":"SMITH"},{"data":"Slimebound:Split","floor":18,"key":"SMITH"},{"data":"Slimebound:RollThrough","floor":27,"key":"SMITH"},{"data":"infinitespire:Gouge","floor":30,"key":"SMITH"},{"data":"Slimebound:LivingWall","floor":35,"key":"SMITH"}],"circlet_count":0,"master_deck":["Slimebound:Tackle","Slimebound:Split+1","Slimebound:CorrosiveSpit+1","Slimebound:RejuvenatingLick+1","Slimebound:FlameTackle+1","Slimebound:SlimeBarrage+1","Slimebound:ItLooksTasty+1","Slimebound:MegaLick+1","Slimebound:BestDefense+1","Slimebound:SplitLeeching+1","Slimebound:RallyTheTroops+1","Enlightenment+1","Slimebound:LeechEnergy+1","Slimebound:Dissolve+1","Slimebound:Prepare+1","expansioncontent:DarkVoid+1","ReplayUltimateDefense+1","Slimebound:LevelUp+1","Slimebound:Recollect+1","Slimebound:DuplicatedForm+1","Slimebound:LivingWall+1","Slimebound:DouseInSlime+1","Slimebound:RollThrough+1","Slimebound:DisruptingSlam+1","Slimebound:SplitAcid+1","Slimebound:OozeBath+1","infinitespire:Gouge+1","hubris:Fate","Slimebound:HungryTackle","Slimebound:OneTwoCombo+1","Slimebound:SplitMire+1","Slimebound:Gluttony+1","Slimebound:ViciousTackle","expansioncontent:Collect+1","Panache+1","infinitespire:UltimateForm+1","Bandage Up+1","Replay:BluntJabs"],"relics":["aspiration:FutureDiary","Golden Egg","Quantum Egg","wanderingMiniBosses:OtherGremlinHorn","infinitespire:Broken Mirror","Tintinnabulum","potionbrewer:BhaskarasWheel","downfall:KnowingSkull","Slimebound:SelfDamagePreventRelic","Ornamental Fan","DemoMod:OrangeGuonStone","qcfpunch:Red_Headband","Replay:Baseball","Ginger","aspiration:PoetsPen","DemoMod:GlassGuonStoneRelic","DemoMod:WhiteGuonStone","War Paint","Juzu Bracelet","Oddly Smooth Stone","CrazyTorch:ReiMu","ClockworkSouvenir","hubris:DisguiseKit","DemoMod:GundromedaStrain"],"acts_visited":["Exordium","TheCity","TheBeyond"],"potions_floor_usage":[4,4,4,4,4,25],"damage_taken":[{"damage":9,"enemies":"Jaw Worm","floor":2,"turns":4},{"damage":9,"enemies":"downfall:FleeingMerchant","floor":4,"turns":4},{"damage":6,"enemies":"Cultist","floor":5,"turns":1},{"damage":10,"enemies":"Lagavulin","floor":6,"turns":2},{"damage":3,"enemies":"Small Slimes","floor":9,"turns":1},{"damage":4,"enemies":"Blue Slaver","floor":11,"turns":2},{"damage":4,"enemies":"Replay:BlueRogue","floor":12,"turns":3},{"damage":4,"enemies":"3 Louse","floor":15,"turns":2},{"damage":8,"enemies":"downfall:Defect","floor":16,"turns":5},{"damage":19,"enemies":"Snecko","floor":19,"turns":2},{"damage":8,"enemies":"3 Cultists","floor":21,"turns":3},{"damage":5,"enemies":"conspire:Head Lice","floor":23,"turns":5},{"damage":4,"enemies":"Shelled Parasite and Fungi","floor":25,"turns":3},{"damage":16,"enemies":"Cultist and Chosen","floor":26,"turns":2},{"damage":16,"enemies":"HollowMod:Nosk","floor":29,"turns":4},{"damage":16,"enemies":"Centurion and Healer","floor":31,"turns":3},{"damage":4,"enemies":"Sentry and Sphere","floor":32,"turns":3},{"damage":26,"enemies":"downfall:Ironclad","floor":33,"turns":4},{"damage":16,"enemies":"3 Darklings","floor":36,"turns":2},{"damage":8,"enemies":"Orb Walker","floor":38,"turns":2},{"damage":39,"enemies":"Transient","floor":39,"turns":6},{"damage":25,"enemies":"4 Shapes","floor":43,"turns":2},{"damage":8,"enemies":"Mind Bloom Boss Battle","floor":48,"turns":2},{"damage":8,"enemies":"Spire Growth","floor":49,"turns":2},{"damage":0,"enemies":"downfall:Watcher","floor":50,"turns":3}],"seed_played":"-3448146756524343270","potions_obtained":[{"floor":5,"key":"potionbrewer:NoxiousPotion"},{"floor":16,"key":"blueLaboratory:SavagePotion"},{"floor":36,"key":"champ:CounterPotion"},{"floor":49,"key":"blueLaboratory:FrostheartPotion"}],"is_trial":false,"path_per_floor":["R","M","?","$","M","E","T","$","M","R","M","E","?","T","M","B",null,"R","M","?","M","$","E","T","M","M","R","AVR","E","R","M","M","B",null,"R","M","?","M","M","$","T","?","M","AVR","$","?","?","?","M","B",null],"character_chosen":"SLIMEBOUND","items_purchased":["infinitespire:Broken Mirror","Enlightenment","blueLaboratory:BubblePotion","Slimebound:LeechEnergy","Slimebound:Dissolve","expansioncontent:DarkVoid","ReplayUltimateDefense","Slimebound:LevelUp+1","Swift Potion","Slimebound:SelfDamagePreventRelic","Slimebound:DisruptingSlam","EssenceOfSteel","Ornamental Fan","DemoMod:WhiteGuonStone","War Paint","expansioncontent:Collect","Panache","CrazyTorch:ReiMu","ClockworkSouvenir","hubris:DisguiseKit"],"campfire_rested":0,"item_purchase_floors":[4,4,4,4,4,8,8,8,8,22,22,22,22,40,40,40,40,45,45,45],"current_hp_per_floor":[60,55,55,52,48,44,44,44,43,43,45,47,53,54,55,60,65,65,65,59,62,63,65,65,65,65,65,65,65,65,65,65,65,65,65,65,65,65,61,62,63,64,44,45,46,47,48,57,65,65],"gold":1403,"neow_bonus":"BOSS_RELIC","is_daily":false,"chose_seed":false,"campfire_upgraded":6,"win_rate":0.0,"timestamp":1608813451,"path_taken":["R","M","?","$","M","E","T","?","M","R","M","E","?","?","M","BOSS","R","M","?","?","$","E","T","M","M","R","AVR","E","R","M","M","BOSS","R","M","?","?","?","$","T","?","M","AVR","?","?","?","?","M","BOSS"],"items_purchased_type":["Relic","Card","Potion","Card","Card","Card","Card","Card","Potion","Relic","Card","Potion","Relic","Relic","Relic","Card","Card","Relic","Relic","Relic"],"build_version":"2020-12-22","purchased_purges":2,"victory":true,"max_hp_per_floor":[60,60,60,60,60,60,60,60,60,60,60,60,65,65,65,65,65,65,65,65,65,65,65,65,65,65,65,65,65,65,65,65,65,65,65,65,65,65,65,65,65,65,65,65,65,65,65,65,65,65],"relic_stats":{"counters":[25,71],"Ornamental Fan":[128],"Juzu Bracelet":1,"Ginger":[21],"War Paint":["Slimebound:SplitMire","Slimebound:Recollect"],"obtain_stats":[{"Golden Egg":1,"DemoMod:GlassGuonStoneRelic":2,"Juzu Bracelet":41,"wanderingMiniBosses:OtherGremlinHorn":4,"Ginger":29,"DemoMod:WhiteGuonStone":40,"ClockworkSouvenir":45,"aspiration:PoetsPen":34,"downfall:KnowingSkull":20,"aspiration:FutureDiary":0,"hubris:DisguiseKit":45,"Slimebound:SelfDamagePreventRelic":22,"Quantum Egg":1,"DemoMod:OrangeGuonStone":23,"Oddly Smooth Stone":44,"potionbrewer:BhaskarasWheel":17,"War Paint":40,"Replay:Baseball":28,"DemoMod:GundromedaStrain":48,"infinitespire:Broken Mirror":4,"Ornamental Fan":22,"Tintinnabulum":12,"CrazyTorch:ReiMu":45,"Pandora\u0027s Box":4,"Slimebound:AbsorbEndCombat":0,"qcfpunch:Red_Headband":24},{"Golden Egg":0,"DemoMod:GlassGuonStoneRelic":1,"Juzu Bracelet":21,"wanderingMiniBosses:OtherGremlinHorn":2,"Ginger":15,"DemoMod:WhiteGuonStone":21,"ClockworkSouvenir":22,"aspiration:PoetsPen":18,"downfall:KnowingSkull":10,"aspiration:FutureDiary":0,"hubris:DisguiseKit":22,"Slimebound:SelfDamagePreventRelic":11,"Quantum Egg":0,"DemoMod:OrangeGuonStone":12,"Oddly Smooth Stone":22,"potionbrewer:BhaskarasWheel":9,"War Paint":21,"Replay:Baseball":14,"DemoMod:GundromedaStrain":23,"infinitespire:Broken Mirror":2,"Ornamental Fan":11,"Tintinnabulum":7,"CrazyTorch:ReiMu":22,"Pandora\u0027s Box":2,"Slimebound:AbsorbEndCombat":0,"qcfpunch:Red_Headband":12},{"Golden Egg":0,"DemoMod:GlassGuonStoneRelic":4,"Juzu Bracelet":62,"wanderingMiniBosses:OtherGremlinHorn":8,"Ginger":42,"DemoMod:WhiteGuonStone":62,"ClockworkSouvenir":64,"aspiration:PoetsPen":52,"downfall:KnowingSkull":25,"aspiration:FutureDiary":0,"hubris:DisguiseKit":64,"Slimebound:SelfDamagePreventRelic":28,"Quantum Egg":0,"DemoMod:OrangeGuonStone":33,"Oddly Smooth Stone":64,"potionbrewer:BhaskarasWheel":23,"War Paint":62,"Replay:Baseball":38,"DemoMod:GundromedaStrain":66,"infinitespire:Broken Mirror":8,"Ornamental Fan":28,"Tintinnabulum":17,"CrazyTorch:ReiMu":64,"Pandora\u0027s Box":8,"Slimebound:AbsorbEndCombat":0,"qcfpunch:Red_Headband":33}]},"card_choices":[{"not_picked":["Slimebound:ComboTackle","Slimebound:GoopSpray"],"picked":"Slimebound:RejuvenatingLick","floor":2},{"not_picked":["Slimebound:GrowthPunch","Slimebound:LeechingTouch"],"picked":"Slimebound:FlameTackle","floor":4},{"not_picked":["Slimebound:Recollect","Slimebound:ProtectTheBoss","Slimebound:Chomp"],"picked":"SKIP","floor":5},{"not_picked":["Slimebound:Schlurp","Slimebound:LeechingTouch"],"picked":"Slimebound:Prepare","floor":6},{"not_picked":["Slimebound:Dissolve","Slimebound:LevelUp"],"picked":"Slimebound:Recollect","floor":9},{"not_picked":["Slimebound:GoopSpray","Slimebound:GrowthPunch","Slimebound:Schlurp"],"picked":"SKIP","floor":11},{"not_picked":["Slimebound:SplitLeeching","Slimebound:Dissolve"],"picked":"Slimebound:DuplicatedForm","floor":12},{"not_picked":["Slimebound:FormOfPuddle","Slimebound:Chomp"],"picked":"Slimebound:LivingWall","floor":15},{"not_picked":["Slimebound:SlimeSlap","Slimebound:Recycling"],"picked":"Slimebound:DouseInSlime","floor":16},{"not_picked":["Slimebound:FirmFortitude","Slimebound:Nibble","Slimebound:LevelUp"],"picked":"SKIP","floor":19},{"not_picked":["Slimebound:ProtectTheBoss","Slimebound:GoopTackle+1"],"picked":"Slimebound:RollThrough","floor":21},{"not_picked":["Slimebound:SlimeSpikes","Slimebound:SplitLeeching"],"picked":"Slimebound:SplitAcid+1","floor":23},{"not_picked":["Slimebound:SplitLeeching","Slimebound:FormOfPuddle","Slimebound:PressTheAttack+1"],"picked":"SKIP","floor":25},{"not_picked":["Slimebound:Schlurp+1","Slimebound:SamplingLick"],"picked":"Slimebound:OozeBath","floor":26},{"not_picked":["Slimebound:SplitMire","Slimebound:Grow+1","Slimebound:Schlurp"],"picked":"SKIP","floor":29},{"not_picked":["Slimebound:GoopTackle","Slimebound:ComboTackle","Slimebound:Grow"],"picked":"SKIP","floor":31},{"not_picked":["Slimebound:LeechingTouch","Slimebound:Grow"],"picked":"Slimebound:HungryTackle","floor":32},{"not_picked":["Slimebound:CheckThePlaybook","Slimebound:LeechLife"],"picked":"Slimebound:OneTwoCombo","floor":33},{"not_picked":["Slimebound:FinishingTackle","Slimebound:LeadByExample"],"picked":"Slimebound:SplitMire","floor":36},{"not_picked":["Slimebound:SplitBruiser+1","Slimebound:SlimeSpikes"],"picked":"Slimebound:Gluttony+1","floor":38},{"not_picked":["Slimebound:GoopSpray","Slimebound:LeadByExample+1"],"picked":"Slimebound:ViciousTackle","floor":39},{"not_picked":["Slimebound:SplitBruiser+1","Slimebound:Grow+1","Slimebound:SlimeSpikes"],"picked":"SKIP","floor":43},{"not_picked":["Slimebound:MassRepurpose","Slimebound:ItLooksTasty","Slimebound:SplitBruiser+1"],"picked":"Replay:BluntJabs","floor":48},{"not_picked":["Slimebound:TongueLash+1","Slimebound:BestDefense","Slimebound:Prepare+1","ClearTheMind"],"picked":"SKIP","floor":49}],"player_experience":1191918,"relics_obtained":[{"floor":4,"key":"wanderingMiniBosses:OtherGremlinHorn"},{"floor":12,"key":"Tintinnabulum"},{"floor":23,"key":"DemoMod:OrangeGuonStone"},{"floor":24,"key":"qcfpunch:Red_Headband"},{"floor":29,"key":"Ginger"},{"floor":41,"key":"Juzu Bracelet"},{"floor":48,"key":"DemoMod:GundromedaStrain"}],"event_choices":[{"damage_healed":0,"gold_gain":0,"player_choice":"Forge","damage_taken":0,"max_hp_gain":0,"max_hp_loss":0,"event_name":"Accursed Blacksmith","floor":3,"gold_loss":0,"cards_upgraded":["Slimebound:RejuvenatingLick"]},{"damage_healed":0,"gold_gain":0,"player_choice":"Donut","damage_taken":0,"max_hp_gain":5,"max_hp_loss":0,"event_name":"Big Fish","floor":13,"gold_loss":0},{"cards_removed":["expansioncontent:DarkVoid"],"damage_healed":0,"gold_gain":0,"player_choice":"Take \u0026 Give","damage_taken":0,"max_hp_gain":0,"max_hp_loss":0,"event_name":"betterNote:BetterNote","floor":46,"gold_loss":0,"cards_obtained":["Bandage Up"]}],"is_beta":false,"boss_relics":[{"not_picked":["Bromod:ArcaneEnergize","ReplayTheSpireMod:DimensionalGlitch"],"picked":"potionbrewer:BhaskarasWheel"},{"not_picked":["Fusion Hammer","hubris:RunicObelisk"],"picked":"aspiration:PoetsPen"}],"items_purged_floors":[4,28],"is_endless":false,"potions_floor_spawned":[2,5,6,16,25,26,32,36,48,49],"ascension_level":4}}