{"host":"z5s44qp1ule1sbwl","time":1608785383,"event":{"mods":["BaseMod","Downfall","Minty Spire (QoL Compilation)","StSLib"],"gold_per_floor":[99,99,99,99,123,123,123,123,154,172,188,188,226,250,269,383,383,383,397,426,444,55,83,147,166,175,100,120,120,155,180,203,310,310,235,249,249,273,293,311,344,344,379,304,37,46,46,63,75,75,75,75],"floor_reached":50,"playtime":2380,"items_purged":[],"score":702,"play_id":"47ee854b-3dac-4cd2-857b-9f8a3a85669a","local_time":"20201224044943","is_ascension_mode":false,"campfire_choices":[{"data":"Guardian:TwinSlam","floor":1,"key":"SMITH"},{"data":"Guardian:RefractedBeam","floor":6,"key":"SMITH"},{"data":"Guardian:RefractedBeam+1","floor":8,"key":"SMITH"},{"data":"Guardian:RefractedBeam+2","floor":18,"key":"SMITH"},{"floor":27,"key":"RECALL"},{"floor":29,"key":"REST"},{"data":"Guardian:FierceBash","floor":35,"key":"SMITH"},{"floor":44,"key":"REST"}],"circlet_count":0,"master_deck":["Guardian:Strike_Guardian","Guardian:Strike_Guardian","Guardian:Strike_Guardian+1","Guardian:Defend_Guardian","Guardian:Defend_Guardian+1","Guardian:Defend_Guardian+1","Guardian:Defend_Guardian","Guardian:CurlUp","Guardian:TwinSlam+1","Guardian:RefractedBeam+4","Guardian:PolyBeam+1","Guardian:Gem_Lightblue","Guardian:StasisField","Guardian:RollAttack","Regret","Guardian:SphericShield","Guardian:FloatingOrbs+1","Guardian:Gem_Fragmented","Guardian:PiercingHide+1","Guardian:GatlingBeam+1","Shame","Guardian:ChargeUp","Shame","Guardian:FierceBash+1","Guardian:BronzeArmor+1","Guardian:Gem_Crimson","Guardian:ArmoredProtocol","Guardian:Preprogram+1","Guardian:Gem_Green","Injury","Guardian:Gem_Lightblue","Pain"],"relics":["Guardian:ModeShifterPlus","downfall:HeartsMalice","Guardian:PickAxe","Pear","Mercury Hourglass","CeramicFish","Odd Mushroom","Cursed Key","PreservedInsect","Ornamental Fan","Whetstone","Blood Vial","downfall:HeartBlessingBlue","StrikeDummy","downfall:HeartBlessingRed","Strawberry","Blue Candle","downfall:HeartBlessingGreen","Guardian:BottledStasis"],"acts_visited":["Exordium","TheCity","TheBeyond"],"potions_floor_usage":[13,16,16,20,20,33,33,33,40,40,43,50,50],"damage_taken":[{"damage":0,"enemies":"Cultist","floor":2,"turns":1},{"damage":0,"enemies":"downfall:FleeingMerchant","floor":3,"turns":1},{"damage":0,"enemies":"Lagavulin","floor":9,"turns":1},{"damage":7,"enemies":"Jaw Worm","floor":10,"turns":2},{"damage":6,"enemies":"2 Louse","floor":11,"turns":1},{"damage":7,"enemies":"3 Sentries","floor":13,"turns":3},{"damage":10,"enemies":"The Mushroom Lair","floor":14,"turns":4},{"damage":1,"enemies":"Gremlin Gang","floor":15,"turns":3},{"damage":24,"enemies":"downfall:Watcher","floor":16,"turns":7},{"damage":1,"enemies":"3 Byrds","floor":19,"turns":2},{"damage":1,"enemies":"Shelled Parasite and Fungi","floor":20,"turns":4},{"damage":6,"enemies":"downfall:FleeingMerchant","floor":22,"turns":4},{"damage":0,"enemies":"Snake Plant","floor":23,"turns":4},{"damage":8,"enemies":"Centurion and Healer","floor":25,"turns":6},{"damage":9,"enemies":"Sentry and Sphere","floor":28,"turns":4},{"damage":1,"enemies":"Book of Stabbing","floor":30,"turns":4},{"damage":12,"enemies":"Shelled Parasite and Fungi","floor":31,"turns":4},{"damage":19,"enemies":"Centurion and Healer","floor":32,"turns":6},{"damage":11,"enemies":"downfall:Defect","floor":33,"turns":9},{"damage":23,"enemies":"3 Darklings","floor":36,"turns":4},{"damage":1,"enemies":"Orb Walker","floor":38,"turns":4},{"damage":41,"enemies":"3 Darklings","floor":39,"turns":4},{"damage":31,"enemies":"Maw","floor":40,"turns":8},{"damage":13,"enemies":"Giant Head","floor":43,"turns":8},{"damage":0,"enemies":"downfall:FleeingMerchant","floor":45,"turns":4},{"damage":13,"enemies":"Transient","floor":48,"turns":5},{"damage":10,"enemies":"3 Darklings","floor":49,"turns":6},{"damage":110,"enemies":"downfall:Silent","floor":50,"turns":11}],"seed_played":"-7896622122314654845","potions_obtained":[{"floor":9,"key":"Explosive Potion"},{"floor":10,"key":"FearPotion"},{"floor":11,"key":"EssenceOfSteel"},{"floor":15,"key":"PowerPotion"},{"floor":16,"key":"Energy Potion"},{"floor":19,"key":"Guardian:AcceleratePotion"},{"floor":30,"key":"EssenceOfSteel"},{"floor":31,"key":"sneckomod:MuddlingPotion"},{"floor":36,"key":"SpeedPotion"},{"floor":38,"key":"champ:CounterPotion"},{"floor":40,"key":"Swift Potion"}],"is_trial":false,"path_per_floor":["R","M","$","?","T","R","T","R","E","M","M","?","E","?","M","B",null,"R","M","M","?","$","M","T","M","?","R","M","R","E","M","M","B",null,"R","M","?","M","M","M","T","?","E","R","$","?","?","M","M","B"],"character_chosen":"GUARDIAN","items_purchased":["PreservedInsect","Ornamental Fan","Guardian:BottledStasis","SkillPotion","Guardian:DefensiveModePotion"],"campfire_rested":2,"item_purchase_floors":[22,22,45,45,45],"current_hp_per_floor":[80,80,80,80,80,80,90,90,90,83,77,77,70,60,59,35,90,90,89,88,88,82,82,82,74,74,84,77,100,99,88,71,62,100,100,77,77,78,39,10,17,17,6,38,40,56,123,110,102,0,0,0],"gold":75,"neow_bonus":"THREE_ENEMY_KILL","is_daily":false,"chose_seed":false,"campfire_upgraded":5,"win_rate":0.0,"timestamp":1608785383,"path_taken":["R","M","$","?","?","R","T","R","E","?","M","?","E","?","M","BOSS","R","M","M","?","$","?","T","M","?","R","M","R","E","M","M","BOSS","R","M","?","M","?","M","T","?","E","R","?","?","?","M","M","BOSS"],"items_purchased_type":["Relic","Relic","Relic","Potion","Potion"],"build_version":"2020-12-22","purchased_purges":0,"victory":false,"max_hp_per_floor":[80,80,80,80,80,80,90,90,90,90,90,90,90,90,90,90,90,90,90,90,90,90,90,90,90,90,100,100,100,100,100,100,100,100,100,100,100,100,100,100,107,107,107,107,107,123,123,123,123,123,123,123],"card_choices":[{"not_picked":["Guardian:Gem_Cyan","Guardian:ChargeCore"],"picked":"Guardian:RefractedBeam","floor":2},{"not_picked":["Guardian:ChargeCore","Guardian:Suspension"],"picked":"Guardian:PolyBeam","floor":3},{"not_picked":["Guardian:Gem_White","Guardian:Incinerate"],"picked":"Guardian:StasisField","floor":9},{"not_picked":["Guardian:Incinerate","Guardian:WalkerClaw"],"picked":"Guardian:RollAttack","floor":10},{"not_picked":["Guardian:WalkerClaw","Guardian:MultiBeam"],"picked":"Guardian:Gem_Red","floor":11},{"not_picked":["Guardian:Gem_Green","Guardian:Suspension"],"picked":"Guardian:Gem_Purple","floor":13},{"not_picked":["Guardian:Reroute","Guardian:Gem_Cyan","Guardian:PolyBeam"],"picked":"SKIP","floor":15},{"not_picked":["Guardian:StasisField","Guardian:RevengeProtocol"],"picked":"Guardian:SphericShield","floor":16},{"not_picked":["Guardian:ChargeCore+1","Guardian:Gem_Green","Guardian:CrystalBeam+1"],"picked":"SKIP","floor":19},{"not_picked":["Guardian:Emergency","Guardian:SentryBeam"],"picked":"Guardian:FloatingOrbs+1","floor":20},{"not_picked":["Guardian:Gem_Green","Guardian:CrystalBeam"],"picked":"Guardian:PiercingHide+1","floor":22},{"not_picked":["Guardian:PrismaticBeam","Guardian:Suspension"],"picked":"Guardian:GatlingBeam","floor":23},{"not_picked":["Guardian:Gem_Lightblue","Guardian:Planning+1"],"picked":"Guardian:ChargeUp","floor":25},{"not_picked":["Guardian:Gem_White","Guardian:SentryBeam+1"],"picked":"Guardian:FierceBash","floor":28},{"not_picked":["Guardian:Suspension+1","Guardian:PolyBeam"],"picked":"Guardian:BronzeArmor+1","floor":30},{"not_picked":["Guardian:TemporalStrike+1","Guardian:Suspension"],"picked":"Guardian:Gem_Crimson","floor":31},{"not_picked":["Guardian:Gem_Lightblue","Guardian:Planning"],"picked":"Guardian:ArmoredProtocol","floor":32},{"not_picked":["Guardian:AncientConstruct","Guardian:GatlingBeam"],"picked":"Guardian:Gem_Orange","floor":33},{"not_picked":["Guardian:PolyBeam+1","Guardian:Incinerate","Guardian:Clone+1"],"picked":"SKIP","floor":36},{"not_picked":["Guardian:PrismaticBarrier","Guardian:PrimingBeam+1"],"picked":"Guardian:Preprogram+1","floor":38},{"not_picked":["Guardian:Planning","Guardian:TimeCapacitor"],"picked":"Guardian:Gem_Green","floor":39},{"not_picked":["Guardian:ChargeUp","Guardian:Planning+1","Guardian:SentryBeam+1"],"picked":"SKIP","floor":40},{"not_picked":["Guardian:PrimingBeam","Guardian:RollAttack+1"],"picked":"Guardian:Gem_Lightblue","floor":43},{"not_picked":["Guardian:Reroute+1","Guardian:Gem_White","Guardian:WalkerClaw+1"],"picked":"SKIP","floor":45},{"not_picked":["Guardian:ArmoredProtocol","Guardian:Harden","Guardian:Planning+1"],"picked":"SKIP","floor":48},{"not_picked":["Guardian:Suspension+1","Guardian:VentSteam+1","Guardian:Gem_Cyan"],"picked":"SKIP","floor":49}],"player_experience":1133524,"relics_obtained":[{"floor":7,"key":"Pear"},{"floor":9,"key":"Mercury Hourglass"},{"floor":13,"key":"CeramicFish"},{"floor":14,"key":"Odd Mushroom"},{"floor":24,"key":"Whetstone"},{"floor":30,"key":"StrikeDummy"},{"floor":41,"key":"Strawberry"},{"floor":43,"key":"Blue Candle"}],"event_choices":[{"damage_healed":0,"gold_gain":0,"player_choice":"Fought Mushrooms","damage_taken":0,"max_hp_gain":0,"max_hp_loss":0,"event_name":"Mushrooms","floor":14,"gold_loss":0},{"damage_healed":0,"gold_gain":0,"player_choice":"Stole Relic","damage_taken":0,"relics_obtained":["Blood Vial"],"max_hp_gain":0,"max_hp_loss":0,"event_name":"Addict","floor":26,"gold_loss":0,"cards_obtained":["Shame"]},{"cards_removed":["Guardian:Strike_Guardian"],"damage_healed":0,"gold_gain":0,"player_choice":"Removed Attack","damage_taken":0,"max_hp_gain":0,"max_hp_loss":0,"event_name":"Falling","floor":42,"gold_loss":0}],"is_beta":false,"boss_relics":[{"not_picked":["Fusion Hammer","Tiny House"],"picked":"Cursed Key"},{"not_picked":["Guardian:StasisSlotReductionRelic","Runic Dome"],"picked":"Guardian:ModeShifterPlus"}],"items_purged_floors":[],"is_endless":false,"potions_floor_spawned":[9,10,11,15,16,19,30,31,32,36,38,40],"killed_by":"downfall:Silent","ascension_level":0}}