{"host":"nnxvcju6x1qybncj","time":1608848765,"event":{"mods":["BaseMod","Displayed Cursed Tome","Downfall","Jorbs\u0027s Wanderer Trilogy","Minty Spire (QoL Compilation)","Quick Restart","StSLib","The Construct","The Cursed","The Disciple","The Hierophant","The Judge","The Necromancer","The Spell Scribe","TheFirefly"],"gold_per_floor":[99,99,99,24,24,24,24,24,24,24,24,36,36,49,65,167,167,167,179,192,192,192,192,192,192,203,203,203,237,171,189,189,189,189],"floor_reached":32,"playtime":1124,"items_purged":["Regret"],"score":269,"play_id":"e906348b-bbad-4eaa-8157-d989adb4283e","local_time":"20201224232605","is_ascension_mode":false,"campfire_choices":[{"data":"hexamod:Sear","floor":1,"key":"SMITH"},{"data":"hexamod:VolcanoVisage","floor":6,"key":"SMITH"},{"data":"hexamod:SpectersWail","floor":9,"key":"SMITH"},{"data":"hexamod:CatchUp","floor":13,"key":"SMITH"},{"data":"hexamod:HeatCrush","floor":18,"key":"SMITH"},{"data":"hexamod:WildfireWeapon","floor":25,"key":"SMITH"},{"floor":28,"key":"REST"}],"circlet_count":0,"master_deck":["hexamod:Defend","hexamod:Defend","hexamod:Defend","hexamod:Defend","hexamod:Sear+1","hexamod:Float+1","hexamod:SpectersWail+1","hexamod:VolcanoVisage+1","hexamod:SoulSteal","hexamod:CatchUp+1","hexamod:HeatCrush+1","hexamod:GhostOfSpirePast","hexamod:WildfireWeapon+1","hexamod:Haunt+1","hexamod:CrushingStance+1","hexamod:ParanormalForm+1","hexamod:RadiantFlame+1","hexamod:FastForward","hexamod:HeatMetal","hexamod:InspiringFlames+1","hexamod:AdvancingGuard+1","hexamod:BurningTouch+1","hexamod:GhostflameBarrier+1","hexamod:GhostShield+1"],"relics":["hexamod:SpiritBrand","downfall:HeartsMalice","Pantograph","Astrolabe","Omamori","Toxic Egg 2","Prayer Wheel"],"acts_visited":["Exordium","TheCity"],"potions_floor_usage":[20,26,32,32,32],"damage_taken":[{"damage":0,"enemies":"2 Louse","floor":2,"turns":1},{"damage":0,"enemies":"downfall:FleeingMerchant","floor":4,"turns":1},{"damage":0,"enemies":"Jaw Worm","floor":11,"turns":1},{"damage":0,"enemies":"Small Slimes","floor":12,"turns":3},{"damage":0,"enemies":"2 Fungi Beasts","floor":14,"turns":3},{"damage":5,"enemies":"Large Slime","floor":15,"turns":4},{"damage":47,"enemies":"downfall:Ironclad","floor":16,"turns":6},{"damage":13,"enemies":"Shell Parasite","floor":19,"turns":3},{"damage":0,"enemies":"Chosen","floor":20,"turns":3},{"damage":21,"enemies":"Shelled Parasite and Fungi","floor":26,"turns":4},{"damage":37,"enemies":"Gremlin Leader","floor":29,"turns":4},{"damage":4,"enemies":"downfall:FleeingMerchant","floor":30,"turns":4},{"damage":8,"enemies":"Centurion and Healer","floor":31,"turns":5},{"damage":15,"enemies":"Sentry and Sphere","floor":32,"turns":5}],"seed_played":"3833918551109797568","potions_obtained":[{"floor":12,"key":"SpeedPotion"},{"floor":14,"key":"Swift Potion"},{"floor":16,"key":"Swift Potion"},{"floor":19,"key":"SkillPotion"},{"floor":20,"key":"Block Potion"},{"floor":31,"key":"Block Potion"}],"is_trial":false,"path_per_floor":["R","M","?","$","?","R","T","?","R","?","M","M","R","M","M","B",null,"R","M","M","?","T","?","T","R","M","?","R","E","$","M","M"],"character_chosen":"THE_SPIRIT","items_purchased":["hexamod:BurningTouch+1"],"campfire_rested":1,"item_purchase_floors":[30],"current_hp_per_floor":[70,70,70,70,70,70,70,75,75,75,75,75,75,75,70,28,75,75,62,62,62,62,62,62,62,41,41,63,26,22,14,0,0,0],"gold":189,"neow_bonus":"THREE_ENEMY_KILL","is_daily":false,"chose_seed":false,"campfire_upgraded":6,"win_rate":0.0,"timestamp":1608848765,"path_taken":["R","M","?","$","?","R","T","?","R","?","M","M","R","M","M","BOSS","R","M","M","?","?","?","T","R","?","?","R","E","?","M","M"],"items_purchased_type":["Card"],"build_version":"2020-12-22","purchased_purges":1,"victory":false,"max_hp_per_floor":[70,70,70,70,70,70,70,75,75,75,75,75,75,75,75,75,75,75,75,75,75,75,75,75,75,75,75,75,75,75,75,75,75,75],"card_choices":[{"not_picked":["hexamod:GhostShield","hexamod:InspiringFlames"],"picked":"hexamod:SpectersWail","floor":2},{"not_picked":["hexamod:Hexaguard","hexamod:GhostLash"],"picked":"hexamod:VolcanoVisage","floor":4},{"not_picked":["hexamod:SpectersWail","hexamod:Again"],"picked":"hexamod:SoulSteal","floor":11},{"not_picked":["hexamod:SpectersWail","hexamod:GhostShield"],"picked":"hexamod:CatchUp","floor":12},{"not_picked":["hexamod:FastForward","hexamod:SoulSteal"],"picked":"hexamod:HeatCrush","floor":14},{"not_picked":["hexamod:SpectersWail","hexamod:Firestarter"],"picked":"hexamod:GhostOfSpirePast","floor":15},{"not_picked":["hexamod:SixthSeal","hexamod:ParanormalForm"],"picked":"hexamod:WildfireWeapon","floor":16},{"not_picked":["hexamod:BacktrackSmack","hexamod:HeatShield+1"],"picked":"hexamod:RadiantFlame+1","floor":19},{"not_picked":["hexamod:BacktrackSmack+1","hexamod:ThermalTransfer"],"picked":"hexamod:FastForward","floor":20},{"not_picked":["hexamod:FourthSeal","hexamod:GhostLash"],"picked":"hexamod:HeatMetal","floor":26},{"not_picked":["hexamod:NecessarySacrifice+1","hexamod:BacktrackSmack"],"picked":"hexamod:InspiringFlames+1","floor":29},{"not_picked":["hexamod:BacktrackSmack","hexamod:GhostflameInferno+1"],"picked":"hexamod:AdvancingGuard+1","floor":30},{"not_picked":["hexamod:NightmareGuise+1","hexamod:BurningTouch+1"],"picked":"hexamod:GhostflameBarrier+1","floor":31},{"not_picked":["hexamod:InspiringFlames+1","hexamod:GhostShield+1","hexamod:Hexaguard+1"],"picked":"SKIP","floor":31},{"not_picked":["hexamod:InspiringFlames+1","hexamod:Hexaguard+1"],"picked":"hexamod:GhostShield+1","floor":31}],"player_experience":732286,"relics_obtained":[{"floor":7,"key":"Pantograph"},{"floor":22,"key":"Omamori"},{"floor":24,"key":"Toxic Egg 2"},{"floor":29,"key":"Prayer Wheel"}],"event_choices":[{"damage_healed":0,"gold_gain":0,"player_choice":"Donut","damage_taken":0,"max_hp_gain":5,"max_hp_loss":0,"event_name":"Big Fish","floor":8,"gold_loss":0},{"damage_healed":0,"gold_gain":0,"player_choice":"Ignored","damage_taken":0,"max_hp_gain":0,"max_hp_loss":0,"event_name":"Vampires","floor":21,"gold_loss":0},{"damage_healed":0,"gold_gain":0,"player_choice":"Ignored","damage_taken":0,"max_hp_gain":0,"max_hp_loss":0,"event_name":"Purifier","floor":23,"gold_loss":0}],"is_beta":false,"boss_relics":[{"not_picked":["Calling Bell","downfall:Hecktoplasm"],"picked":"Astrolabe"}],"items_purged_floors":[4],"is_endless":false,"potions_floor_spawned":[12,14,16,19,20,31],"killed_by":"Sentry and Sphere","ascension_level":0}}