{"host":"oiai0qxasotny765","time":1608820462,"event":{"mods":["2.2 Compatiblity","AchievementEnabler","BaseMod","Colored Map","Minty Spire (QoL Compilation)","Permanent Neow","Relic Stats","StSLib","SuperFastMode","everything is the same but u backflip on backflip"],"gold_per_floor":[115,115,115,115,40,40,50,50,50,66,66,81,98,124,124,201,201,216,116,116,127,143,143,143,143],"floor_reached":24,"playtime":776,"items_purged":["Defend_G","Strike_G"],"score":372,"play_id":"1a958272-add7-41cf-9efc-2e20a478f875","local_time":"20201224233422","is_ascension_mode":true,"campfire_choices":[{"data":"Neutralize","floor":6,"key":"SMITH"},{"data":"Bouncing Flask","floor":8,"key":"SMITH"},{"data":"Survivor","floor":11,"key":"SMITH"},{"data":"Deadly Poison","floor":15,"key":"SMITH"},{"data":"Bullet Time","floor":23,"key":"SMITH"}],"circlet_count":0,"master_deck":["AscendersBane","Strike_G","Strike_G","Strike_G","Defend_G","Defend_G","Defend_G","Survivor+1","Neutralize+1","Bouncing Flask+1","Deadly Poison+1","Backflip","Acrobatics","Bullet Time+1","Ghostly","Ghostly","Ghostly"],"relics":["Ring of the Snake","Pocketwatch","Orichalcum","Omamori","Bottled Lightning","Empty Cage"],"acts_visited":["Exordium","TheCity"],"potions_floor_usage":[18,18],"damage_taken":[{"damage":0,"enemies":"Small Slimes","floor":1,"turns":4},{"damage":0,"enemies":"2 Louse","floor":7,"turns":3},{"damage":0,"enemies":"Jaw Worm","floor":10,"turns":4},{"damage":0,"enemies":"Blue Slaver","floor":12,"turns":3},{"damage":0,"enemies":"Red Slaver","floor":13,"turns":3},{"damage":10,"enemies":"Lagavulin","floor":14,"turns":5},{"damage":2,"enemies":"The Guardian","floor":16,"turns":7},{"damage":1,"enemies":"3 Byrds","floor":18,"turns":3},{"damage":0,"enemies":"Spheric Guardian","floor":21,"turns":3},{"damage":0,"enemies":"Snake Plant","floor":22,"turns":4},{"damage":46,"enemies":"3 Cultists","floor":24,"turns":7}],"seed_played":"1711574356303214461","potions_obtained":[{"floor":10,"key":"Fire Potion"},{"floor":14,"key":"Fire Potion"}],"is_trial":false,"path_per_floor":["M","?","?","?","$","R","M","R","T","M","R","M","M","E","R","B",null,"M","$","?","M","M","R","M"],"character_chosen":"THE_SILENT","items_purchased":[],"campfire_rested":0,"item_purchase_floors":[],"current_hp_per_floor":[59,64,64,53,53,53,53,53,53,53,53,53,53,43,43,41,59,58,58,32,32,32,32,0,0],"gold":143,"neow_bonus":"ONE_RARE_RELIC","is_daily":false,"chose_seed":false,"campfire_upgraded":5,"win_rate":0.0,"timestamp":1608820462,"path_taken":["M","?","?","?","?","R","M","R","T","M","R","?","M","E","R","BOSS","M","$","?","M","M","R","M"],"items_purchased_type":[],"build_version":"2020-12-22","purchased_purges":2,"victory":false,"max_hp_per_floor":[60,65,65,65,65,65,65,65,65,65,65,65,65,65,65,65,65,65,65,32,32,32,32,32,32],"relic_stats":{"counters":[11,46],"Orichalcum":[144],"obtain_stats":[{"Omamori":9,"Bottled Lightning":14,"Orichalcum":4,"Empty Cage":17,"Ring of the Snake":0,"Pocketwatch":0},{"Omamori":2,"Bottled Lightning":6,"Orichalcum":1,"Empty Cage":7,"Ring of the Snake":0,"Pocketwatch":0},{"Omamori":7,"Bottled Lightning":22,"Orichalcum":4,"Empty Cage":29,"Ring of the Snake":0,"Pocketwatch":0}],"Ring of the Snake":[22],"Pocketwatch":[72]},"card_choices":[{"not_picked":["PiercingWail","Bane","Terror"],"picked":"SKIP","floor":1},{"not_picked":["Outmaneuver","Prepared"],"picked":"Bouncing Flask","floor":7},{"not_picked":["Heel Hook","Quick Slash","Finisher"],"picked":"SKIP","floor":10},{"not_picked":["Riddle With Holes","Flechettes"],"picked":"Deadly Poison","floor":12},{"not_picked":["Dagger Spray","Bane"],"picked":"Backflip","floor":13},{"not_picked":["Die Die Die","Escape Plan"],"picked":"Acrobatics","floor":14},{"not_picked":["Adrenaline","Venomology"],"picked":"Bullet Time","floor":16},{"not_picked":["Setup","Dodge and Roll","Deadly Poison"],"picked":"SKIP","floor":18},{"not_picked":["Underhanded Strike+1","Dagger Spray","Skewer"],"picked":"SKIP","floor":21},{"not_picked":["Deadly Poison","PiercingWail","Venomology"],"picked":"SKIP","floor":22}],"player_experience":280243,"relics_obtained":[{"floor":9,"key":"Omamori"},{"floor":14,"key":"Bottled Lightning"}],"event_choices":[{"damage_healed":0,"gold_gain":0,"player_choice":"Donut","damage_taken":0,"max_hp_gain":5,"max_hp_loss":0,"event_name":"Big Fish","floor":2,"gold_loss":0},{"damage_healed":0,"gold_gain":0,"player_choice":"Ignored","damage_taken":0,"max_hp_gain":0,"max_hp_loss":0,"event_name":"Liars Game","floor":3,"gold_loss":0},{"damage_healed":0,"gold_gain":0,"player_choice":"Success","damage_taken":11,"relics_obtained":["Orichalcum"],"max_hp_gain":0,"max_hp_loss":0,"event_name":"Scrap Ooze","floor":4,"gold_loss":0},{"damage_healed":0,"gold_gain":0,"player_choice":"Became a Ghost","damage_taken":0,"max_hp_gain":0,"max_hp_loss":33,"event_name":"Ghosts","floor":20,"gold_loss":0,"cards_obtained":["Ghostly","Ghostly","Ghostly"]}],"is_beta":false,"boss_relics":[{"not_picked":["HoveringKite","Ectoplasm"],"picked":"Empty Cage"}],"items_purged_floors":[5,19],"is_endless":false,"potions_floor_spawned":[10,14,16],"killed_by":"3 Cultists","ascension_level":18}}