{"host":"wi1dz5t8299iil0b","time":1608842362,"event":{"mods":["2.2 Compatiblity","Act Like it!","Aspiration","Astrologer","BaseMod","Beaked The Cultist","Better Match","Better Note","Better Sensory Stone","Better Synergies","Better Third Choice","BetterRewards","Colored Map","Colored Powertips","Communication Mod","Conjunction","Conspire","Downfall","Fiend Mod","Friendly Minions","GifTheSpireLib","GungeonMod","Halation","Hallownest","Highlight Path","Hubris","Infinite Spire","Jedi Mod","Lobotomy","Mad Scientist","Minty Spire (QoL Compilation)","Pale of the Ancients","Permanent Neow","Potionbrewer","RNG Fix","Replay The Spire","Shade Mod","Shop Mod","Spikes Relics","StSLib","Stuff the Spire","The Blackbeard","The Bladedancer","The Blue Laboratory","The Bug Knight","The Construct","The Cursed","The Death Knight","The Druid","The Necromancer","The Problem Sleuth","The Sage","TheHeartMod","TheVacant","Trackpad","Wandering Minibosses"],"gold_per_floor":[114,125,140,160,160,185,185,230,307,321,335,335,335,335,335,435,435,451,451,469,469,487,487,487,519,598,598,615,615,615,632,382,485,485,498,0,0,0,14,43,54,54,54,54,71,71,71,82,82,82],"floor_reached":51,"playtime":3871,"items_purged":[],"score":647,"play_id":"ef556e95-2819-4552-88fc-7e1d72416c49","local_time":"20201224153922","is_ascension_mode":false,"campfire_choices":[{"data":"Envenom","floor":7,"key":"SMITH"},{"data":"Neutralize","floor":12,"key":"SMITH"},{"data":"Slimebound:Split","floor":15,"key":"SMITH"},{"data":"jedi:rejectivetoxin","floor":23,"key":"SMITH"},{"data":"Survivor","floor":27,"key":"SMITH"},{"data":"Noxious Fumes","floor":29,"key":"SMITH"},{"data":"Defend_G","floor":42,"key":"SMITH"},{"data":"ReplayTheSpireMod:Black Plague","floor":47,"key":"SMITH"},{"data":"Defend_G","floor":49,"key":"SMITH"}],"circlet_count":0,"master_deck":["Strike_G","Strike_G","Strike_G","Strike_G","Strike_G","Defend_G+1","Defend_G","Defend_G","Defend_G+1","Defend_G","Survivor+1","Neutralize+1","Slimebound:Split+1","Envenom+1","Noxious Fumes+1","jedi:rejectivetoxin+1","GremboGang","infinitespire:Neurotoxin","Poison Darts","ReplayTheSpireMod:Black Plague+1","wanderingMiniBosses:FinaleOfPromise"],"relics":["Ring of the Snake","Tingsha","jedi:purplefairy","trackpad:CultistFigurine","jedi:bottledfury","aspiration:BabyByrd","construct:ClawGrip","halation:EternalFortune","infinitespire:CheckeredPen","potionbrewer:WarMedal","trackpad:RiggedDice","Red Mask","Oddly Smooth Stone","Replay:Ringing Soul","trackpad:FieryHotPepper","wanderingMiniBosses:Blackblade"],"acts_visited":["Exordium","TheCity","TheBeyond"],"potions_floor_usage":[6,31,33,50],"damage_taken":[{"damage":4,"enemies":"2 Louse","floor":1,"turns":3},{"damage":4,"enemies":"Cultist","floor":2,"turns":3},{"damage":4,"enemies":"conspire:RoseBush","floor":3,"turns":3},{"damage":4,"enemies":"2 Fungi Beasts","floor":4,"turns":4},{"damage":13,"enemies":"Lagavulin","floor":6,"turns":10},{"damage":4,"enemies":"conspire:2 RoseBushes","floor":10,"turns":5},{"damage":5,"enemies":"Large Slime","floor":11,"turns":5},{"damage":48,"enemies":"The Guardian","floor":16,"turns":10},{"damage":8,"enemies":"Shell Parasite","floor":18,"turns":5},{"damage":8,"enemies":"conspire:HollyBat","floor":20,"turns":7},{"damage":47,"enemies":"Centurion and Healer","floor":22,"turns":8},{"damage":19,"enemies":"Replay:Snechameleon","floor":25,"turns":7},{"damage":12,"enemies":"Shelled Parasite and Fungi","floor":28,"turns":7},{"damage":9,"enemies":"Snake Plant","floor":31,"turns":4},{"damage":54,"enemies":"Champ","floor":33,"turns":9},{"damage":63,"enemies":"3 Darklings","floor":35,"turns":9},{"damage":9,"enemies":"Orb Walker","floor":39,"turns":5},{"damage":60,"enemies":"Giant Head","floor":40,"turns":9},{"damage":0,"enemies":"Sphere and 2 Shapes","floor":41,"turns":4},{"damage":10,"enemies":"Maw","floor":45,"turns":7},{"damage":44,"enemies":"Jaw Worm Horde","floor":48,"turns":3},{"damage":46,"enemies":"Replay:Hell Engine","floor":50,"turns":10}],"seed_played":"5843326956131124050","potions_obtained":[{"floor":2,"key":"blueLaboratory:AbyssPotion"},{"floor":4,"key":"blueLaboratory:FrostheartPotion"},{"floor":6,"key":"potionbrewer:BoundlessPotion"},{"floor":20,"key":"sagemod:Wine"},{"floor":25,"key":"ColorlessPotion"},{"floor":41,"key":"SteroidPotion"},{"floor":45,"key":"blueLaboratory:RecallPotion"}],"is_trial":false,"path_per_floor":["M","M","M","M","?","E","R","T","T","M","M","R","?","$","R","B",null,"M","?","M","?","M","R","?","E","T","R","M","R","?","M","R_BF","B",null,"M","?","?","?","M","E","M","R","T","$","M","?","R","M","R","B",null],"character_chosen":"THE_SILENT","items_purchased":[],"campfire_rested":0,"item_purchase_floors":[],"current_hp_per_floor":[70,70,70,70,63,54,55,55,55,55,54,70,70,70,70,30,70,70,70,70,70,31,32,35,24,24,73,69,73,73,64,64,18,73,10,10,10,73,67,15,18,79,79,79,69,52,62,21,85,39],"gold":82,"neow_bonus":"ONE_RARE_RELIC","is_daily":false,"chose_seed":false,"campfire_upgraded":9,"win_rate":0.0,"timestamp":1608842362,"path_taken":["M","?","?","M","?","E","R","?","T","M","M","R","?","?","R","BOSS","M","?","M","?","?","R","?","E","T","R","?","R","?","M","R_BF","BOSS","M","?","?","?","M","E","M","R","T","?","?","?","R","M","R","BOSS"],"items_purchased_type":[],"build_version":"2020-12-22","purchased_purges":0,"victory":true,"max_hp_per_floor":[70,70,70,70,70,70,70,70,70,70,70,70,70,70,70,70,70,70,70,70,70,70,70,73,73,73,73,73,73,73,73,73,73,73,73,73,73,73,76,76,79,79,79,79,79,82,82,85,85,85],"card_choices":[{"not_picked":["Flying Knee","ShadowRift","Bane"],"picked":"SKIP","floor":1},{"not_picked":["Dagger Spray","jedi:unstablefumes"],"picked":"Envenom","floor":2},{"not_picked":["Dagger Spray","StuffTheSpire:BumpUp"],"picked":"Noxious Fumes","floor":3},{"not_picked":["StuffTheSpire:ClusterCrunch","jedi:acidrain","Dagger Throw"],"picked":"SKIP","floor":4},{"not_picked":["Bane","Slice","All Out Attack"],"picked":"SKIP","floor":6},{"not_picked":["Wraith Form v2","Blade Dance","Dagger Throw"],"picked":"SKIP","floor":10},{"not_picked":["Deadly Poison","Dagger Throw","Sucker Punch"],"picked":"SKIP","floor":11},{"not_picked":["A Thousand Cuts","Unload"],"picked":"jedi:rejectivetoxin","floor":16},{"not_picked":["jedi:pocketpoison","StuffTheSpire:BumpUp","Riddle With Holes"],"picked":"SKIP","floor":18},{"not_picked":["StuffTheSpire:Python+1","Terror","ReplayTheSpireMod:Tripwire"],"picked":"SKIP","floor":20},{"not_picked":["Outmaneuver","Poisoned Stab+1","jedi:unstablefumes"],"picked":"SKIP","floor":22},{"not_picked":["Sucker Punch+1","Replay:Poison Smokescreen","Outmaneuver+1"],"picked":"SKIP","floor":25},{"not_picked":["ReplayTheSpireMod:Tripwire","PiercingWail","Dagger Spray"],"picked":"SKIP","floor":28},{"not_picked":["Backflip+1","Flying Knee","jedi:pocketpoison"],"picked":"SKIP","floor":31},{"not_picked":["jedi:studyshivs","Atom Bomb"],"picked":"infinitespire:Neurotoxin","floor":33},{"not_picked":["Blade Dance","StuffTheSpire:Python+1","jedi:poisonivy+1"],"picked":"SKIP","floor":35},{"not_picked":["ReplayTheSpireMod:Shiv Toss","Toxin Wave+1","Noxious Fumes"],"picked":"SKIP","floor":39},{"not_picked":["Prepared","Bane+1","Bouncing Flask"],"picked":"SKIP","floor":40},{"not_picked":["Dagger Spray+1","Acrobatics+1"],"picked":"Poison Darts","floor":41},{"not_picked":["Flying Knee+1","Dagger Throw+1","StuffTheSpire:BumpUp+1"],"picked":"SKIP","floor":45},{"not_picked":["ReplayTheSpireMod:Haul","infinitespire:TheBestDefense"],"picked":"ReplayTheSpireMod:Black Plague","floor":46},{"not_picked":[],"picked":"wanderingMiniBosses:FinaleOfPromise","floor":48},{"not_picked":["Quick Slash","StuffTheSpire:BrimstoneBlast","Prepared+1"],"picked":"SKIP","floor":48}],"player_experience":156412,"relics_obtained":[{"floor":6,"key":"jedi:purplefairy"},{"floor":8,"key":"trackpad:CultistFigurine"},{"floor":9,"key":"jedi:bottledfury"},{"floor":25,"key":"infinitespire:CheckeredPen"},{"floor":26,"key":"potionbrewer:WarMedal"},{"floor":37,"key":"Oddly Smooth Stone"},{"floor":39,"key":"halation:EternalFortune"},{"floor":40,"key":"Replay:Ringing Soul"},{"floor":43,"key":"trackpad:FieryHotPepper"},{"floor":48,"key":"wanderingMiniBosses:Blackblade"}],"event_choices":[{"cards_removed":["Strike_R"],"damage_healed":0,"gold_gain":0,"player_choice":"Card Removal","damage_taken":7,"max_hp_gain":0,"max_hp_loss":0,"event_name":"Golden Wing","floor":5,"gold_loss":0},{"damage_healed":0,"gold_gain":0,"player_choice":"Ignored","damage_taken":0,"max_hp_gain":0,"max_hp_loss":0,"event_name":"Duplicator","floor":19,"gold_loss":0},{"damage_healed":0,"gold_gain":0,"player_choice":"Ignored","damage_taken":0,"max_hp_gain":0,"max_hp_loss":0,"event_name":"betterNote:BetterNote","floor":21,"gold_loss":0,"cards_obtained":["infinitespire:UltimateForm"]},{"damage_healed":0,"gold_gain":0,"player_choice":"Paid","damage_taken":0,"relics_obtained":["Red Mask"],"max_hp_gain":0,"max_hp_loss":0,"event_name":"Tomb of Lord Red Mask","floor":36,"gold_loss":498},{"damage_healed":0,"gold_gain":0,"player_choice":"Relic","damage_taken":0,"max_hp_gain":0,"max_hp_loss":0,"event_name":"Wheel of Change","floor":37,"gold_loss":0},{"cards_removed":["Crippling Poison"],"damage_healed":63,"gold_gain":0,"player_choice":"Offered Uncommon","damage_taken":0,"max_hp_gain":0,"max_hp_loss":0,"event_name":"Bonfire Elementals","floor":38,"gold_loss":0}],"is_beta":false,"boss_relics":[{"not_picked":["beaked:MawFillet","hubris:Backtick"],"picked":"construct:ClawGrip"},{"not_picked":["Sozu","Busted Crown"],"picked":"trackpad:RiggedDice"}],"items_purged_floors":[],"is_endless":false,"potions_floor_spawned":[2,4,6,20,25,41,45],"ascension_level":0}}