{"host":"azzpm43fqgdt222r","time":1608846873,"event":{"mods":["BaseMod","Best Route Mod","Better Third Choice","Downfall","Marisa????????","Minty Spire (QoL Compilation)","StSLib","Td1madao Mod","The Cursed"],"gold_per_floor":[119,119,119,135,153,186,197,197,197,197,221,66,89,112,112,241,241,264,264,283,283,283,283,5,5,5,30,57,96,112,151,151,151,151],"floor_reached":33,"playtime":1228,"items_purged":["Defend_R","Writhe"],"score":267,"play_id":"c664bdd9-9474-4bee-bc1a-154097c548b3","local_time":"20201224165433","is_ascension_mode":false,"campfire_choices":[{"data":"Rage","floor":15,"key":"SMITH"},{"data":"Double Tap","floor":23,"key":"SMITH"},{"data":"Infernal Blade","floor":32,"key":"SMITH"}],"circlet_count":0,"master_deck":["Strike_R","Strike_R","Defend_R","Defend_R","Infernal Blade+1","Spot Weakness+1","Bludgeon","Rage","Flame Barrier","Rage+1","Thunderclap","Warcry","Hemokinesis","Brutality+1","Cleave","Brutality+1","Juggernaut+1","Second Wind+1","Metallicize+1","Double Tap+1","Warcry+1","Secret Weapon+1","RitualDagger","Carnage+1","Flex+1","Limit Break+1"],"relics":["Burning Blood","FossilizedHelix","Golden Idol","Pantograph","Frozen Egg 2","Mark of Pain","Toxic Egg 2","Bottled Lightning","War Paint","Sundial","Red Mask"],"acts_visited":["Exordium","TheCity"],"potions_floor_usage":[16,29,33],"damage_taken":[{"damage":2,"enemies":"2 Louse","floor":1,"turns":3},{"damage":2,"enemies":"Small Slimes","floor":4,"turns":2},{"damage":0,"enemies":"Cultist","floor":5,"turns":2},{"damage":18,"enemies":"Lagavulin","floor":6,"turns":6},{"damage":0,"enemies":"Blue Slaver","floor":7,"turns":1},{"damage":0,"enemies":"3 Louse","floor":11,"turns":4},{"damage":12,"enemies":"Lots of Slimes","floor":13,"turns":4},{"damage":3,"enemies":"2 Fungi Beasts","floor":14,"turns":3},{"damage":32,"enemies":"Slime Boss","floor":16,"turns":11},{"damage":4,"enemies":"Spheric Guardian","floor":18,"turns":3},{"damage":11,"enemies":"Chosen","floor":20,"turns":3},{"damage":11,"enemies":"Centurion and Healer","floor":27,"turns":5},{"damage":22,"enemies":"Book of Stabbing","floor":29,"turns":5},{"damage":25,"enemies":"Snecko","floor":30,"turns":4},{"damage":4,"enemies":"Masked Bandits","floor":31,"turns":3},{"damage":71,"enemies":"Collector","floor":33,"turns":7}],"seed_played":"-8863563221822353003","potions_obtained":[{"floor":1,"key":"PowerPotion"},{"floor":11,"key":"ElixirPotion"},{"floor":13,"key":"DuplicationPotion"},{"floor":14,"key":"LiquidBronze"},{"floor":20,"key":"DuplicationPotion"}],"is_trial":false,"path_per_floor":["M","?","?","M","M","E","M","?","T","?","M","$","M","M","R","B",null,"M","?","M","?","?","R","$","?","T","M","T","E","M","?","R","B"],"character_chosen":"IRONCLAD","items_purchased":["Brutality+1","Secret Weapon+1"],"campfire_rested":0,"item_purchase_floors":[12,24],"current_hp_per_floor":[60,60,60,64,70,58,64,44,44,44,50,50,44,47,47,46,80,80,80,75,75,75,75,75,69,69,64,64,48,29,31,31,0,0],"gold":151,"neow_bonus":"REMOVE_TWO","is_daily":false,"chose_seed":false,"campfire_upgraded":3,"win_rate":0.0,"timestamp":1608846873,"path_taken":["M","?","?","M","M","E","?","?","T","?","M","$","?","M","R","BOSS","M","?","M","?","?","R","$","?","T","M","?","E","?","?","R","BOSS"],"items_purchased_type":["Card","Card"],"build_version":"2020-12-22","purchased_purges":2,"victory":false,"max_hp_per_floor":[80,80,80,80,80,80,80,80,80,80,80,80,80,80,80,80,80,80,80,80,80,80,80,80,80,80,80,80,80,80,80,80,80,80],"card_choices":[{"not_picked":["Carnage","Flex"],"picked":"Infernal Blade","floor":1},{"not_picked":["Body Slam","Warcry"],"picked":"Flame Barrier","floor":4},{"not_picked":["Shrug It Off","Anger"],"picked":"Rage","floor":5},{"not_picked":["Rage","Clothesline"],"picked":"Thunderclap","floor":6},{"not_picked":["Ghostly Armor","Shockwave"],"picked":"Warcry","floor":7},{"not_picked":["Clash","Whirlwind"],"picked":"Hemokinesis","floor":11},{"not_picked":["Shrug It Off","Infernal Blade"],"picked":"Cleave","floor":13},{"not_picked":["Clothesline","Shrug It Off"],"picked":"Brutality+1","floor":14},{"not_picked":["Barricade+1","Limit Break"],"picked":"Juggernaut+1","floor":16},{"not_picked":["Combust+1","Reckless Charge"],"picked":"Second Wind+1","floor":18},{"not_picked":["Havoc","True Grit"],"picked":"Metallicize+1","floor":20},{"not_picked":["Body Slam","Armaments+1","Heavy Blade"],"picked":"SKIP","floor":27},{"not_picked":["Anger","Havoc+1"],"picked":"Carnage+1","floor":29},{"not_picked":["Whirlwind","Pommel Strike"],"picked":"Flex+1","floor":30},{"not_picked":["Burning Pact+1","Pommel Strike"],"picked":"Limit Break+1","floor":31}],"player_experience":189400,"relics_obtained":[{"floor":6,"key":"FossilizedHelix"},{"floor":9,"key":"Pantograph"},{"floor":26,"key":"Bottled Lightning"},{"floor":28,"key":"War Paint"},{"floor":29,"key":"Sundial"},{"floor":31,"key":"Red Mask"}],"event_choices":[{"damage_healed":0,"gold_gain":0,"cards_transformed":["Strike_R"],"player_choice":"Change","damage_taken":0,"max_hp_gain":0,"max_hp_loss":0,"event_name":"Living Wall","floor":2,"gold_loss":0,"cards_obtained":["Spot Weakness"]},{"damage_healed":0,"gold_gain":0,"player_choice":"2 cards matched","damage_taken":0,"max_hp_gain":0,"max_hp_loss":0,"event_name":"Match and Keep!","floor":3,"gold_loss":0,"cards_obtained":["Bludgeon","Rage"]},{"damage_healed":0,"gold_gain":0,"player_choice":"Take Damage","damage_taken":20,"relics_obtained":["Golden Idol"],"max_hp_gain":0,"max_hp_loss":0,"event_name":"Golden Idol","floor":8,"gold_loss":0},{"damage_healed":0,"gold_gain":0,"player_choice":"Gave Potion","damage_taken":0,"relics_obtained":["Frozen Egg 2"],"max_hp_gain":0,"max_hp_loss":0,"event_name":"WeMeetAgain","floor":10,"gold_loss":0},{"damage_healed":0,"gold_gain":0,"player_choice":"Ignored","damage_taken":0,"max_hp_gain":0,"max_hp_loss":0,"event_name":"Ghosts","floor":19,"gold_loss":0},{"damage_healed":0,"gold_gain":0,"cards_transformed":["Strike_R","Bash"],"player_choice":"Became Test Subject","damage_taken":0,"max_hp_gain":0,"max_hp_loss":0,"event_name":"Drug Dealer","floor":21,"gold_loss":0,"cards_obtained":["Double Tap","Warcry"]},{"damage_healed":0,"gold_gain":0,"player_choice":"Opened","damage_taken":0,"relics_obtained":["Toxic Egg 2"],"max_hp_gain":0,"max_hp_loss":0,"event_name":"The Mausoleum","floor":22,"gold_loss":0,"cards_obtained":["Writhe"]},{"damage_healed":0,"gold_gain":0,"player_choice":"Dagger","damage_taken":6,"max_hp_gain":0,"max_hp_loss":0,"event_name":"betterThird:BetterNest","floor":25,"gold_loss":0,"cards_obtained":["RitualDagger"]},{"damage_healed":0,"gold_gain":0,"player_choice":"Fought Bandits","damage_taken":0,"max_hp_gain":0,"max_hp_loss":0,"event_name":"Masked Bandits","floor":31,"gold_loss":0}],"is_beta":false,"boss_relics":[{"not_picked":["Ectoplasm","Astrolabe"],"picked":"Mark of Pain"}],"items_purged_floors":[12,24],"is_endless":false,"potions_floor_spawned":[1,11,13,14,20,27],"killed_by":"Collector","ascension_level":0}}