{"host":"sc0o2qwpf9j16a4i","time":1608846238,"event":{"mods":["AchievementEnabler","BaseMod","BetterRewards","Block Reminder","Colored Map","Colored Powertips","Custom Start","Highlight Path","Minty Spire (QoL Compilation)","Relic Stats"],"gold_per_floor":[114,132,146,166,166,166,202,202,202,236,21,30,30,51,51,131,131,187,5,58,58,121,121,184,109,109,109,18,85,85,133,133,221,221,265,140,185,469,519,519,574,574,574,653,737,737,31,57,57,57,57,57,9,9,9],"floor_reached":54,"playtime":2237,"items_purged":["Pray","PathToVictory+1"],"score":1545,"play_id":"ef1c6a51-ba89-4771-be7b-8618c871df72","local_time":"20201224234358","is_ascension_mode":true,"campfire_choices":[{"floor":6.0,"key":"REST"},{"data":"TalkToTheHand","floor":8.0,"key":"SMITH"},{"data":"Consecrate","floor":13.0,"key":"SMITH"},{"data":"Wallop","floor":15.0,"key":"SMITH"},{"floor":23.0,"key":"REST"},{"data":"Swivel","floor":27,"key":"SMITH"},{"data":"SandsOfTime","floor":32,"key":"SMITH"},{"data":"DevaForm","floor":40,"key":"SMITH"},{"floor":42,"key":"REST"},{"floor":46,"key":"REST"},{"floor":49,"key":"RECALL"},{"data":"LikeWater","floor":52,"key":"SMITH"}],"circlet_count":0,"master_deck":["AscendersBane","Eruption+1","Vigilance","FlyingSleeves","Sanctity","Swivel+1","FearNoEvil","Wallop+1","CarveReality+1","CutThroughFate","TalkToTheHand+1","FollowUp+1","SpiritShield+1","BowlingBash","Adaptation","Wish+1","EmptyBody+1","Meditate+1","SandsOfTime+1","Omniscience+1","DevaForm+1","Vault+1","Regret","Protect+1","Swivel+1","LikeWater+1","LikeWater","InnerPeace+1","LikeWater","Wireheading"],"relics":["Pandora\u0027s Box","CeramicFish","Vajra","Toxic Egg 2","Membership Card","Snecko Eye","Shuriken","Red Mask","The Courier","Dead Branch","Nloth\u0027s Gift","Black Star","Whetstone","Mango","Pen Nib","Mummified Hand","Frozen Eye","Bag of Preparation","Damaru","Blood Vial","Letter Opener","Ornamental Fan","Regal Pillow"],"acts_visited":["Exordium","TheCity","TheBeyond","TheEnding"],"potions_floor_usage":[24,33,45,50],"damage_taken":[{"damage":0.0,"enemies":"Cultist","floor":1.0,"turns":2.0},{"damage":2.0,"enemies":"Small Slimes","floor":2.0,"turns":2.0},{"damage":0.0,"enemies":"2 Louse","floor":3.0,"turns":2.0},{"damage":12.0,"enemies":"Exordium Thugs","floor":4.0,"turns":3.0},{"damage":0.0,"enemies":"Lagavulin","floor":7.0,"turns":4.0},{"damage":6.0,"enemies":"3 Sentries","floor":10.0,"turns":4.0},{"damage":0.0,"enemies":"2 Fungi Beasts","floor":14.0,"turns":2.0},{"damage":0.0,"enemies":"Slime Boss","floor":16.0,"turns":4.0},{"damage":3.0,"enemies":"Spheric Guardian","floor":18.0,"turns":3.0},{"damage":8.0,"enemies":"Shell Parasite","floor":20.0,"turns":4.0},{"damage":13.0,"enemies":"Masked Bandits","floor":22.0,"turns":3.0},{"damage":12,"enemies":"Slavers","floor":24,"turns":4},{"damage":0,"enemies":"Gremlin Leader","floor":29,"turns":7},{"damage":1,"enemies":"Snecko","floor":31,"turns":4},{"damage":15,"enemies":"Collector","floor":33,"turns":7},{"damage":9,"enemies":"3 Shapes","floor":35,"turns":3},{"damage":0,"enemies":"Orb Walker","floor":37,"turns":3},{"damage":10,"enemies":"Writhing Mass","floor":39,"turns":4},{"damage":30,"enemies":"Spire Growth","floor":41,"turns":4},{"damage":6,"enemies":"Jaw Worm Horde","floor":44,"turns":3},{"damage":25,"enemies":"2 Orb Walkers","floor":45,"turns":6},{"damage":6,"enemies":"3 Darklings","floor":48,"turns":4},{"damage":12,"enemies":"Time Eater","floor":50,"turns":6},{"damage":0,"enemies":"Shield and Spear","floor":54,"turns":1}],"seed_played":"-8777455978090278426","potions_obtained":[{"floor":1.0,"key":"Dexterity Potion"},{"floor":4.0,"key":"LiquidBronze"},{"floor":16.0,"key":"CultistPotion"},{"floor":20.0,"key":"Block Potion"},{"floor":31,"key":"Block Potion"},{"floor":39,"key":"AttackPotion"},{"floor":41,"key":"Strength Potion"},{"floor":45,"key":"Dexterity Potion"}],"is_trial":false,"path_per_floor":["M","M","M","M","?","R","E","R","T","E","$","?","R","M","R","B",null,"M","$","M","?","?","R","E","?","T","R","$","E","?","M","R","B",null,"M","$","M","?","M","R","M","R","T","M","?","R","$","M","R","B",null,"R","$","E"],"character_chosen":"WATCHER","items_purchased":["Membership Card","BowlingBash","Shuriken","SandsOfTime","Lee\u0027s Waffle","Vault+1","Whetstone","Pen Nib","Mummified Hand","LikeWater","Frozen Eye","Bag of Preparation","Damaru","Blood Vial","Letter Opener","Ornamental Fan","Regal Pillow","LikeWater","Wireheading"],"campfire_rested":4,"item_purchase_floors":[11,11,19,28,28,36,36,47,47,47,47,47,47,47,47,47,47,53,53],"current_hp_per_floor":[61,59,59,47,27,47,47,47,47,41,41,41,41,41,41,41,61,58,58,50,50,37,57,45,45,45,45,75,75,75,74,74,59,71,62,62,62,62,52,52,22,44,44,38,27,53,53,49,49,39,77,77,77,79,79],"gold":9,"neow_bonus":"BOSS_RELIC","is_daily":false,"chose_seed":false,"campfire_upgraded":7,"win_rate":0.0,"timestamp":1608846238,"path_taken":["M","M","M","?","?","R","E","R","T","E","$","?","R","M","R","BOSS","M","$","M","?","?","R","E","?","T","R","?","E","?","?","R","BOSS","M","$","?","?","?","R","?","R","T","M","?","R","$","M","R","BOSS","R","$","E"],"items_purchased_type":["Relic","Card","Relic","Card","Relic","Card","Relic","Relic","Relic","Card","Relic","Relic","Relic","Relic","Relic","Relic","Relic","Card","Card"],"build_version":"2020-12-22","purchased_purges":2,"victory":false,"max_hp_per_floor":[68,68,68,68,68,68,68,68,68,68,68,68,68,68,68,68,68,68,68,68,68,68,68,68,68,68,68,75,75,75,75,75,75,75,75,75,75,75,75,75,75,75,75,75,89,89,89,89,89,89,89,89,89,89,89],"relic_stats":{"Regal Pillow":0,"counters":[24,89],"CeramicFish":180,"Dead Branch":[61],"Pen Nib":[2],"Bag of Preparation":[6],"Whetstone":["CarveReality","Eruption"],"Letter Opener":[30],"Blood Vial":6,"Shuriken":[34],"Mummified Hand":[17],"Ornamental Fan":[32],"Snecko Eye":[120,116,109,112],"Pandora\u0027s Box":["FlyingSleeves","Sanctity","Swivel","Pray","FearNoEvil","Wallop","ForeignInfluence","CarveReality"],"Nloth\u0027s Gift":1,"Black Star":0,"obtain_stats":[{"Regal Pillow":47,"CeramicFish":7,"Vajra":9,"Mango":45,"Bag of Preparation":47,"Whetstone":36,"Blood Vial":47,"Frozen Eye":47,"Mummified Hand":47,"Red Mask":22,"Toxic Egg 2":10,"Lee\u0027s Waffle":28,"Dead Branch":26,"Damaru":47,"The Courier":24,"Pen Nib":47,"Letter Opener":47,"Shuriken":19,"Ornamental Fan":47,"Snecko Eye":17,"Pandora\u0027s Box":0,"Nloth\u0027s Gift":30,"Black Star":34,"Membership Card":11,"PureWater":0},{"Regal Pillow":21,"CeramicFish":5,"Vajra":5,"Mango":21,"Bag of Preparation":21,"Whetstone":16,"Blood Vial":21,"Frozen Eye":21,"Mummified Hand":21,"Red Mask":11,"Toxic Egg 2":6,"Lee\u0027s Waffle":12,"Dead Branch":12,"Damaru":21,"The Courier":12,"Pen Nib":21,"Letter Opener":21,"Shuriken":9,"Ornamental Fan":21,"Snecko Eye":8,"Pandora\u0027s Box":0,"Nloth\u0027s Gift":13,"Black Star":15,"Membership Card":6,"PureWater":0},{"Regal Pillow":78,"CeramicFish":13,"Vajra":13,"Mango":78,"Bag of Preparation":78,"Whetstone":58,"Blood Vial":78,"Frozen Eye":78,"Mummified Hand":78,"Red Mask":33,"Toxic Egg 2":17,"Lee\u0027s Waffle":37,"Dead Branch":37,"Damaru":78,"The Courier":37,"Pen Nib":78,"Letter Opener":78,"Shuriken":26,"Ornamental Fan":78,"Snecko Eye":23,"Pandora\u0027s Box":0,"Nloth\u0027s Gift":44,"Black Star":55,"Membership Card":17,"PureWater":0}]},"card_choices":[{"not_picked":["Nirvana","SashWhip"],"picked":"CutThroughFate","floor":1.0},{"not_picked":["JustLucky","CrushJoints","CutThroughFate"],"picked":"SKIP","floor":2.0},{"not_picked":["Consecrate","ClearTheMind"],"picked":"TalkToTheHand","floor":3.0},{"not_picked":["EmptyMind","ClearTheMind"],"picked":"FollowUp","floor":4.0},{"not_picked":["Vengeance","CutThroughFate"],"picked":"Consecrate","floor":7.0},{"not_picked":["CrushJoints","Consecrate"],"picked":"SpiritShield+1","floor":10.0},{"not_picked":["EmptyBody+1","SashWhip"],"picked":"Adaptation","floor":14.0},{"not_picked":["Alpha+1","Vault+1"],"picked":"Wish+1","floor":16.0},{"not_picked":["EmptyFist","Consecrate"],"picked":"EmptyBody+1","floor":18.0},{"not_picked":["ClearTheMind+1","CrushJoints"],"picked":"Meditate+1","floor":20.0},{"not_picked":["CrushJoints","Sanctity+1","FearNoEvil"],"picked":"SKIP","floor":24},{"not_picked":["InnerPeace+1","Worship+1"],"picked":"Omniscience+1","floor":29},{"not_picked":["WindmillStrike","Pray+1","EmptyFist"],"picked":"SKIP","floor":31},{"not_picked":["Brilliance","Devotion"],"picked":"DevaForm","floor":33},{"not_picked":["Conclude","FlurryOfBlows","EmptyBody+1"],"picked":"SKIP","floor":35},{"not_picked":["BowlingBash","Halt+1","Conclude"],"picked":"SKIP","floor":37},{"not_picked":["FlyingSleeves+1","Halt+1"],"picked":"Protect+1","floor":39},{"not_picked":["PathToVictory+1","CutThroughFate+1"],"picked":"Swivel+1","floor":41},{"not_picked":["JustLucky","FlurryOfBlows+1","Adaptation+1"],"picked":"SKIP","floor":44},{"not_picked":["Meditate+1","Nirvana"],"picked":"LikeWater","floor":45},{"not_picked":["Judgement+1","ClearTheMind+1"],"picked":"InnerPeace+1","floor":48}],"player_experience":355246,"relics_obtained":[{"floor":7.0,"key":"CeramicFish"},{"floor":9.0,"key":"Vajra"},{"floor":10.0,"key":"Toxic Egg 2"},{"floor":22.0,"key":"Red Mask"},{"floor":24,"key":"The Courier"},{"floor":26,"key":"Dead Branch"},{"floor":45,"key":"Mango"}],"event_choices":[{"damage_healed":0.0,"max_hp_gain":0.0,"max_hp_loss":0.0,"gold_gain":0.0,"event_name":"Shining Light","player_choice":"Entered Light","floor":5.0,"gold_loss":0.0,"damage_taken":20.0,"cards_upgraded":["ForeignInfluence","FollowUp"]},{"damage_healed":0.0,"max_hp_gain":0.0,"max_hp_loss":0.0,"gold_gain":0.0,"cards_transformed":["ForeignInfluence"],"event_name":"Transmorgrifier","player_choice":"Transformed","floor":12.0,"gold_loss":0.0,"damage_taken":0.0,"cards_obtained":["PathToVictory"]},{"damage_healed":0.0,"max_hp_gain":0.0,"max_hp_loss":0.0,"gold_gain":0.0,"event_name":"Ghosts","player_choice":"Ignored","floor":21.0,"gold_loss":0.0,"damage_taken":0.0},{"damage_healed":0.0,"max_hp_gain":0.0,"max_hp_loss":0.0,"gold_gain":0.0,"event_name":"Masked Bandits","player_choice":"Fought Bandits","floor":22.0,"gold_loss":0.0,"damage_taken":0.0},{"cards_removed":["Consecrate"],"damage_healed":0,"gold_gain":0,"player_choice":"Gave Gold","damage_taken":0,"max_hp_gain":0,"max_hp_loss":0,"event_name":"Beggar","floor":25,"gold_loss":75},{"damage_healed":0,"gold_gain":0,"player_choice":"Traded Relic","damage_taken":0,"relics_obtained":["Nloth\u0027s Gift"],"max_hp_gain":0,"max_hp_loss":0,"event_name":"N\u0027loth","floor":30,"relics_lost":["Lee\u0027s Waffle"],"gold_loss":0},{"damage_healed":0,"gold_gain":275,"player_choice":"Desecrate","damage_taken":0,"max_hp_gain":0,"max_hp_loss":0,"event_name":"Golden Shrine","floor":38,"gold_loss":0,"cards_obtained":["Regret"]},{"damage_healed":0,"gold_gain":0,"player_choice":"Fight","damage_taken":0,"max_hp_gain":0,"max_hp_loss":0,"event_name":"Mysterious Sphere","floor":45,"gold_loss":0}],"is_beta":false,"boss_relics":[{"not_picked":["VioletLotus","Tiny House"],"picked":"Snecko Eye"},{"not_picked":["Cursed Key","Sozu"],"picked":"Black Star"}],"items_purged_floors":[11,19],"is_endless":false,"potions_floor_spawned":[1,4,16,20,22,31,39,41,45],"killed_by":"Shield and Spear","ascension_level":17}}