{"host":"1637j8siz7lzgd5k","time":1608805097,"event":{"mods":["BaseMod","Colored Map","Minty Spire (QoL Compilation)","StSLib","SuperFastMode"],"gold_per_floor":[114,134,134,134,149,176,176,210,235,160,172,172,193,118,118,118,118],"floor_reached":16,"playtime":156,"items_purged":["Strike_R"],"score":220,"play_id":"45e63d05-440a-47fd-ac87-fe3a8927aa6d","local_time":"20201224191817","is_ascension_mode":true,"campfire_choices":[{"data":"Double Tap","floor":7,"key":"SMITH"},{"data":"Wild Strike","floor":15,"key":"SMITH"}],"circlet_count":0,"master_deck":["AscendersBane","Strike_R+1","Strike_R+1","Strike_R+1","Defend_R+1","Defend_R","Defend_R","Defend_R","Bash","Wild Strike+1","Double Tap+1"],"relics":["Burning Blood","NeowsBlessing","Whetstone","Bird Faced Urn","Molten Egg 2","Boot","Golden Idol"],"acts_visited":["Exordium"],"potions_floor_usage":[13],"damage_taken":[{"damage":0,"enemies":"2 Louse","floor":1,"turns":1},{"damage":0,"enemies":"Jaw Worm","floor":2,"turns":1},{"damage":0,"enemies":"Cultist","floor":5,"turns":1},{"damage":8,"enemies":"Gremlin Nob","floor":6,"turns":3},{"damage":22,"enemies":"Lagavulin","floor":8,"turns":5},{"damage":0,"enemies":"Large Slime","floor":11,"turns":4},{"damage":3,"enemies":"3 Louse","floor":13,"turns":4},{"damage":28,"enemies":"The Guardian","floor":16,"turns":4}],"seed_played":"-5088751348076687879","potions_obtained":[{"floor":1,"key":"Energy Potion"},{"floor":8,"key":"SpeedPotion"}],"is_trial":false,"path_per_floor":["M","M","?","T","M","E","R","E","T","$","M","?","M","?","R","B"],"character_chosen":"IRONCLAD","items_purchased":[],"campfire_rested":0,"item_purchase_floors":[],"current_hp_per_floor":[74,75,52,52,58,56,56,40,40,40,46,20,23,23,23,0,0],"gold":118,"neow_bonus":"THREE_ENEMY_KILL","is_daily":false,"chose_seed":false,"campfire_upgraded":2,"win_rate":0.0,"timestamp":1608805097,"path_taken":["M","M","?","?","?","E","R","E","T","$","M","?","M","?","R","BOSS"],"items_purchased_type":[],"build_version":"2020-12-22","purchased_purges":1,"victory":false,"max_hp_per_floor":[75,75,75,75,75,75,75,75,75,75,75,75,75,75,75,75,75],"card_choices":[{"not_picked":["Sentinel","Clash","Armaments"],"picked":"SKIP","floor":1},{"not_picked":["Reckless Charge","Dual Wield","Second Wind"],"picked":"SKIP","floor":2},{"not_picked":["Entrench","Thunderclap"],"picked":"Wild Strike","floor":5},{"not_picked":["Wild Strike","Intimidate"],"picked":"Double Tap","floor":6},{"not_picked":["Sword Boomerang+1","Sentinel","Hemokinesis+1"],"picked":"SKIP","floor":8},{"not_picked":["Ghostly Armor","Clash+1","Infernal Blade"],"picked":"SKIP","floor":11},{"not_picked":["Headbutt+1","Clash+1","Heavy Blade+1"],"picked":"SKIP","floor":13}],"player_experience":814507,"relics_obtained":[{"floor":4,"key":"Whetstone"},{"floor":6,"key":"Bird Faced Urn"},{"floor":8,"key":"Molten Egg 2"},{"floor":9,"key":"Boot"}],"event_choices":[{"damage_healed":0,"gold_gain":0,"player_choice":"Entered Light","damage_taken":23,"max_hp_gain":0,"max_hp_loss":0,"event_name":"Shining Light","floor":3,"gold_loss":0,"cards_upgraded":["Strike_R","Defend_R"]},{"damage_healed":0,"gold_gain":0,"player_choice":"Take Damage","damage_taken":26,"relics_obtained":["Golden Idol"],"max_hp_gain":0,"max_hp_loss":0,"event_name":"Golden Idol","floor":12,"gold_loss":0},{"cards_removed":["Strike_R"],"damage_healed":0,"gold_gain":0,"player_choice":"Card Removal","damage_taken":0,"max_hp_gain":0,"max_hp_loss":0,"event_name":"The Cleric","floor":14,"gold_loss":75}],"is_beta":false,"boss_relics":[],"items_purged_floors":[10],"is_endless":false,"potions_floor_spawned":[1,8],"killed_by":"The Guardian","ascension_level":20}}