{"host":"9nt1zhl3k8mtcf72","time":1608805862,"event":{"mods":["Aspiration","BaseMod","BetterRewards","Conjunction","Conspire","Downfall","Energized Spire","Friendly Minions","GifTheSpireLib","Halation","Hubris","Infinite Spire","Jedi Mod","Mimic Mod","Minty Spire (QoL Compilation)","RatMod","Replay The Spire","Spikes Relics","StSLib","Stuff the Spire","Trackpad","Useless Jewels Mod","Wandering Minibosses","vexMod"],"gold_per_floor":[99,99,99,72,172,240,263,278,203,253,271,304,629,655,668,668,668,668],"floor_reached":16,"playtime":769,"items_purged":[],"score":108,"play_id":"b6812833-c0ae-4f42-aa7c-7d63fe03dde3","local_time":"20201224053102","is_ascension_mode":false,"campfire_choices":[{"floor":1,"key":"RECALL"},{"floor":9,"key":"REST"}],"circlet_count":0,"master_deck":["hexamod:Strike","hexamod:Strike","hexamod:Strike","hexamod:Strike","hexamod:Defend","hexamod:Defend","hexamod:Defend","hexamod:Defend","hexamod:Sear","hexamod:Float","hexamod:Hexaguard","hexamod:EtherealExpedition","hexamod:GhostLash","hexamod:GhostShield","hexamod:ThirdSeal","hexamod:DynamicBlow","hexamod:FourthSeal","hexamod:FirstSeal","hexamod:NightmareGuise","hexamod:SpectersWail","hexamod:FifthSeal","Regret","hexamod:SpectersWail","hexamod:FirstSeal","hexamod:RecurringNightmare"],"relics":["hexamod:SpiritBrand","downfall:HeartsMalice","downfall:CloakOfManyFaces","CultistMask","FaceOfCleric","NlothsMask","GremlinMask","SsserpentHead","downfall:HeartBlessingRed","infinitespire:Satchel","Iron Hammer"],"acts_visited":["Exordium"],"potions_floor_usage":[12,12,15,15,16,16],"damage_taken":[{"damage":0,"enemies":"Cultist","floor":2,"turns":1},{"damage":0,"enemies":"2 Louse","floor":3,"turns":1},{"damage":0,"enemies":"downfall:FleeingMerchant","floor":4,"turns":1},{"damage":12,"enemies":"downfall:FaceTrader","floor":5,"turns":7},{"damage":0,"enemies":"Small Slimes","floor":6,"turns":2},{"damage":5,"enemies":"Exordium Thugs","floor":8,"turns":5},{"damage":0,"enemies":"2 Fungi Beasts","floor":11,"turns":4},{"damage":34,"enemies":"Lagavulin","floor":12,"turns":7},{"damage":44,"enemies":"Gremlin Nob","floor":14,"turns":6},{"damage":0,"enemies":"Red Slaver","floor":15,"turns":2},{"damage":23,"enemies":"downfall:Defect","floor":16,"turns":4}],"seed_played":"-51787605978031558","potions_obtained":[{"floor":8,"key":"jedi:StrikingPotion"},{"floor":11,"key":"champ:CounterPotion"},{"floor":11,"key":"SteroidPotion"},{"floor":12,"key":"Ancient Potion"},{"floor":14,"key":"Energy Potion"},{"floor":15,"key":"BlessingOfTheForge"},{"floor":15,"key":"GamblersBrew"}],"is_trial":false,"path_per_floor":["R","M","M","$","?","M","T","M","R","?","M","E","?","E","M","B"],"character_chosen":"THE_SPIRIT","items_purchased":["hexamod:GhostLash"],"campfire_rested":1,"item_purchase_floors":[4],"current_hp_per_floor":[70,70,70,70,58,59,59,55,72,75,76,50,50,7,15,0,0,0],"gold":668,"neow_bonus":"THREE_ENEMY_KILL","is_daily":false,"chose_seed":false,"campfire_upgraded":0,"win_rate":0.0,"timestamp":1608805862,"path_taken":["R","M","M","?","?","?","T","M","R","?","M","E","?","E","M","BOSS"],"items_purchased_type":["Card"],"build_version":"2020-12-22","purchased_purges":0,"victory":false,"max_hp_per_floor":[70,70,70,70,70,71,71,72,72,75,76,77,77,78,79,79,79,79],"card_choices":[{"not_picked":["hexamod:Rewind","hexamod:FastForward"],"picked":"hexamod:Hexaguard","floor":2},{"not_picked":["hexamod:SwordOfDarkness","hexamod:Again","hexamod:BurningTouch"],"picked":"SKIP","floor":3},{"not_picked":["hexamod:RecurringNightmare","hexamod:PhantomCloak"],"picked":"hexamod:EtherealExpedition","floor":4},{"not_picked":["hexamod:FastForward","hexamod:Firestarter"],"picked":"hexamod:GhostShield","floor":5},{"not_picked":["hexamod:RainOfEmbers","hexamod:InspiringFlames"],"picked":"hexamod:ThirdSeal","floor":6},{"not_picked":["hexamod:Firestarter","hexamod:RadiantFlame"],"picked":"hexamod:DynamicBlow","floor":8},{"not_picked":["hexamod:SwordOfDarkness","hexamod:InspiringFlames"],"picked":"hexamod:FourthSeal","floor":8},{"not_picked":["hexamod:CrushingStance","hexamod:ThirdSeal"],"picked":"hexamod:FirstSeal","floor":11},{"not_picked":["hexamod:SpectralSpark","hexamod:Again"],"picked":"hexamod:NightmareGuise","floor":11},{"not_picked":["hexamod:UnlimitedPower","hexamod:PowerFromBeyond"],"picked":"hexamod:SpectersWail","floor":12},{"not_picked":["hexamod:BacktrackSmack","hexamod:BurningTouch"],"picked":"hexamod:FifthSeal","floor":12},{"not_picked":["hexamod:DynamicBlow","hexamod:FastForward"],"picked":"hexamod:SpectersWail","floor":14},{"not_picked":["hexamod:SecondSeal","hexamod:FourthSeal"],"picked":"hexamod:FirstSeal","floor":14},{"not_picked":["hexamod:StepThrough","hexamod:FastForward","hexamod:RainOfEmbers"],"picked":"SKIP","floor":14},{"not_picked":["hexamod:Incineration","hexamod:PhantomFireball"],"picked":"hexamod:RecurringNightmare","floor":15},{"not_picked":["hexamod:HexaLevel","hexamod:Firestarter","hexamod:HeatShield"],"picked":"SKIP","floor":15}],"player_experience":466239,"relics_obtained":[{"floor":5,"key":"downfall:CloakOfManyFaces"},{"floor":12,"key":"infinitespire:Satchel"},{"floor":14,"key":"Iron Hammer"}],"event_choices":[],"is_beta":false,"boss_relics":[],"items_purged_floors":[],"is_endless":false,"potions_floor_spawned":[8,11,15],"killed_by":"downfall:Defect","ascension_level":0}}