{"host":"4nheqd2tld5ixkgx","time":1608825756,"event":{"mods":["BaseMod","GifTheSpireLib","HololiveMod","KinomotoSakuraMod(–Ø”V–{?)","Minty Spire (QoL Compilation)","StSLib","The Cursed"],"gold_per_floor":[118,118,118,133,133,160,160,177,177,123,123,248,248,268,268,363,363,378,21,52,102,102,102],"floor_reached":22,"playtime":1282,"items_purged":[],"score":290,"play_id":"1dacf472-0f03-47fe-b847-d0848e7f5d3a","local_time":"20201225010236","is_ascension_mode":false,"campfire_choices":[{"data":"TheCursedMod:HellsGateOpen","floor":7,"key":"SMITH"},{"data":"TheCursedMod:HellfireBreathing","floor":11,"key":"SMITH"},{"floor":13,"key":"RECALL"},{"data":"TheCursedMod:Grudge","floor":15,"key":"SMITH"}],"circlet_count":0,"master_deck":["TheCursedMod:Strike_TheCursed","TheCursedMod:Strike_TheCursed","TheCursedMod:Strike_TheCursed","TheCursedMod:Strike_TheCursed","TheCursedMod:Defend_TheCursed","TheCursedMod:Defend_TheCursed","TheCursedMod:Defend_TheCursed","TheCursedMod:CursedWand","TheCursedMod:CleanUpWorkshop","TheCursedMod:Dregs","TheCursedMod:HellfireBreathing+1","TheCursedMod:HellsGateOpen+1","TheCursedMod:Grudge+1","TheCursedMod:OutForBlood","TheCursedMod:Grudge+1","TheCursedMod:LuckyCharm","TheCursedMod:DarkBarrier+1","TheCursedMod:VoidForm","TheCursedMod:EmpowerCircles","TheCursedMod:Torture+1","TheCursedMod:WearCloak+1","TheCursedMod:WearCloak+1"],"relics":["TheCursedMod:BlackMagic101","NeowsBlessing","SsserpentHead","TheCursedMod:MagicCandle","Toxic Egg 2","TheCursedMod:DemonicMark","FossilizedHelix","Black Star","TheCursedMod:BloodyHarpoon"],"acts_visited":["Exordium","TheCity"],"potions_floor_usage":[16,18],"damage_taken":[{"damage":0,"enemies":"Small Slimes","floor":1,"turns":1},{"damage":0,"enemies":"2 Louse","floor":4,"turns":1},{"damage":0,"enemies":"3 Sentries","floor":6,"turns":2},{"damage":0,"enemies":"Cultist","floor":8,"turns":3},{"damage":0,"enemies":"Lagavulin","floor":14,"turns":7},{"damage":0,"enemies":"The Guardian","floor":16,"turns":8},{"damage":14,"enemies":"3 Byrds","floor":18,"turns":3},{"damage":20,"enemies":"2 Thieves","floor":20,"turns":4},{"damage":53,"enemies":"3 Cultists","floor":22,"turns":5}],"seed_played":"-8249554248539017710","potions_obtained":[{"floor":1,"key":"Ancient Potion"},{"floor":14,"key":"BlessingOfTheForge"},{"floor":16,"key":"LiquidBronze"},{"floor":18,"key":"Ancient Potion"}],"is_trial":false,"path_per_floor":["M","?","?","M","?","E","R","M","T","$","R","T","R","E","R","B",null,"M","$","M","?","M"],"character_chosen":"THE_CURSED","items_purchased":["TheCursedMod:Grudge+1","TheCursedMod:LuckyCharm","TheCursedMod:BloodyHarpoon","TheCursedMod:Torture+1","TheCursedMod:WearCloak+1"],"campfire_rested":0,"item_purchase_floors":[10,10,19,19,19],"current_hp_per_floor":[75,75,75,75,75,75,75,75,75,75,75,75,75,75,75,75,75,61,61,41,41,0,0],"gold":102,"neow_bonus":"THREE_ENEMY_KILL","is_daily":false,"chose_seed":false,"campfire_upgraded":3,"win_rate":0.0,"timestamp":1608825756,"path_taken":["M","?","?","?","?","E","R","M","T","?","R","?","R","E","R","BOSS","M","$","?","?","M"],"items_purchased_type":["Card","Card","Relic","Card","Card"],"build_version":"2020-12-22","purchased_purges":0,"victory":false,"max_hp_per_floor":[75,75,75,75,75,75,75,75,75,75,75,75,75,75,75,75,75,75,75,75,75,75,75],"card_choices":[{"not_picked":["TheCursedMod:Grudge","TheCursedMod:FleshFromBone"],"picked":"TheCursedMod:HellfireBreathing","floor":1},{"not_picked":["TheCursedMod:CircleOfFlame","TheCursedMod:HellfireBreathing"],"picked":"TheCursedMod:HellsGateOpen","floor":4},{"not_picked":["TheCursedMod:CursedAmulet","TheCursedMod:FleshFromBone"],"picked":"TheCursedMod:Grudge","floor":6},{"not_picked":["TheCursedMod:RavingStaff","TheCursedMod:Stigma"],"picked":"TheCursedMod:OutForBlood","floor":8},{"not_picked":["TheCursedMod:Evocation+1","TheCursedMod:CursedStaff"],"picked":"TheCursedMod:DarkBarrier+1","floor":14},{"not_picked":["TheCursedMod:NeowsMight+1","TheCursedMod:StunningStrike"],"picked":"TheCursedMod:VoidForm","floor":16},{"not_picked":["TheCursedMod:Mangle","TheCursedMod:Grudge+1"],"picked":"TheCursedMod:EmpowerCircles","floor":18},{"not_picked":["TheCursedMod:CursedShiv","TheCursedMod:Stretching+1"],"picked":"TheCursedMod:WearCloak+1","floor":20}],"player_experience":300170,"relics_obtained":[{"floor":6,"key":"TheCursedMod:MagicCandle"},{"floor":9,"key":"Toxic Egg 2"},{"floor":12,"key":"TheCursedMod:DemonicMark"},{"floor":14,"key":"FossilizedHelix"}],"event_choices":[{"damage_healed":0,"gold_gain":0,"player_choice":"Leave","damage_taken":0,"max_hp_gain":0,"max_hp_loss":0,"event_name":"The Cleric","floor":2,"gold_loss":0},{"cards_removed":["TheCursedMod:Defend_TheCursed"],"damage_healed":0,"gold_gain":0,"player_choice":"Offered Basic","damage_taken":0,"max_hp_gain":0,"max_hp_loss":0,"event_name":"Bonfire Elementals","floor":3,"gold_loss":0},{"damage_healed":0,"gold_gain":0,"player_choice":"Trade","damage_taken":0,"relics_obtained":["SsserpentHead"],"max_hp_gain":0,"max_hp_loss":0,"event_name":"FaceTrader","floor":5,"gold_loss":0},{"damage_healed":0,"gold_gain":0,"player_choice":"Ignored","damage_taken":0,"max_hp_gain":0,"max_hp_loss":0,"event_name":"Ghosts","floor":21,"gold_loss":0}],"is_beta":false,"boss_relics":[{"not_picked":["Tiny House","Astrolabe"],"picked":"Black Star"}],"items_purged_floors":[],"is_endless":false,"potions_floor_spawned":[1,14,16,18],"killed_by":"3 Cultists","ascension_level":0}}