{"host":"4evnc443c98ww2zl","time":1608771967,"event":{"mods":["BaseMod","Better Third Choice","Hermit","Koishi","Minty Spire (QoL Compilation)","Remilia??????","Robot Space Explorer","StSLib","The Administrix","The Animator","The Bug Knight","The Cursed","TheSwordswoman"],"gold_per_floor":[211,211,223,237,287,242,242,254,254,106,124,159,175,191,191,295,345,356,356,356,366,382,382,382,417,417,437,437,437,466,486,486,591,591,610,610,520,69,87,87,87,138,208,258,258,11,11,11,11,11],"floor_reached":51,"playtime":4534,"items_purged":["blazmod:Defend+1"],"score":783,"play_id":"18c8cebb-04ff-48ce-98b3-b6c2da04ad84","local_time":"20201223190607","is_ascension_mode":false,"campfire_choices":[{"data":"blazmod:TrueOfHeart","floor":15,"key":"SMITH"},{"data":"blazmod:Crosscut","floor":23,"key":"SMITH"},{"floor":29,"key":"REST"},{"floor":32,"key":"REST"},{"data":"blazmod:Crosscut","floor":40,"key":"SMITH"},{"floor":47,"key":"REST"},{"floor":49,"key":"DIG"}],"circlet_count":0,"master_deck":["blazmod:Strike+1","blazmod:Strike+1","blazmod:Strike+1","blazmod:Strike+1","blazmod:Defend+1","blazmod:ButterflyEffect+1","blazmod:Kyokasuigetsu","blazmod:FortifiedVigor","blazmod:KatanaStrike","blazmod:MyEverything","blazmod:FortifiedVigor+1","blazmod:Crosscut+1","blazmod:TandenKatsu+1","blazmod:TrueOfHeart+1","blazmod:GlasswingWaltz+1","blazmod:OpenSpirit+1","blazmod:DanceOfTheGods+1","blazmod:PureOfSoul+1","blazmod:TrueSelf","blazmod:Swordstorm","blazmod:Crosscut+1","blazmod:FortifiedVigor+1","blazmod:TandenKatsu+1","blazmod:BeTheBlade","Gluttony_TH","blazmod:MyEverything+1","blazmod:PhysicalEndurance+1","blazmod:OneWithNature+1","blazmod:MyEverything+1","blazmod:SecondSight+1","blazmod:MyEverything+1","blazmod:KatanaStrike+1","blazmod:FlashRock+1"],"relics":["blazmod:Venustas","Oddly Smooth Stone","Toxic Egg 2","Letter Opener","Tiny House","blazmod:BladeOfPurification","WingedGreaves","Ginger","Molten Egg 2","blazmod:Vyxaba","HandDrill","Regal Pillow","StoneCalendar","Bottled Lightning","Shovel","Shuriken","Pear","blazmod:EightLifeKatana"],"acts_visited":["Exordium","TheCity","TheBeyond"],"potions_floor_usage":[3,4,8,12,12,18,22,27,33,33,42],"damage_taken":[{"damage":4,"enemies":"Small Slimes","floor":1,"turns":3},{"damage":0,"enemies":"Cultist","floor":3,"turns":2},{"damage":0,"enemies":"2 Louse","floor":4,"turns":1},{"damage":0,"enemies":"Exordium Thugs","floor":8,"turns":3},{"damage":0,"enemies":"Looter","floor":11,"turns":2},{"damage":0,"enemies":"Gremlin Nob","floor":12,"turns":3},{"damage":0,"enemies":"2 Fungi Beasts","floor":13,"turns":2},{"damage":3,"enemies":"Looter","floor":14,"turns":3},{"damage":2,"enemies":"Slime Boss","floor":16,"turns":8},{"damage":0,"enemies":"3 Byrds","floor":18,"turns":1},{"damage":10,"enemies":"2 Thieves","floor":21,"turns":4},{"damage":0,"enemies":"Shelled Parasite and Fungi","floor":22,"turns":4},{"damage":27,"enemies":"Slavers","floor":25,"turns":4},{"damage":0,"enemies":"Chosen and Byrds","floor":27,"turns":4},{"damage":26,"enemies":"Book of Stabbing","floor":30,"turns":5},{"damage":6,"enemies":"Cultist and Chosen","floor":31,"turns":4},{"damage":15,"enemies":"Collector","floor":33,"turns":9},{"damage":12,"enemies":"Orb Walker","floor":35,"turns":4},{"damage":8,"enemies":"3 Shapes","floor":39,"turns":4},{"damage":18,"enemies":"2 Orb Walkers","floor":42,"turns":4},{"damage":3,"enemies":"Mind Bloom Boss Battle","floor":44,"turns":7},{"damage":24,"enemies":"Awakened One","floor":50,"turns":13}],"seed_played":"7587866537339000464","potions_obtained":[{"floor":2,"key":"CultistPotion"},{"floor":2,"key":"GamblersBrew"},{"floor":2,"key":"Explosive Potion"},{"floor":3,"key":"DistilledChaos"},{"floor":4,"key":"FearPotion"},{"floor":12,"key":"Fruit Juice"},{"floor":14,"key":"LiquidBronze"},{"floor":17,"key":"AttackPotion"},{"floor":18,"key":"DuplicationPotion"},{"floor":25,"key":"Fire Potion"},{"floor":30,"key":"Weak Potion"},{"floor":39,"key":"LiquidMemories"}],"is_trial":false,"path_per_floor":["M","?","M","M","T","$","?","M","T","$","M","E","M","M","R","B",null,"M","?","?","M","M","R","?","E","T","M","?","R","E","M","R","B",null,"M","?","?","$","M","R","?","?","T","?","T","$","R","$","R","B",null],"character_chosen":"THE_SWORDSWOMAN","items_purchased":["blazmod:FortifiedVigor","blazmod:TandenKatsu+1","blazmod:TrueOfHeart","HandDrill","Regal Pillow","blazmod:MyEverything+1","Pear"],"campfire_rested":3,"item_purchase_floors":[6,10,10,38,38,38,46],"current_hp_per_floor":[36,36,36,36,36,36,36,36,36,36,36,41,41,38,38,36,50,50,50,50,40,40,40,40,13,13,13,28,47,21,15,34,19,65,53,53,53,53,45,45,45,27,27,24,24,34,71,71,71,47],"gold":11,"neow_bonus":"HUNDRED_GOLD","is_daily":false,"chose_seed":false,"campfire_upgraded":3,"win_rate":0.0,"timestamp":1608771967,"path_taken":["M","?","M","?","?","$","?","M","T","$","M","E","M","M","R","BOSS","M","?","?","?","M","R","?","E","T","?","?","R","E","M","R","BOSS","M","?","?","$","?","R","?","?","T","?","?","$","R","$","R","BOSS"],"items_purchased_type":["Card","Card","Card","Relic","Relic","Card","Relic"],"build_version":"2020-12-22","purchased_purges":1,"victory":true,"max_hp_per_floor":[40,40,40,40,40,40,40,40,40,40,40,45,45,45,45,45,50,50,50,50,50,50,50,50,50,50,50,65,65,65,65,65,65,65,65,65,65,65,65,65,65,65,65,65,65,75,75,75,75,75],"card_choices":[{"not_picked":["blazmod:DanceOfTheGods","blazmod:FancifulFlutter"],"picked":"blazmod:FortifiedVigor","floor":1},{"not_picked":["blazmod:Valiance","blazmod:FortifiedVigor"],"picked":"blazmod:KatanaStrike","floor":3},{"not_picked":["blazmod:MentalFocus","blazmod:TravelJournal"],"picked":"blazmod:MyEverything","floor":4},{"not_picked":["blazmod:ButterFlutter","blazmod:BoulderFlash"],"picked":"blazmod:Crosscut","floor":8},{"not_picked":["blazmod:HarmonyComplete","blazmod:ButterFlutter"],"picked":"blazmod:GlasswingWaltz+1","floor":11},{"not_picked":["blazmod:MentalFocus","blazmod:FlawlessDraw"],"picked":"blazmod:OpenSpirit+1","floor":12},{"not_picked":["blazmod:FocusThroughFalls+1","blazmod:CastAwayDew+1"],"picked":"blazmod:DanceOfTheGods+1","floor":13},{"not_picked":["blazmod:BoulderFlash","blazmod:ButterFlutter"],"picked":"blazmod:PureOfSoul+1","floor":14},{"not_picked":["blazmod:SeismicSlash","blazmod:HoumatsuMugenKochouji"],"picked":"blazmod:TrueSelf","floor":16},{"not_picked":["blazmod:SidewaySolace+1","blazmod:FancifulFlutter"],"picked":"blazmod:Swordstorm","floor":17},{"not_picked":["blazmod:Trasient","blazmod:BlindBlade+1"],"picked":"blazmod:Crosscut","floor":18},{"not_picked":["blazmod:MentalFocus+1","blazmod:TravelJournal","blazmod:FancifulFlutter"],"picked":"SKIP","floor":21},{"not_picked":["blazmod:FocusThroughFalls+1","blazmod:MentalFocus"],"picked":"blazmod:FortifiedVigor+1","floor":22},{"not_picked":["blazmod:MoonlightBlossoms","blazmod:Valiance+1"],"picked":"blazmod:TandenKatsu+1","floor":25},{"not_picked":["blazmod:ButterFlutter","blazmod:FleetOfFoot+1"],"picked":"blazmod:BeTheBlade","floor":27},{"not_picked":["blazmod:HarmonyComplete+1","blazmod:FortifiedVigor+1"],"picked":"blazmod:MyEverything+1","floor":30},{"not_picked":["blazmod:ApexLegends+1","blazmod:SidewaySolace+1"],"picked":"blazmod:PhysicalEndurance+1","floor":31},{"not_picked":["blazmod:EightLifePilgrimage+1","blazmod:ButterflyForm"],"picked":"blazmod:OneWithNature+1","floor":33},{"not_picked":["blazmod:FortifiedVigor+1","blazmod:FlashRock+1"],"picked":"blazmod:SecondSight+1","floor":35},{"not_picked":["blazmod:MoonlightBlossoms+1","blazmod:FleetOfFoot+1"],"picked":"blazmod:KatanaStrike+1","floor":39},{"not_picked":["blazmod:Crosscut+1","blazmod:KatanaStrike+1"],"picked":"blazmod:FlashRock+1","floor":44}],"player_experience":1065155,"relics_obtained":[{"floor":5,"key":"Oddly Smooth Stone"},{"floor":9,"key":"Toxic Egg 2"},{"floor":12,"key":"Letter Opener"},{"floor":25,"key":"WingedGreaves"},{"floor":26,"key":"Ginger"},{"floor":30,"key":"Molten Egg 2"},{"floor":42,"key":"StoneCalendar"},{"floor":43,"key":"Bottled Lightning"},{"floor":44,"key":"Shovel"},{"floor":45,"key":"Shuriken"},{"floor":49,"key":"blazmod:EightLifeKatana"}],"event_choices":[{"damage_healed":0,"gold_gain":0,"player_choice":"Got Potions","damage_taken":0,"max_hp_gain":0,"max_hp_loss":0,"event_name":"Lab","floor":2,"gold_loss":0},{"damage_healed":0,"gold_gain":0,"player_choice":"Bought 0 Potions","damage_taken":0,"max_hp_gain":0,"max_hp_loss":0,"event_name":"The Woman in Blue","floor":7,"gold_loss":0},{"damage_healed":0,"gold_gain":0,"player_choice":"Simplicity","damage_taken":0,"max_hp_gain":0,"max_hp_loss":8,"event_name":"betterThird:BetterWriting","floor":19,"gold_loss":0},{"damage_healed":0,"gold_gain":0,"player_choice":"Ignored","damage_taken":0,"max_hp_gain":0,"max_hp_loss":0,"event_name":"Ghosts","floor":20,"gold_loss":0},{"damage_healed":0,"gold_gain":0,"player_choice":"Gave Potion","damage_taken":0,"relics_obtained":["blazmod:BladeOfPurification"],"max_hp_gain":0,"max_hp_loss":0,"event_name":"WeMeetAgain","floor":24,"gold_loss":0},{"damage_healed":0,"gold_gain":0,"player_choice":"Ignored","damage_taken":0,"max_hp_gain":0,"max_hp_loss":0,"event_name":"Tomb of Lord Red Mask","floor":36,"gold_loss":0},{"cards_removed":["blazmod:Defend"],"damage_healed":0,"gold_gain":0,"player_choice":"Upgrade and Remove","damage_taken":0,"max_hp_gain":0,"max_hp_loss":0,"event_name":"Designer","floor":37,"gold_loss":90,"cards_upgraded":["blazmod:FortifiedVigor"]},{"damage_healed":0,"gold_gain":0,"player_choice":"Fight","damage_taken":0,"max_hp_gain":0,"max_hp_loss":0,"event_name":"Mysterious Sphere","floor":42,"gold_loss":0},{"damage_healed":0,"gold_gain":0,"player_choice":"Fight","damage_taken":0,"max_hp_gain":0,"max_hp_loss":0,"event_name":"MindBloom","floor":44,"gold_loss":0}],"is_beta":false,"boss_relics":[{"not_picked":["blazmod:SoshuMasabe","Velvet Choker"],"picked":"Tiny House"},{"not_picked":["Cursed Key","Coffee Dripper"],"picked":"blazmod:Vyxaba"}],"items_purged_floors":[38],"is_endless":false,"potions_floor_spawned":[3,4,12,14,18,25,30,39],"ascension_level":0}}