{"host":"0luxfixkkfk9wck3","time":1608846280,"event":{"mods":["BaseMod","Downfall","Highlight Path","Minty Spire (QoL Compilation)","StSLib"],"gold_per_floor":[99,115,133,283,283,313,340,615,92,105,115,133,153,14,24,123,123,123,142,162,182,182,198,225,150,135,135,160,85,104,135,145,249,249,174,188,202,214,214,226,226,226,226,132,132,162,162,64,81,81,81,114,11,11,11],"floor_reached":56,"playtime":70355,"items_purged":["Slimebound:Icky","Regret"],"score":1321,"play_id":"736163bd-a794-49d4-9c8b-cf3e44f8e629","local_time":"20201224154440","is_ascension_mode":true,"campfire_choices":[{"data":"Guardian:TwinSlam","floor":1,"key":"SMITH"},{"data":"Guardian:SentryBeam","floor":18,"key":"SMITH"},{"data":"Guardian:Orbwalk","floor":25,"key":"SMITH"},{"floor":27,"key":"RECALL"},{"data":"expansioncontent:DashGenerateEvil","floor":29,"key":"SMITH"},{"data":"Guardian:TimeSifter","floor":35,"key":"SMITH"},{"data":"Guardian:ExploitGems","floor":42,"key":"SMITH"},{"data":"Guardian:SpikerProtocol","floor":45,"key":"SMITH"},{"floor":54,"key":"REST"}],"circlet_count":0,"master_deck":["Guardian:Strike_Guardian","Guardian:Strike_Guardian","Guardian:Strike_Guardian","Guardian:Strike_Guardian","Guardian:Defend_Guardian","Guardian:Defend_Guardian","Guardian:Defend_Guardian","Guardian:Defend_Guardian","Guardian:CurlUp","Guardian:TwinSlam+1","Guardian:ChargeUp","Guardian:PolyBeam+1","Guardian:SentryBeam+1","Guardian:SpikerProtocol+1","expansioncontent:DashGenerateEvil+1","Guardian:PiercingHide","Guardian:ArmoredProtocol","Guardian:RollAttack","Guardian:Preprogram","Guardian:ExploitGems+1","Guardian:Orbwalk+1","Guardian:SpikerProtocol+1","Guardian:Incinerate+1","Guardian:TimeSifter+1","Guardian:BronzeOrb+1","Guardian:TemporalShield+1","expansioncontent:DecasProtection+1","Guardian:PrismaticBarrier+1","Guardian:Gem_Cyan","Guardian:ChargeCore+1","Guardian:Gem_Synthetic"],"relics":["Guardian:ModeShifter","Potion Belt","Blue Candle","Tiny Chest","Centennial Puzzle","Philosopher\u0027s Stone","Eternal Feather","downfall:HeartBlessingBlue","Toxic Egg 2","downfall:HeartBlessingRed","Toy Ornithopter","Cursed Key","downfall:HeartBlessingGreen","Guardian:SackOfGems","White Beast Statue","Ice Cream"],"acts_visited":["Exordium","TheCity","TheBeyond","TheEnding"],"potions_floor_usage":[28,38,50,50,50,50,50,55],"damage_taken":[{"damage":0,"enemies":"Cultist","floor":2,"turns":3},{"damage":0,"enemies":"Small Slimes","floor":3,"turns":3},{"damage":19,"enemies":"Lagavulin","floor":6,"turns":7},{"damage":1,"enemies":"downfall:FleeingMerchant","floor":9,"turns":4},{"damage":2,"enemies":"Jaw Worm","floor":10,"turns":3},{"damage":7,"enemies":"Blue Slaver","floor":11,"turns":3},{"damage":0,"enemies":"2 Fungi Beasts","floor":12,"turns":3},{"damage":1,"enemies":"Large Slime","floor":13,"turns":4},{"damage":1,"enemies":"downfall:FleeingMerchant","floor":14,"turns":4},{"damage":0,"enemies":"2 Fungi Beasts","floor":15,"turns":2},{"damage":12,"enemies":"downfall:Ironclad","floor":16,"turns":8},{"damage":1,"enemies":"Spheric Guardian","floor":19,"turns":4},{"damage":1,"enemies":"Centurion and Healer","floor":20,"turns":5},{"damage":3,"enemies":"Cultist and Chosen","floor":21,"turns":5},{"damage":1,"enemies":"Shelled Parasite and Fungi","floor":23,"turns":4},{"damage":1,"enemies":"downfall:FleeingMerchant","floor":26,"turns":4},{"damage":13,"enemies":"Slavers","floor":28,"turns":2},{"damage":2,"enemies":"Centurion and Healer","floor":30,"turns":3},{"damage":7,"enemies":"Book of Stabbing","floor":31,"turns":4},{"damage":16,"enemies":"Snake Plant","floor":32,"turns":3},{"damage":4,"enemies":"downfall:Defect","floor":33,"turns":6},{"damage":3,"enemies":"3 Darklings","floor":36,"turns":3},{"damage":8,"enemies":"3 Shapes","floor":37,"turns":3},{"damage":1,"enemies":"Jaw Worm Horde","floor":38,"turns":3},{"damage":3,"enemies":"Writhing Mass","floor":40,"turns":5},{"damage":1,"enemies":"downfall:FleeingMerchant","floor":44,"turns":2},{"damage":11,"enemies":"Giant Head","floor":46,"turns":7},{"damage":0,"enemies":"Spire Growth","floor":49,"turns":4},{"damage":82,"enemies":"downfall:Silent","floor":50,"turns":7},{"damage":54,"enemies":"downfall:CharBossMerchant","floor":52,"turns":8},{"damage":16,"enemies":"downfall:NeowBoss","floor":55,"turns":19}],"seed_played":"-911085804137838401","potions_obtained":[{"floor":2,"key":"Guardian:BlockOnCardUsePotion"},{"floor":3,"key":"Strength Potion"},{"floor":12,"key":"EssenceOfSteel"},{"floor":20,"key":"AttackPotion"},{"floor":28,"key":"Fire Potion"},{"floor":37,"key":"Dexterity Potion"},{"floor":38,"key":"Guardian:BlockOnCardUsePotion"},{"floor":52,"key":"PowerPotion"}],"is_trial":false,"path_per_floor":["R","M","M","?","?","E","T","?","$","M","M","M","M","$","M","B",null,"R","M","M","M","T","M","T","R","$","R","E","R","M","E","M","B",null,"R","M","M","M","?","M","T","R","?","$","R","E","T","$","M","B",null,"E","$","R","B",null],"character_chosen":"GUARDIAN","items_purchased":["Guardian:Gem_Blue","Guardian:SpikerProtocol","expansioncontent:DashGenerateEvil","Centennial Puzzle","Guardian:Gem_Fragmented","Guardian:DefensiveModePotion","Guardian:PrismaticBarrier+1","Guardian:SackOfGems","PowerPotion","Dexterity Potion","CultistPotion"],"campfire_rested":1,"item_purchase_floors":[9,9,9,9,14,14,44,44,48,48,53],"current_hp_per_floor":[80,80,80,80,80,61,61,61,60,58,51,51,50,49,49,37,80,80,79,78,75,75,74,74,90,89,90,77,89,87,80,64,60,90,90,87,79,83,83,80,80,90,90,89,90,79,79,79,79,18,90,36,36,81,70],"gold":11,"neow_bonus":"RANDOM_COMMON_RELIC","is_daily":false,"chose_seed":false,"campfire_upgraded":7,"win_rate":0.0,"timestamp":1608846280,"path_taken":["R","M","M","?","?","E","T","?","$","M","?","M","M","$","M","BOSS","R","M","M","?","?","M","T","R","$","R","E","R","M","E","M","BOSS","R","M","M","M","?","?","T","R","?","$","R","E","?","$","M","BOSS","E","$","R","BOSS"],"items_purchased_type":["Card","Card","Card","Relic","Card","Potion","Card","Relic","Potion","Potion","Potion"],"build_version":"2020-12-22","purchased_purges":2,"victory":true,"max_hp_per_floor":[80,80,80,80,80,80,80,80,80,80,80,80,80,80,80,80,80,80,80,80,80,80,80,80,90,90,90,90,90,90,90,90,90,90,90,90,90,90,90,90,90,90,90,90,90,90,90,90,90,90,90,90,90,90,90],"card_choices":[{"not_picked":["Guardian:TemporalStrike","Guardian:GuardianWhirl"],"picked":"Guardian:ChargeUp","floor":2},{"not_picked":["Guardian:TemporalStrike","Guardian:Gem_Red"],"picked":"Guardian:Gem_Fragmented","floor":3},{"not_picked":["Guardian:Reroute","Guardian:PrismaticBarrier"],"picked":"Guardian:PolyBeam","floor":6},{"not_picked":["Guardian:Gem_Cyan","Guardian:WalkerClaw"],"picked":"Guardian:SentryBeam","floor":9},{"not_picked":["Guardian:PrismaticBarrier","Guardian:Planning"],"picked":"Guardian:PiercingHide","floor":10},{"not_picked":["Guardian:PrismaticBeam","Guardian:Suspension","Guardian:Planning"],"picked":"SKIP","floor":11},{"not_picked":["Guardian:ChargeCore","Guardian:Clone"],"picked":"Guardian:Gem_Crimson","floor":12},{"not_picked":["Guardian:Suspension","Guardian:Gem_Cyan"],"picked":"Guardian:ArmoredProtocol","floor":13},{"not_picked":["Guardian:DecasProtection","Guardian:SentryBeam"],"picked":"Guardian:RollAttack","floor":14},{"not_picked":["Guardian:WalkerClaw","Guardian:TemporalStrike"],"picked":"Guardian:Preprogram","floor":15},{"not_picked":["Guardian:FastForward","Guardian:ConstructionForm"],"picked":"Guardian:ExploitGems","floor":16},{"not_picked":["Guardian:FloatingOrbs","Guardian:GuardianWhirl"],"picked":"Guardian:Orbwalk","floor":19},{"not_picked":["Guardian:ShieldCharger","Guardian:EvasiveProtocol","Guardian:CrystalBeam"],"picked":"SKIP","floor":20},{"not_picked":["Guardian:CrystalBeam","Guardian:StasisStrike","Guardian:ChargeCore"],"picked":"SKIP","floor":21},{"not_picked":["Guardian:Gem_Cyan","Guardian:PrimingBeam+1","Guardian:MultiBeam"],"picked":"SKIP","floor":23},{"not_picked":["Guardian:Reroute","Guardian:SphericShield"],"picked":"Guardian:Gem_Fragmented","floor":26},{"not_picked":["Guardian:WalkerClaw+1","Guardian:Harden+1"],"picked":"Guardian:SpikerProtocol+1","floor":28},{"not_picked":["Guardian:PrimingBeam+1","Guardian:TemporalStrike"],"picked":"Guardian:Gem_Crimson","floor":30},{"not_picked":["Guardian:Gem_Lightblue","Guardian:TemporalShield+1"],"picked":"Guardian:Incinerate+1","floor":31},{"not_picked":["Guardian:Repulse","Guardian:TemporalShield+1","Guardian:Recover+1"],"picked":"SKIP","floor":32},{"not_picked":["Guardian:StasisStrike","Guardian:AncientConstruct"],"picked":"Guardian:TimeSifter","floor":33},{"not_picked":["Guardian:CrystalBeam","Guardian:Repulse+1"],"picked":"Guardian:BronzeOrb+1","floor":36},{"not_picked":["Guardian:EvasiveProtocol+1","Guardian:Clone+1"],"picked":"Guardian:Gem_Purple","floor":37},{"not_picked":["Guardian:PiercingHide+1","Guardian:DonusPower+1"],"picked":"Guardian:TemporalShield+1","floor":38},{"not_picked":["Guardian:CrystalBeam","Guardian:Reroute"],"picked":"Guardian:Gem_Purple","floor":40},{"not_picked":["expansioncontent:PrepareCrush+1","expansioncontent:DefensiveStance"],"picked":"expansioncontent:DecasProtection+1","floor":43},{"not_picked":["Guardian:Incinerate","Guardian:PrimingBeam+1","Guardian:Recover+1"],"picked":"SKIP","floor":44},{"not_picked":["Guardian:PrismaticBarrier+1","Guardian:Gem_Lightblue"],"picked":"Guardian:ChargeCore+1","floor":46},{"not_picked":["Guardian:Gem_Lightblue","Guardian:VentSteam+1","Guardian:CrystalBeam"],"picked":"SKIP","floor":49},{"not_picked":["Guardian:FloatingOrbs+1","Guardian:Suspension+1"],"picked":"Guardian:Gem_Synthetic","floor":52}],"player_experience":10528647,"relics_obtained":[{"floor":6,"key":"Blue Candle"},{"floor":7,"key":"Tiny Chest"},{"floor":22,"key":"Eternal Feather"},{"floor":28,"key":"Toxic Egg 2"},{"floor":31,"key":"Toy Ornithopter"},{"floor":46,"key":"White Beast Statue"},{"floor":52,"key":"Ice Cream"}],"event_choices":[],"is_beta":false,"boss_relics":[{"not_picked":["Velvet Choker","Black Star"],"picked":"Philosopher\u0027s Stone"},{"not_picked":["Runic Dome","SlaversCollar"],"picked":"Cursed Key"}],"items_purged_floors":[9,44],"is_endless":false,"potions_floor_spawned":[2,3,12,20,21,23,28,31,33,37,38,49,52],"ascension_level":1}}