{"host":"dazi714svy9she3p","time":1608785687,"event":{"mods":["AchievementEnabler","Act Like it!","BaseMod","Better Skull","CapriCore","CatGirl Mod","Colored Map","Downfall","Friendly Minions","GifTheSpireLib","Highlight Path","Hubris","Infinite Spire","Jorbs\u0027s Wanderer Trilogy","Koishi","Lobotomy","LobotomyExtend","Mad Scientist","Minty Spire (QoL Compilation)","Random Character Button","Rare Cards Sparkle","Relic Sorter","RemiliaÅiÂQïƒ‰ª?Åj","Replay The Spire","StSLib","The Animator","The Blackbeard","The Bladedancer","The Construct","The Cursed","The Druid","The Forsaken","The Gatherer","The Immortal","The Juggle","The Marked","The Mystic","The Wild Card"],"gold_per_floor":[118,132,132,151,164,164,164,10,90,90,90,90,90,90,90,90,90,191,191,209,134,134,134,134],"floor_reached":23,"playtime":2367,"items_purged":["jugglermod: Strike"],"score":129,"play_id":"7385b7cb-8949-49bb-b8d2-cdcb1994207a","local_time":"20201223205447","is_ascension_mode":false,"campfire_choices":[{"data":"jugglermod: ZoneOut","floor":6,"key":"SMITH"},{"floor":11,"key":"RECALL"},{"data":"jugglermod: HighThrow","floor":15,"key":"SMITH"}],"circlet_count":0,"master_deck":["Funeral","jugglermod: Strike","jugglermod: Defend","jugglermod: Defend","jugglermod: Defend","jugglermod: HighThrow+1","jugglermod: AirGrab","jugglermod: PractisedThrows+1","jugglermod: PalmDrop+1","jugglermod: ZoneOut+1","Alriune","jugglermod: GlassCannon","UniverseFragment","Regret","jugglermod: TripletFlow","BigBadWolf","BlackArmy","jugglermod: ZoneOut"],"relics":["jugglermod: WetwareUpgrade","CogitoBucket","LetterFromLob","Lee\u0027s Waffle","MealTicket","Coffee Dripper","FleshIdol","SolemnVow_r"],"acts_visited":["Exordium","TheCity"],"potions_floor_usage":[],"damage_taken":[{"damage":11,"enemies":"Jaw Worm","floor":1,"turns":4},{"damage":6,"enemies":"Cultist","floor":2,"turns":5},{"damage":15,"enemies":"2 Louse","floor":4,"turns":4},{"damage":12,"enemies":"Blue Slaver","floor":5,"turns":4},{"damage":14,"enemies":"3 Louse","floor":16,"turns":2},{"damage":34,"enemies":"Slime Boss","floor":18,"turns":10},{"damage":39,"enemies":"3 Byrds","floor":20,"turns":5},{"damage":99,"enemies":"Spheric Guardian","floor":22,"turns":8},{"damage":0,"enemies":"Snake Plant","floor":23,"turns":1}],"seed_played":"-32891306057561570","potions_obtained":[{"floor":22,"key":"Dexterity Potion"}],"is_trial":false,"path_per_floor":["M","M","?","M","M","R","?","$","T","?","R","?","PTL","PTL","R","M","R_BF","B",null,"M","$","M","M"],"character_chosen":"THE_JUGGLER","items_purchased":["Lee\u0027s Waffle"],"campfire_rested":0,"item_purchase_floors":[8],"current_hp_per_floor":[64,58,58,45,35,35,20,82,82,82,82,82,82,82,82,68,68,62,82,62,77,19,21,21],"gold":134,"neow_bonus":"","is_daily":false,"chose_seed":false,"campfire_upgraded":2,"win_rate":0.0,"timestamp":1608785687,"path_taken":["M","M","?","?","M","R","?","?","T","?","R","?","PTL","PTL","R","M","R_BF","BOSS","M","$","M","M"],"items_purchased_type":["Relic"],"build_version":"2020-12-22","purchased_purges":1,"victory":false,"max_hp_per_floor":[75,75,75,75,75,75,75,82,82,82,82,82,82,82,82,82,82,82,82,82,82,82,82,82],"card_choices":[{"not_picked":["CherryBlossoms","Murderer"],"picked":"MeltingLove","floor":1},{"not_picked":["jugglermod: FindBalance","jugglermod: HandFlip"],"picked":"jugglermod: AirGrab","floor":1},{"not_picked":["jugglermod: BackSmack","jugglermod: AirGrab"],"picked":"jugglermod: PractisedThrows","floor":2},{"not_picked":["PunishingBird","Porccubus"],"picked":"Bloodbath","floor":2},{"not_picked":["jugglermod: FloorBounce","jugglermod: SwitchFeet"],"picked":"jugglermod: ZoneOut","floor":4},{"not_picked":["BeautyBeast","MeatLantern"],"picked":"Alriune","floor":4},{"not_picked":["jugglermod: HardPass","jugglermod: Faceball"],"picked":"jugglermod: GlassCannon","floor":5},{"not_picked":["WallGazer","VoidDream"],"picked":"UniverseFragment","floor":5},{"not_picked":["Freischutz","Variant"],"picked":"QueenOfHatred","floor":16},{"not_picked":["jugglermod: ForeignTastes","jugglermod: FloorBounce","jugglermod: HandFlip"],"picked":"SKIP","floor":16},{"not_picked":["Freischutz","SpiderBud"],"picked":"Funeral","floor":18},{"not_picked":["ShyLook","SnowQueen"],"picked":"BigBadWolf","floor":20},{"not_picked":["jugglermod: FloorBounce","jugglermod: Butterfly","jugglermod: PumpIron"],"picked":"SKIP","floor":20},{"not_picked":["jugglermod: FloorBounce","jugglermod: Butterfly","jugglermod: PumpIron"],"picked":"SKIP","floor":20},{"not_picked":["QueenBee","GreedKing","GalaxyChild"],"picked":"Singing Bowl","floor":22},{"not_picked":["BodiesMountain","WhitesApple"],"picked":"BlackArmy","floor":22},{"not_picked":["jugglermod: GadgetArm+1","jugglermod: PractisedThrows"],"picked":"jugglermod: ZoneOut","floor":22}],"player_experience":15153,"relics_obtained":[{"floor":1,"key":"LetterFromLob"}],"event_choices":[{"damage_healed":0,"gold_gain":0,"player_choice":"2 cards matched","damage_taken":0,"max_hp_gain":0,"max_hp_loss":0,"event_name":"Match and Keep!","floor":3,"gold_loss":0,"cards_obtained":["jugglermod: MomentumPump","jugglermod: PalmDrop"]},{"damage_healed":0,"gold_gain":0,"player_choice":"Entered Light","damage_taken":15,"max_hp_gain":0,"max_hp_loss":0,"event_name":"Shining Light","floor":7,"gold_loss":0,"cards_upgraded":["jugglermod: PractisedThrows","jugglermod: PalmDrop"]},{"damage_healed":0,"gold_gain":0,"player_choice":"Ignored","damage_taken":0,"max_hp_gain":0,"max_hp_loss":0,"event_name":"Liars Game","floor":10,"gold_loss":0},{"damage_healed":0,"gold_gain":0,"player_choice":"Box","damage_taken":0,"relics_obtained":["MealTicket"],"max_hp_gain":0,"max_hp_loss":0,"event_name":"Big Fish","floor":12,"gold_loss":0,"cards_obtained":["Regret"]}],"is_beta":false,"boss_relics":[{"not_picked":["Empty Cage","hubris:Backtick"],"picked":"Coffee Dripper"}],"items_purged_floors":[21],"is_endless":false,"potions_floor_spawned":[16,22],"killed_by":"Snake Plant","ascension_level":0}}