{"host":"njruw0b0uprlitpx","time":1608847118,"event":{"mods":["2.2 Compatiblity","Astrologer","Bartender","BaseMod","Better Altar","Better Match","Better Note","Better Sensory Stone","Better Skull","Better Third Choice","BetterRewards","Block Reminder","Chen","Colored Map","Colored Powertips","Jedi Mod","Keyboard Shortcuts","Magitek Elite","Minty Spire (QoL Compilation)","Quick Restart","Relic Stats","Replay The Spire","SacredBarkPlus","Spicy Shops","StSLib","SuperFastMode","The Disciple","The Evolution","The Forsaken","The Marked","The Mystic","The Necromancer","The Spell Scribe","TheVelvet","Wandering Minibosses"],"gold_per_floor":[109,109,69,82,82,82,168,193,243,261,28,41,51,51,51,147,147,167,167,180,230,245,245,245,245],"floor_reached":24,"playtime":1183,"items_purged":[],"score":245,"play_id":"5510e60d-6413-4e62-ab57-4e5e90c8855b","local_time":"20201224155838","is_ascension_mode":true,"campfire_choices":[{"floor":6.0,"key":"REST"},{"floor":15,"key":"REST"},{"floor":23,"key":"REST"}],"circlet_count":0,"master_deck":["astrologer:Strike","astrologer:Strike","astrologer:Strike","astrologer:Strike","astrologer:Defend","astrologer:Defend","astrologer:Defend","astrologer:Defend","astrologer:NorthStar","astrologer:TheFool","astrologer:Shine+1","astrologer:Radiance","astrologer:Stardust","astrologer:Eclipse","astrologer:Prismatic","astrologer:SolarFlare","astrologer:TheStar","astrologer:LonelyStar","astrologer:RejectReality","astrologer:TheHermit+1","astrologer:Moonlight+1"],"relics":["astrologer:SkyMirror","Sozu","ReplayTheSpireMod:DimensionalGlitch","Oddly Smooth Stone","Ancient Tea Set","Mirror","Pen Nib","Omamori","Velvet Choker"],"acts_visited":["Exordium","TheCity"],"potions_floor_usage":[],"damage_taken":[{"damage":4.0,"enemies":"Small Slimes","floor":1.0,"turns":4.0},{"damage":0.0,"enemies":"Cultist","floor":4.0,"turns":4.0},{"damage":20,"enemies":"3 Sentries","floor":8,"turns":8},{"damage":0,"enemies":"2 Louse","floor":10,"turns":2},{"damage":0,"enemies":"Looter","floor":12,"turns":3},{"damage":4,"enemies":"Large Slime","floor":13,"turns":4},{"damage":28,"enemies":"The Guardian","floor":16,"turns":12},{"damage":4,"enemies":"Chosen","floor":18,"turns":3},{"damage":15,"enemies":"Shell Parasite","floor":20,"turns":6},{"damage":16,"enemies":"Snake Plant","floor":22,"turns":4},{"damage":44,"enemies":"Book of Stabbing","floor":24,"turns":7}],"seed_played":"4146233883072932903","potions_obtained":[],"is_trial":false,"path_per_floor":["M","?","?","M","?","R","?","E","T","M","$","M","M","T","R","B",null,"M","?","M","?","M","R","E"],"character_chosen":"ASTROLOGER","items_purchased":["astrologer:Prismatic","astrologer:SolarFlare","astrologer:TheStar"],"campfire_rested":3,"item_purchase_floors":[11,11,11],"current_hp_per_floor":[66,54,54,54,54,70,42,22,22,22,22,22,18,18,39,11,55,51,51,36,36,20,41,0,0],"gold":245,"neow_bonus":"DOUBLE_BOSS_RELIC","is_daily":false,"chose_seed":false,"campfire_upgraded":0,"win_rate":0.0,"timestamp":1608847118,"path_taken":["M","?","?","?","?","R","?","E","T","M","$","M","M","?","R","BOSS","M","?","M","?","?","R","E"],"items_purchased_type":["Card","Card","Card"],"build_version":"2020-12-22","purchased_purges":0,"victory":false,"max_hp_per_floor":[70,70,70,70,70,70,70,70,70,70,70,70,70,70,70,70,70,70,70,70,70,70,70,70,70],"relic_stats":{"Sozu":13,"counters":[32,162],"Pen Nib":[16],"obtain_stats":[{"Gremlin Horn":22,"Golden Idol":2,"ReplayTheSpireMod:CursedCoin":3,"HollowMod:JonisBlessing":12,"Oddly Smooth Stone":2,"Velvet Choker":17,"Thread and Needle":6,"Pen Nib":25,"Omamori":14,"Mythril_Glove":23,"jedi:archwizardhat":8,"Ancient Tea Set":7,"Replay:Arrowhead":30,"Sozu":0,"Nunchaku":39,"Busted Crown":34,"jedi:ominousloannote":3,"Philosopher\u0027s Stone":17,"astrologer:SkyMirror":0,"Art of War":9,"Bag of Marbles":28,"Kunai":26,"ReplayTheSpireMod:DimensionalGlitch":0,"Mirror":8},{"Gremlin Horn":9,"Golden Idol":1,"ReplayTheSpireMod:CursedCoin":1,"HollowMod:JonisBlessing":6,"Oddly Smooth Stone":22,"Velvet Choker":28,"Thread and Needle":3,"Pen Nib":12,"Omamori":27,"Mythril_Glove":10,"jedi:archwizardhat":4,"Ancient Tea Set":23,"Replay:Arrowhead":15,"Sozu":21,"Nunchaku":20,"Busted Crown":17,"jedi:ominousloannote":1,"Philosopher\u0027s Stone":8,"astrologer:SkyMirror":0,"Art of War":4,"Bag of Marbles":14,"Kunai":12,"ReplayTheSpireMod:DimensionalGlitch":21,"Mirror":24},{"Gremlin Horn":36,"Golden Idol":4,"ReplayTheSpireMod:CursedCoin":4,"HollowMod:JonisBlessing":21,"Oddly Smooth Stone":109,"Velvet Choker":142,"Thread and Needle":12,"Pen Nib":53,"Omamori":130,"Mythril_Glove":41,"jedi:archwizardhat":16,"Ancient Tea Set":113,"Replay:Arrowhead":69,"Sozu":105,"Nunchaku":101,"Busted Crown":88,"jedi:ominousloannote":4,"Philosopher\u0027s Stone":32,"astrologer:SkyMirror":0,"Art of War":16,"Bag of Marbles":65,"Kunai":53,"ReplayTheSpireMod:DimensionalGlitch":105,"Mirror":121}]},"card_choices":[{"not_picked":["astrologer:StarOfChange","astrologer:TheHighPriestess"],"picked":"astrologer:Shine","floor":1.0},{"not_picked":["astrologer:SolarFlare","astrologer:ReadTheStars"],"picked":"astrologer:Radiance","floor":4.0},{"not_picked":["astrologer:FrozenStar","astrologer:Still"],"picked":"astrologer:Stardust","floor":7.0},{"not_picked":["astrologer:Novile","astrologer:ReadTheStars"],"picked":"astrologer:Eclipse","floor":8},{"not_picked":["astrologer:ReadTheStars","astrologer:Cataclysm","astrologer:FrozenStar"],"picked":"SKIP","floor":10},{"not_picked":["astrologer:SpaceDust","astrologer:FrozenStar","astrologer:TheMoon"],"picked":"SKIP","floor":12},{"not_picked":["astrologer:Moonlight","astrologer:Radiance"],"picked":"astrologer:LonelyStar","floor":13},{"not_picked":["astrologer:TheChariot","astrologer:DarkMatter"],"picked":"astrologer:RejectReality","floor":16},{"not_picked":["astrologer:Moonlight","astrologer:Opposition+1"],"picked":"astrologer:TheHermit+1","floor":18},{"not_picked":["astrologer:Eclipse","astrologer:FrozenStar"],"picked":"astrologer:Moonlight+1","floor":20},{"not_picked":["astrologer:Opposition","astrologer:TheEmperor","astrologer:Moonlight"],"picked":"SKIP","floor":22}],"player_experience":1749461,"relics_obtained":[{"floor":7.0,"key":"Ancient Tea Set"},{"floor":8,"key":"Mirror"},{"floor":9,"key":"Pen Nib"},{"floor":14,"key":"Omamori"}],"event_choices":[{"damage_healed":0.0,"max_hp_gain":0.0,"max_hp_loss":0.0,"gold_gain":0.0,"event_name":"betterThird:BetterScrap","player_choice":"Relic ","floor":2.0,"gold_loss":0.0,"damage_taken":12.0,"cards_obtained":["Machine Learning"]},{"damage_healed":0.0,"max_hp_gain":0.0,"max_hp_loss":0.0,"gold_gain":0.0,"event_name":"The Woman in Blue","player_choice":"Bought 3 Potions","floor":3.0,"gold_loss":0.0,"damage_taken":0.0},{"damage_healed":0.0,"max_hp_gain":0.0,"max_hp_loss":0.0,"gold_gain":0.0,"event_name":"Living Wall","player_choice":"Grow","floor":5.0,"gold_loss":0.0,"damage_taken":0.0,"cards_upgraded":["astrologer:Shine"]},{"damage_healed":0,"gold_gain":0,"player_choice":"Got Potions","damage_taken":0,"max_hp_gain":0,"max_hp_loss":0,"event_name":"Lab","floor":19,"gold_loss":0},{"damage_healed":0,"gold_gain":100,"player_choice":"Bet on Murderer","damage_taken":0,"max_hp_gain":0,"max_hp_loss":0,"event_name":"The Joust","floor":21,"gold_loss":50}],"is_beta":false,"boss_relics":[{"not_picked":["Replay:Bronze Core","jedi:battlestandard"],"picked":"Velvet Choker"}],"items_purged_floors":[],"is_endless":false,"potions_floor_spawned":[1,13,16,18,22],"killed_by":"Book of Stabbing","ascension_level":5}}