{"host":"0ojbcjhl22e0lupc","time":1608773914,"event":{"mods":["AchievementEnabler","BaseMod","Better Altar","Better Note","Better Sensory Stone","Better Skull","Better Third Choice","BetterRewards","Colored Map","Colored Powertips","Curses Come First","Custom Start","DNKmod","Friendly Minions","Gold Saver","Hermit","Highlight Path","Marked Mod","Minty Spire (QoL Compilation)","Permanent Neow","QueenMod","Random Character Button","Random Character Mod","Replay The Spire","Spicy Shops","StSLib","The Blue Laboratory","The Cursed","The Forsaken","The Hierophant","The Jungle","Transform Curses","Treasure Hunter"],"gold_per_floor":[110,165,184,184,203,230,230,257,296,335,386,0,34,57,57,175,175,175,175],"floor_reached":18,"playtime":1149,"items_purged":[],"score":300,"play_id":"a5084810-879d-4503-b589-3595b92b2606","local_time":"20201223203834","is_ascension_mode":true,"campfire_choices":[{"floor":7,"key":"REST"},{"data":"Dual Wield","floor":15,"key":"SMITH"}],"circlet_count":0,"master_deck":["Strike_R","Strike_R","Strike_R","Strike_R","Strike_R","Defend_R","Defend_R","Defend_R","Defend_R","Bash","Perfected Strike+1","Twin Strike","Pommel Strike","Cleave","TH:Mimic","Warcry","Dual Wield+1","Flex","Reaper","Twin Strike","TH:CursedSword","Feed"],"relics":["Burning Blood","Bag of Preparation","Frozen Egg 2","Happy Flower","MawBank","CeramicFish","Pear","Frozen Eye","Toxic Egg 2","StoneCalendar"],"acts_visited":["Exordium","TheCity"],"potions_floor_usage":[6,6,8,13,13],"damage_taken":[{"damage":4,"enemies":"Jaw Worm","floor":1,"turns":5},{"damage":0,"enemies":"2 Louse","floor":3,"turns":1},{"damage":0,"enemies":"Cultist","floor":5,"turns":3},{"damage":3,"enemies":"Gremlin Nob","floor":6,"turns":3},{"damage":5,"enemies":"3 Sentries","floor":8,"turns":4},{"damage":2,"enemies":"Exordium Wildlife","floor":10,"turns":4},{"damage":0,"enemies":"Gremlin Nob","floor":11,"turns":2},{"damage":0,"enemies":"Lagavulin","floor":13,"turns":3},{"damage":14,"enemies":"Red Slaver","floor":14,"turns":2},{"damage":16,"enemies":"Slime Boss","floor":16,"turns":7},{"damage":0,"enemies":"3 Byrds","floor":18,"turns":1}],"seed_played":"-791121253510738870","potions_obtained":[{"floor":2,"key":"SpeedPotion"},{"floor":5,"key":"blueLaboratory:HorrorPotion"},{"floor":6,"key":"blueLaboratory:ConflagurationPotion"},{"floor":8,"key":"blueLaboratory:BottleOfRum"},{"floor":11,"key":"SteroidPotion"},{"floor":16,"key":"blueLaboratory:FruitPunch"}],"is_trial":false,"path_per_floor":["M","?","M","?","M","E","R","E","T","M","E","$","E","M","R","B",null,"M"],"character_chosen":"IRONCLAD","items_purchased":["Frozen Eye","Toxic Egg 2"],"campfire_rested":1,"item_purchase_floors":[12,12],"current_hp_per_floor":[80,48,54,54,60,63,80,80,80,80,90,90,90,88,88,78,87,87,87],"gold":175,"neow_bonus":"RANDOM_COMMON_RELIC","is_daily":false,"chose_seed":false,"campfire_upgraded":1,"win_rate":0.0,"timestamp":1608773914,"path_taken":["M","?","M","?","M","E","R","E","T","M","E","$","E","?","R","BOSS","M"],"items_purchased_type":["Relic","Relic"],"build_version":"2020-12-22","purchased_purges":0,"victory":false,"max_hp_per_floor":[80,80,80,80,80,80,80,80,80,80,90,90,90,90,90,90,90,90,90],"card_choices":[{"not_picked":["Heavy Blade","Whirlwind"],"picked":"Perfected Strike","floor":1},{"not_picked":["ReplayTheSpireMod:Limb From Limb","Run Through"],"picked":"Twin Strike","floor":2},{"not_picked":["Body Slam","Warcry"],"picked":"Pommel Strike","floor":3},{"not_picked":["Blood for Blood","Eclipse"],"picked":"Cleave","floor":5},{"not_picked":["TH:DeckOfManyThings"],"picked":"TH:Mimic","floor":6},{"not_picked":["Clothesline","Iron Wave"],"picked":"Warcry","floor":6},{"not_picked":["Headbutt","Body Slam"],"picked":"Dual Wield","floor":8},{"not_picked":["TH:CopperCoins","TH:ElvenBoots"],"picked":"SKIP","floor":8},{"not_picked":["TH:CopperCoins","TH:Mimic"],"picked":"SKIP","floor":9},{"not_picked":["Headbutt","Impervious"],"picked":"Flex","floor":10},{"not_picked":["Hemokinesis","ReplayTheSpireMod:Strike From Hell"],"picked":"Reaper","floor":11},{"not_picked":["TH:DeckOfManyThings","TH:CopperCoins"],"picked":"SKIP","floor":11},{"not_picked":["TH:ElvenBoots","TH:ArmorSpikes"],"picked":"SKIP","floor":13},{"not_picked":["Fiend Fire","Clothesline","ReplayTheSpireMod:Strike From Hell"],"picked":"SKIP","floor":13},{"not_picked":["Warcry+1","Wild Strike"],"picked":"Twin Strike","floor":14},{"not_picked":["TH:TreasureMap"],"picked":"TH:CursedSword","floor":16},{"not_picked":["Juggernaut+1","Eclipse+1"],"picked":"Feed","floor":16}],"player_experience":313013,"relics_obtained":[{"floor":2,"key":"Frozen Egg 2"},{"floor":6,"key":"Happy Flower"},{"floor":8,"key":"MawBank"},{"floor":9,"key":"CeramicFish"},{"floor":11,"key":"Pear"},{"floor":13,"key":"StoneCalendar"}],"event_choices":[{"damage_healed":0,"gold_gain":0,"player_choice":"Upgraded","damage_taken":0,"max_hp_gain":0,"max_hp_loss":0,"event_name":"Upgrade Shrine","floor":4,"gold_loss":0,"cards_upgraded":["Perfected Strike"]}],"is_beta":false,"boss_relics":[{"not_picked":["Runic Dome","Kintsugi","Pandora\u0027s Box"]}],"items_purged_floors":[],"is_endless":false,"potions_floor_spawned":[5,6,8,11,16],"killed_by":"3 Byrds","ascension_level":5}}