{"host":"baymyijz6sxaqj5s","time":1608799918,"event":{"mods":["AchievementEnabler","BaseMod","Colored Map","Colored Powertips","DeckTracker","KOR Keyword Fix","Keyboard Shortcuts","Minty Spire (QoL Compilation)","Quick Restart","StSLib","SuperFastMode"],"gold_per_floor":[109,125,139,158,158,138,156,156,156,170,190,190,205,218,218,323,323,338,355,355,355],"floor_reached":20,"playtime":1025,"items_purged":[],"score":181,"play_id":"48c04bca-d0d3-4711-ad55-3fb70a0b4b4e","local_time":"20201224175158","is_ascension_mode":true,"campfire_choices":[{"floor":12,"key":"REST"},{"data":"Backflip","floor":15,"key":"SMITH"}],"circlet_count":0,"master_deck":["Strike_G","Strike_G","Strike_G","Strike_G","Strike_G","Defend_G","Defend_G+1","Defend_G","Defend_G+1","Defend_G","Survivor","Neutralize","Flying Knee","Backflip+1","Dodge and Roll","Poisoned Stab","Blur","Terror","Backflip"],"relics":["Ring of the Snake","Nunchaku","SlaversCollar"],"acts_visited":["Exordium","TheCity"],"potions_floor_usage":[7,7,14,16,16,18],"damage_taken":[{"damage":0,"enemies":"Small Slimes","floor":1,"turns":3},{"damage":1,"enemies":"Cultist","floor":2,"turns":4},{"damage":3,"enemies":"2 Louse","floor":3,"turns":3},{"damage":1,"enemies":"Red Slaver","floor":4,"turns":5},{"damage":1,"enemies":"Looter","floor":7,"turns":4},{"damage":1,"enemies":"Blue Slaver","floor":10,"turns":4},{"damage":1,"enemies":"Red Slaver","floor":11,"turns":6},{"damage":8,"enemies":"2 Fungi Beasts","floor":13,"turns":4},{"damage":9,"enemies":"Large Slime","floor":14,"turns":8},{"damage":17,"enemies":"The Guardian","floor":16,"turns":17},{"damage":22,"enemies":"Spheric Guardian","floor":18,"turns":12},{"damage":26,"enemies":"Shell Parasite","floor":19,"turns":10},{"damage":35,"enemies":"Shelled Parasite and Fungi","floor":20,"turns":9}],"seed_played":"-3883898898869979688","potions_obtained":[{"floor":1,"key":"Swift Potion"},{"floor":6,"key":"Energy Potion"},{"floor":7,"key":"Fire Potion"},{"floor":8,"key":"ColorlessPotion"},{"floor":8,"key":"Ancient Potion"},{"floor":8,"key":"FearPotion"},{"floor":16,"key":"Weak Potion"},{"floor":18,"key":"EssenceOfSteel"}],"is_trial":false,"path_per_floor":["M","M","M","M","?","?","M","?","T","M","M","R","M","M","R","B",null,"M","M","M"],"character_chosen":"THE_SILENT","items_purchased":[],"campfire_rested":1,"item_purchase_floors":[],"current_hp_per_floor":[77,76,73,72,57,57,56,56,56,55,54,77,69,60,60,43,77,55,29,0,0],"gold":355,"neow_bonus":"TEN_PERCENT_HP_BONUS","is_daily":false,"chose_seed":false,"campfire_upgraded":1,"win_rate":0.0,"timestamp":1608799918,"path_taken":["M","M","M","M","?","?","?","?","T","M","M","R","M","M","R","BOSS","M","M","M"],"items_purchased_type":[],"build_version":"2020-12-22","purchased_purges":0,"victory":false,"max_hp_per_floor":[77,77,77,77,77,77,77,77,77,77,77,77,77,77,77,77,77,77,77,77,77],"card_choices":[{"not_picked":["Well Laid Plans","Footwork","Riddle With Holes"],"picked":"SKIP","floor":1},{"not_picked":["Sucker Punch","Expertise","Slice"],"picked":"SKIP","floor":2},{"not_picked":["Choke","Escape Plan"],"picked":"Flying Knee","floor":3},{"not_picked":["Terror","Slice"],"picked":"Backflip","floor":4},{"not_picked":["Sucker Punch","Accuracy"],"picked":"Dodge and Roll","floor":7},{"not_picked":["Accuracy","Escape Plan"],"picked":"Poisoned Stab","floor":10},{"not_picked":["Acrobatics","Accuracy"],"picked":"Blur","floor":11},{"not_picked":["Tactician","Die Die Die"],"picked":"Terror","floor":13},{"not_picked":["Slice","Deflect"],"picked":"Backflip","floor":14},{"not_picked":["Blade Dance+1","Eviscerate","Reflex+1"],"picked":"SKIP","floor":18},{"not_picked":["Dagger Throw","Underhanded Strike","PiercingWail"],"picked":"SKIP","floor":19}],"player_experience":218175,"relics_obtained":[{"floor":9,"key":"Nunchaku"}],"event_choices":[{"damage_healed":0,"gold_gain":0,"player_choice":"Entered Light","damage_taken":15,"max_hp_gain":0,"max_hp_loss":0,"event_name":"Shining Light","floor":5,"gold_loss":0,"cards_upgraded":["Defend_G","Defend_G"]},{"damage_healed":0,"gold_gain":0,"player_choice":"Bought 1 Potion","damage_taken":0,"max_hp_gain":0,"max_hp_loss":0,"event_name":"The Woman in Blue","floor":6,"gold_loss":0},{"damage_healed":0,"gold_gain":0,"player_choice":"Got Potions","damage_taken":0,"max_hp_gain":0,"max_hp_loss":0,"event_name":"Lab","floor":8,"gold_loss":0}],"is_beta":false,"boss_relics":[{"not_picked":["Snecko Eye","Empty Cage"],"picked":"SlaversCollar"}],"items_purged_floors":[],"is_endless":false,"potions_floor_spawned":[1,7,10,11,16,18],"killed_by":"Shelled Parasite and Fungi","ascension_level":1}}