{"host":"hvwa7s69zr612rn1","time":1608788714,"event":{"mods":["BaseMod","Colored Map","Colored Powertips","Downfall","Minty Spire (QoL Compilation)","StSLib"],"gold_per_floor":[0,18,28,28,41,41,41,70,85,70,83,100,100,145,161,161,161,161],"floor_reached":16,"playtime":748,"items_purged":[],"score":114,"play_id":"0d43d5a8-b7a8-4b30-8b3b-fa5e23058b38","local_time":"20201224164514","is_ascension_mode":true,"campfire_choices":[{"data":"Slimebound:CorrosiveSpit","floor":1,"key":"SMITH"},{"data":"Slimebound:Split","floor":13,"key":"SMITH"}],"circlet_count":0,"master_deck":["Slimebound:Strike_Slimebound","Slimebound:Strike_Slimebound","Slimebound:Tackle","Slimebound:Defend_Slimebound","Slimebound:Defend_Slimebound","Slimebound:Defend_Slimebound","Slimebound:Defend_Slimebound","Slimebound:Split+1","Slimebound:CorrosiveSpit+1","Slimebound:FormOfPuddle","Slimebound:FinishingTackle","Slimebound:MassFeed+1","Slimebound:RainOfGoop","Slimebound:ForwardTackle","Slimebound:Equalize","Slimebound:GoopTackle","Slimebound:Grow"],"relics":["Slimebound:AbsorbEndCombat","Turnip","Pantograph","White Beast Statue","Centennial Puzzle"],"acts_visited":["Exordium"],"potions_floor_usage":[8,11,15],"damage_taken":[{"damage":4,"enemies":"Small Slimes","floor":2,"turns":3},{"damage":14,"enemies":"Jaw Worm","floor":3,"turns":3},{"damage":4,"enemies":"Cultist","floor":5,"turns":3},{"damage":36,"enemies":"3 Sentries","floor":8,"turns":8},{"damage":6,"enemies":"Exordium Thugs","floor":9,"turns":3},{"damage":8,"enemies":"downfall:FleeingMerchant","floor":10,"turns":4},{"damage":14,"enemies":"Red Slaver","floor":11,"turns":3},{"damage":8,"enemies":"2 Fungi Beasts","floor":12,"turns":3},{"damage":3,"enemies":"3 Louse","floor":15,"turns":2},{"damage":60,"enemies":"downfall:Defect","floor":16,"turns":6}],"seed_played":"-1678479214740098212","potions_obtained":[{"floor":2,"key":"hexamod:EctoCoolerPotion"},{"floor":5,"key":"AttackPotion"},{"floor":9,"key":"EntropicBrew"},{"floor":10,"key":"Explosive Potion"},{"floor":11,"key":"Dexterity Potion"},{"floor":12,"key":"DuplicationPotion"},{"floor":15,"key":"Weak Potion"}],"is_trial":false,"path_per_floor":["R","M","M","?","M","?","T","E","M","$","M","M","R","T","M","B"],"character_chosen":"SLIMEBOUND","items_purchased":[],"campfire_rested":0,"item_purchase_floors":[],"current_hp_per_floor":[60,60,52,52,56,56,56,28,30,30,24,24,24,24,23,0,0,0],"gold":161,"neow_bonus":"ONE_RARE_RELIC","is_daily":false,"chose_seed":false,"campfire_upgraded":2,"win_rate":0.0,"timestamp":1608788714,"path_taken":["R","M","M","?","M","?","T","E","M","$","?","M","R","?","M","BOSS"],"items_purchased_type":[],"build_version":"2020-12-22","purchased_purges":0,"victory":false,"max_hp_per_floor":[60,60,60,60,60,60,60,64,68,68,68,68,68,68,68,68,68,68],"card_choices":[{"not_picked":["Slimebound:HauntingLick","Slimebound:RollThrough"],"picked":"Slimebound:FormOfPuddle","floor":2},{"not_picked":["Slimebound:LeechEnergy","Slimebound:SplitAcid"],"picked":"Slimebound:FinishingTackle","floor":3},{"not_picked":["Slimebound:RollThrough","Slimebound:SplitMire"],"picked":"Slimebound:MassFeed","floor":5},{"not_picked":["Slimebound:Schlurp","Slimebound:Darklings"],"picked":"Slimebound:RainOfGoop","floor":8},{"not_picked":["Slimebound:RejuvenatingLick","Slimebound:TongueLash"],"picked":"Slimebound:ForwardTackle","floor":9},{"not_picked":["Slimebound:SamplingLick","Slimebound:SlimeSpikes"],"picked":"Slimebound:Equalize","floor":10},{"not_picked":["Slimebound:Replication","Slimebound:SplitBruiser","Slimebound:ComboTackle"],"picked":"SKIP","floor":11},{"not_picked":["Slimebound:SlimeTap","Slimebound:PressTheAttack"],"picked":"Slimebound:GoopTackle","floor":12},{"not_picked":["Slimebound:RejuvenatingLick","Slimebound:ServeAndProtect"],"picked":"Slimebound:Grow","floor":15}],"player_experience":388120,"relics_obtained":[{"floor":7,"key":"Pantograph"},{"floor":8,"key":"White Beast Statue"},{"floor":14,"key":"Centennial Puzzle"}],"event_choices":[{"cards_removed":["Slimebound:Strike_Slimebound"],"damage_healed":0,"gold_gain":0,"player_choice":"Card Removal","damage_taken":0,"max_hp_gain":0,"max_hp_loss":0,"event_name":"The Cleric","floor":4,"gold_loss":0},{"damage_healed":0,"gold_gain":0,"player_choice":"Upgraded","damage_taken":0,"max_hp_gain":0,"max_hp_loss":0,"event_name":"Upgrade Shrine","floor":6,"gold_loss":0,"cards_upgraded":["Slimebound:MassFeed"]}],"is_beta":false,"boss_relics":[],"items_purged_floors":[],"is_endless":false,"potions_floor_spawned":[2,5,9,10,11,12,15],"killed_by":"downfall:Defect","ascension_level":2}}