{"host":"g8cjtrzc5lau3ahr","time":1608778128,"event":{"mods":["2.2 Compatiblity","AchievementEnabler","Act Like it!","BaseMod","Bestiary","BetterRewards","CapriCore","Card Forge","ChefMod","Colored Map","Downfall","Friendly Minions","GifTheSpireLib","HexUI Lib","Infinite Spire","Ironclad Rager","Jedi Mod","Minty Spire (QoL Compilation)","Relic Stats","Retaliation","Robot Space Explorer","Shop Mod","StSLib","Stuff the Spire","The Dragon Tamer"],"gold_per_floor":[119,119,67,67,67,67,67,67,67,67,86,86,101,134,134,233,233,243,243,254,254,264,299,299,311,363,363,378,397,397,416,416,516,516,536,536,536,53,69,69,101,101,127,137,189,189,221,235,235,235,235,235,58,89,89,89],"floor_reached":55,"playtime":2229,"items_purged":[],"score":868,"play_id":"60c85093-0d5b-44c5-9e36-35fd7bcab2df","local_time":"20201223204848","is_ascension_mode":false,"campfire_choices":[{"floor":6,"key":"RECALL"},{"floor":8,"key":"REST"},{"floor":10,"key":"REST"},{"floor":15,"key":"REST"},{"floor":30,"key":"REST"},{"floor":32,"key":"REST"},{"floor":40,"key":"REST"},{"floor":42,"key":"REST"},{"floor":49,"key":"REST"},{"floor":52,"key":"REST"}],"circlet_count":0,"master_deck":["RobotSpaceExplorer:GearShield+1","RobotSpaceExplorer:ChargingLaser+1","RobotSpaceExplorer:Comet+1","RobotSpaceExplorer:StarLightning+1","RobotSpaceExplorer:Pulsar+1","RobotSpaceExplorer:Comet+1","RobotSpaceExplorer:StarLightning+1","RobotSpaceExplorer:Comet+1","RobotSpaceExplorer:Pulsar+1","RobotSpaceExplorer:Comet+1","RitualDagger+1","infinitespire:Oblivion+1","Flash of Steel+1","expansioncontent:DashGenerateEvil+1","RobotSpaceExplorer:Comet+1"],"relics":["RobotSpaceExplorer:RoboCore","Hammer of Thor","Seething Fire","Anvil of the Gods","NeowsBlessing","Kunai","StuffTheSpire:RedRose","infinitespire:Lucky Rock","infinitespire:Satchel","Bottled Lightning","jedi:paperlyon","Sozu","Smiling Mask","infinitespire:Beetle Shell","Cursed Key","MerchantsRug","StuffTheSpire:CocoNut","StuffTheSpire:SapphireSignet","Orichalcum","Dream Catcher","StoneCalendar","jedi:shrinkray","Pen Nib"],"acts_visited":["Exordium","TheCity","TheBeyond","TheEnding"],"potions_floor_usage":[35,55],"damage_taken":[{"damage":0,"enemies":"Small Slimes","floor":1,"turns":1},{"damage":0,"enemies":"2 Louse","floor":11,"turns":1},{"damage":0,"enemies":"Jaw Worm","floor":13,"turns":1},{"damage":5,"enemies":"3 Sentries","floor":14,"turns":3},{"damage":15,"enemies":"The Guardian","floor":16,"turns":5},{"damage":0,"enemies":"Spheric Guardian","floor":18,"turns":2},{"damage":0,"enemies":"Shell Parasite","floor":20,"turns":2},{"damage":0,"enemies":"Cultist and Chosen","floor":22,"turns":2},{"damage":1,"enemies":"Book of Stabbing","floor":23,"turns":3},{"damage":0,"enemies":"Centurion and Healer","floor":25,"turns":2},{"damage":0,"enemies":"Snake Plant","floor":28,"turns":2},{"damage":0,"enemies":"Snecko","floor":29,"turns":2},{"damage":0,"enemies":"Cultist and Chosen","floor":31,"turns":2},{"damage":0,"enemies":"Collector","floor":33,"turns":3},{"damage":0,"enemies":"3 Darklings","floor":35,"turns":2},{"damage":0,"enemies":"Orb Walker","floor":39,"turns":2},{"damage":0,"enemies":"Nemesis","floor":41,"turns":3},{"damage":0,"enemies":"4 Shapes","floor":44,"turns":2},{"damage":0,"enemies":"2 Orb Walkers","floor":45,"turns":2},{"damage":0,"enemies":"Reptomancer","floor":47,"turns":3},{"damage":13,"enemies":"Writhing Mass","floor":48,"turns":3},{"damage":18,"enemies":"Donu and Deca","floor":50,"turns":4},{"damage":7,"enemies":"Shield and Spear","floor":54,"turns":3},{"damage":91,"enemies":"The Heart","floor":55,"turns":3}],"seed_played":"6145862331171612064","potions_obtained":[{"floor":13,"key":"SpeedPotion"},{"floor":14,"key":"Dexterity Potion"}],"is_trial":false,"path_per_floor":["M","?","$","?","?","R","$","R","T","R","M","$","M","E","R","B",null,"M","AVR","M","?","M","E","?","M","T","?","M","M","R","M","R","B",null,"M","?","?","$","M","R","E","R","T","M","?","$","E","M","R","B",null,"R","$","E","B"],"character_chosen":"RobotSpaceExplorer","items_purchased":["PowerPotion","MerchantsRug","StuffTheSpire:CocoNut","Flash of Steel","expansioncontent:DashGenerateEvil"],"campfire_rested":9,"item_purchase_floors":[3,38,38,38,53],"current_hp_per_floor":[75,75,75,75,75,75,75,75,75,75,75,75,75,70,75,60,75,75,75,75,75,75,74,74,74,74,68,68,68,75,75,75,75,75,75,75,71,78,78,78,78,78,78,78,78,78,78,65,78,60,78,78,78,71,0,0],"gold":89,"neow_bonus":"THREE_ENEMY_KILL","is_daily":false,"chose_seed":false,"campfire_upgraded":0,"win_rate":0.0,"timestamp":1608778128,"path_taken":["M","?","$","?","?","R","$","R","T","R","?","?","M","E","R","BOSS","M","AVR","M","?","M","E","?","?","T","?","M","M","R","M","R","BOSS","M","?","?","?","?","R","E","R","T","M","?","?","E","M","R","BOSS","R","$","E","BOSS"],"items_purchased_type":["Potion","Relic","Relic","Card","Card"],"build_version":"2020-12-22","purchased_purges":0,"victory":false,"max_hp_per_floor":[75,75,75,75,75,75,75,75,75,75,75,75,75,75,75,75,75,75,75,75,75,75,75,75,75,75,75,75,75,75,75,75,75,75,75,75,71,78,78,78,78,78,78,78,78,78,78,78,78,78,78,78,78,78,78,78],"relic_stats":{"Sozu":8,"Dream Catcher":2,"counters":[24,58],"StoneCalendar":[0],"Pen Nib":[0],"Kunai":[18],"Orichalcum":[6],"Smiling Mask":0,"Cursed Key":1,"obtain_stats":[{"MerchantsRug":38,"NeowsBlessing":0,"RobotSpaceExplorer:RoboCore":0,"StoneCalendar":45,"Hammer of Thor":0,"infinitespire:Beetle Shell":23,"Pen Nib":54,"Seething Fire":0,"infinitespire:Lucky Rock":5,"Orichalcum":41,"Smiling Mask":19,"Cursed Key":34,"jedi:shrinkray":47,"Sozu":19,"StuffTheSpire:SapphireSignet":41,"Dream Catcher":43,"Anvil of the Gods":0,"jedi:paperlyon":17,"infinitespire:Satchel":9,"StuffTheSpire:CocoNut":38,"Kunai":2,"Bottled Lightning":14,"StuffTheSpire:RedRose":4},{"MerchantsRug":15,"NeowsBlessing":0,"RobotSpaceExplorer:RoboCore":0,"StoneCalendar":19,"Hammer of Thor":0,"infinitespire:Beetle Shell":9,"Pen Nib":23,"Seething Fire":0,"infinitespire:Lucky Rock":1,"Orichalcum":17,"Smiling Mask":6,"Cursed Key":14,"jedi:shrinkray":20,"Sozu":6,"StuffTheSpire:SapphireSignet":17,"Dream Catcher":17,"Anvil of the Gods":0,"jedi:paperlyon":5,"infinitespire:Satchel":1,"StuffTheSpire:CocoNut":15,"Kunai":1,"Bottled Lightning":4,"StuffTheSpire:RedRose":1},{"MerchantsRug":33,"NeowsBlessing":0,"RobotSpaceExplorer:RoboCore":0,"StoneCalendar":42,"Hammer of Thor":0,"infinitespire:Beetle Shell":20,"Pen Nib":55,"Seething Fire":0,"infinitespire:Lucky Rock":1,"Orichalcum":38,"Smiling Mask":13,"Cursed Key":31,"jedi:shrinkray":45,"Sozu":13,"StuffTheSpire:SapphireSignet":38,"Dream Catcher":38,"Anvil of the Gods":0,"jedi:paperlyon":11,"infinitespire:Satchel":1,"StuffTheSpire:CocoNut":33,"Kunai":1,"Bottled Lightning":6,"StuffTheSpire:RedRose":1}]},"card_choices":[{"not_picked":["RobotSpaceExplorer:SurgingStrike","RobotSpaceExplorer:PowerGlove"],"picked":"RobotSpaceExplorer:MetalStrike","floor":1},{"not_picked":["RobotSpaceExplorer:ImprovisedAttack","RobotSpaceExplorer:RigExplosive"],"picked":"RobotSpaceExplorer:GearShield","floor":11},{"not_picked":["RobotSpaceExplorer:MetalStrike","RobotSpaceExplorer:ImprovisedAttack","RobotSpaceExplorer:FrostMissile"],"picked":"SKIP","floor":13},{"not_picked":["RobotSpaceExplorer:ShockKick","RobotSpaceExplorer:SurgingStrike"],"picked":"RobotSpaceExplorer:ChargingLaser","floor":14},{"not_picked":["RobotSpaceExplorer:Autoloader","RobotSpaceExplorer:Blaster"],"picked":"RobotSpaceExplorer:Comet","floor":16},{"not_picked":["RobotSpaceExplorer:Probe","RobotSpaceExplorer:SurgingShield","RobotSpaceExplorer:Pulsar"],"picked":"SKIP","floor":18},{"not_picked":["RobotSpaceExplorer:GlueSpray","RobotSpaceExplorer:ScrapShield","RobotSpaceExplorer:Ammunition"],"picked":"SKIP","floor":20},{"not_picked":["RobotSpaceExplorer:LuckyStrike+1","RobotSpaceExplorer:SurgingStrike","RobotSpaceExplorer:ShockKick"],"picked":"SKIP","floor":22},{"not_picked":["RobotSpaceExplorer:Calculate","RobotSpaceExplorer:PowerGlove","RobotSpaceExplorer:Electroshield"],"picked":"SKIP","floor":23},{"not_picked":["RobotSpaceExplorer:Calculate","RobotSpaceExplorer:PowerGlove","RobotSpaceExplorer:Electroshield"],"picked":"SKIP","floor":23},{"not_picked":["RobotSpaceExplorer:StunGrenade","RobotSpaceExplorer:Probe","RobotSpaceExplorer:ScrapMissile"],"picked":"SKIP","floor":25},{"not_picked":["RobotSpaceExplorer:DoubleBlock","RobotSpaceExplorer:Pulsar","RobotSpaceExplorer:Wormhole"],"picked":"SKIP","floor":28},{"not_picked":["RobotSpaceExplorer:JunkDive","RobotSpaceExplorer:Ammunition"],"picked":"RobotSpaceExplorer:ImprovisedAttack+1","floor":29},{"not_picked":["RobotSpaceExplorer:JunkDive","RobotSpaceExplorer:Fix","RobotSpaceExplorer:ScrapMissile"],"picked":"SKIP","floor":31},{"not_picked":["RobotSpaceExplorer:DroneSwarm","RobotSpaceExplorer:Autoloader"],"picked":"RobotSpaceExplorer:Exploration","floor":33},{"not_picked":["RobotSpaceExplorer:SlimeMissile+1","RobotSpaceExplorer:MiniDrones+1","RobotSpaceExplorer:Pulsar"],"picked":"SKIP","floor":35},{"not_picked":["infinitespire:Menacing","infinitespire:Starlight"],"picked":"infinitespire:Oblivion","floor":36},{"not_picked":["RobotSpaceExplorer:TurboDodge+1","RobotSpaceExplorer:GlueShot","RobotSpaceExplorer:FrostMissile+1"],"picked":"SKIP","floor":39},{"not_picked":["RobotSpaceExplorer:SurgingStrike","RobotSpaceExplorer:ShovelStrike","RobotSpaceExplorer:ImprovisedAttack+1"],"picked":"SKIP","floor":41},{"not_picked":["RobotSpaceExplorer:SurgingStrike","RobotSpaceExplorer:ShovelStrike","RobotSpaceExplorer:ImprovisedAttack+1"],"picked":"SKIP","floor":41},{"not_picked":["RobotSpaceExplorer:FreezingShield","RobotSpaceExplorer:SurgingStrike+1","RobotSpaceExplorer:StunGrenade+1"],"picked":"SKIP","floor":44},{"not_picked":["RobotSpaceExplorer:SlimeMissile+1","RobotSpaceExplorer:SwiftStep","RobotSpaceExplorer:StunGrenade+1"],"picked":"SKIP","floor":47},{"not_picked":["RobotSpaceExplorer:ScrapToss+1","RobotSpaceExplorer:SlimeMissile","RobotSpaceExplorer:FranticSearch"],"picked":"SKIP","floor":48},{"not_picked":["RobotSpaceExplorer:GlueShot+1","RobotSpaceExplorer:SwiftStep+1"],"picked":"RobotSpaceExplorer:Comet","floor":54}],"player_experience":446540,"relics_obtained":[{"floor":9,"key":"infinitespire:Satchel"},{"floor":14,"key":"Bottled Lightning"},{"floor":23,"key":"infinitespire:Beetle Shell"},{"floor":41,"key":"StuffTheSpire:SapphireSignet"},{"floor":41,"key":"Orichalcum"},{"floor":43,"key":"Dream Catcher"},{"floor":45,"key":"StoneCalendar"},{"floor":47,"key":"jedi:shrinkray"},{"floor":54,"key":"Pen Nib"}],"event_choices":[{"damage_healed":0,"gold_gain":0,"player_choice":"Box","damage_taken":0,"relics_obtained":["infinitespire:Lucky Rock"],"max_hp_gain":0,"max_hp_loss":0,"event_name":"Big Fish","floor":5,"gold_loss":0,"cards_obtained":["Regret"]},{"damage_healed":0,"gold_gain":0,"player_choice":"Ignored","damage_taken":0,"max_hp_gain":0,"max_hp_loss":0,"event_name":"Transmorgrifier","floor":24,"gold_loss":0},{"damage_healed":0,"gold_gain":0,"player_choice":"Joined the Cult","damage_taken":6,"max_hp_gain":0,"max_hp_loss":0,"event_name":"Nest","floor":27,"gold_loss":0,"cards_obtained":["RitualDagger"]},{"damage_healed":0,"gold_gain":0,"player_choice":"Max HP","damage_taken":0,"max_hp_gain":0,"max_hp_loss":4,"event_name":"Winding Halls","floor":37,"gold_loss":0},{"damage_healed":0,"gold_gain":0,"player_choice":"Fight","damage_taken":0,"max_hp_gain":0,"max_hp_loss":0,"event_name":"Mysterious Sphere","floor":45,"gold_loss":0}],"is_beta":false,"boss_relics":[{"not_picked":["jedi:battlestandard","Coffee Dripper"],"picked":"jedi:paperlyon"},{"not_picked":["Astrolabe","SacredBark"],"picked":"Cursed Key"}],"items_purged_floors":[],"is_endless":false,"potions_floor_spawned":[13,14,16,20,25,28,31,41,44,47,54],"killed_by":"The Heart","ascension_level":0}}