{"host":"bebwmhhch11ak7yk","time":1608826267,"event":{"mods":["Act Like it!","Aspiration","BaseMod","Better Skull","Better Third Choice","Colored Powertips","Elementarium","Fiend Mod","Hermit","Hunter ??","Kratos Character Expansion","Luminous","Minty Spire (QoL Compilation)","Replay The Spire","SIMod","StSLib","The Animator","The Blackbeard","The Bladedancer","The Bug Knight","The Cursed","The Disciple","The Necromancer","The Servant 0.9.4","The Vixen"],"gold_per_floor":[148,148,28,49,62,95,95,109,109,127,127,168,343,386,386,386,386],"floor_reached":16,"playtime":5923,"items_purged":[],"score":110,"play_id":"76d3f909-4d33-423a-ae69-f060a832164e","local_time":"20201224171107","is_ascension_mode":false,"campfire_choices":[{"data":"KratosMod:rattle","floor":7,"key":"SMITH"},{"floor":11,"key":"REST"},{"data":"KratosMod:clawsofhades","floor":15,"key":"SMITH"}],"circlet_count":0,"master_deck":["KratosMod:Strike_K","KratosMod:Strike_K","KratosMod:Strike_K","KratosMod:Strike_K","KratosMod:Defend_K","KratosMod:Defend_K","KratosMod:Defend_K","KratosMod:Defend_K","KratosMod:cyclone+1","KratosMod:AthenaBane","KratosMod:rattle+1","KratosMod:SmashStone+1","KratosMod:clawsofhades+1","KratosMod:BladeWhip","KratosMod:Tempor","KratosMod:Endure","KratosMod:Endure","KratosMod:SmashStone","KratosMod:Tempor","Doubt"],"relics":["KratosMod:eagle","Golden Idol","Juzu Bracelet","Mummified Hand","Golden Egg"],"acts_visited":["Exordium"],"potions_floor_usage":[6,6,12,16],"damage_taken":[{"damage":7,"enemies":"2 Louse","floor":1,"turns":2},{"damage":6,"enemies":"Jaw Worm","floor":4,"turns":5},{"damage":0,"enemies":"Cultist","floor":5,"turns":3},{"damage":33,"enemies":"Lagavulin","floor":6,"turns":6},{"damage":22,"enemies":"Large Slime","floor":8,"turns":7},{"damage":0,"enemies":"2 Fungi Beasts","floor":10,"turns":2},{"damage":5,"enemies":"HollowMod:MossKnight","floor":12,"turns":14},{"damage":78,"enemies":"The Guardian","floor":16,"turns":9}],"seed_played":"8777754453963654757","potions_obtained":[{"floor":1,"key":"Fire Potion"},{"floor":5,"key":"Milkshake"},{"floor":10,"key":"Dexterity Potion"},{"floor":12,"key":"Ancient Potion"}],"is_trial":false,"path_per_floor":["M","?","$","M","M","E","R","M","T","M","R","E","?","?","R","B"],"character_chosen":"KRATOS","items_purchased":["KratosMod:SmashStone+1","KratosMod:clawsofhades"],"campfire_rested":1,"item_purchase_floors":[3,3],"current_hp_per_floor":[53,38,38,47,54,42,42,36,36,36,54,60,60,60,60,0,0],"gold":386,"neow_bonus":"UPGRADE_CARD","is_daily":false,"chose_seed":false,"campfire_upgraded":2,"win_rate":0.0,"timestamp":1608826267,"path_taken":["M","?","?","?","M","E","R","M","T","M","R","E","?","?","R","BOSS"],"items_purchased_type":["Card","Card"],"build_version":"2020-12-22","purchased_purges":0,"victory":false,"max_hp_per_floor":[60,60,60,60,60,60,60,60,60,60,60,60,60,60,60,60,60],"card_choices":[{"not_picked":["KratosMod:ShieldBash","KratosMod:Tempor"],"picked":"KratosMod:rattle","floor":1},{"not_picked":["KratosMod:Endure","KratosMod:Roll"],"picked":"KratosMod:BladeWhip","floor":4},{"not_picked":["KratosMod:conjuresoul","KratosMod:Roll"],"picked":"KratosMod:Tempor","floor":5},{"not_picked":["KratosMod:Tempor","KratosMod:rattle"],"picked":"KratosMod:Endure","floor":6},{"not_picked":["KratosMod:Tempor","KratosMod:rattle"],"picked":"KratosMod:Endure","floor":8},{"not_picked":["KratosMod:Tempor","KratosMod:conjuresoul"],"picked":"KratosMod:SmashStone","floor":10},{"not_picked":["KratosMod:SmashStone","KratosMod:Endure"],"picked":"KratosMod:Tempor","floor":12}],"player_experience":336280,"relics_obtained":[{"floor":6,"key":"Juzu Bracelet"},{"floor":9,"key":"Mummified Hand"},{"floor":12,"key":"Golden Egg"}],"event_choices":[{"damage_healed":0,"gold_gain":0,"player_choice":"Take Damage","damage_taken":15,"relics_obtained":["Golden Idol"],"max_hp_gain":0,"max_hp_loss":0,"event_name":"Golden Idol","floor":2,"gold_loss":0},{"damage_healed":0,"gold_gain":175,"player_choice":"AGREE","damage_taken":168,"max_hp_gain":0,"max_hp_loss":0,"event_name":"betterThird:BetterSerpent","floor":13,"gold_loss":0}],"is_beta":false,"boss_relics":[],"items_purged_floors":[],"is_endless":false,"potions_floor_spawned":[1,5,10,12],"killed_by":"The Guardian","ascension_level":0}}