{"host":"e4wnmsyty9uvvtwf","time":1608811985,"event":{"mods":["Aspiration","BaseMod","Colored Map","Colored Powertips","Marisa£®ÏF”Í°°ƒß¿Ì…≥£©","Minty Spire (QoL Compilation)","Rare Cards Sparkle","Replay The Spire","StSLib"],"gold_per_floor":[115,133,153,153,153,153,168,197,197,197,197,197,213,213,213,289,289,305,279,298,309,32,32,62,76,126,126,26,26,26,26,26,26,26],"floor_reached":33,"playtime":1108,"items_purged":["Strike_R","Strike_R"],"score":504,"play_id":"999a9616-a3ea-4e6d-952d-76c8e1af6161","local_time":"20201224201305","is_ascension_mode":true,"campfire_choices":[{"data":"ReplayTheSpireMod:LeadingStrike","floor":6.0,"key":"SMITH"},{"floor":10.0,"key":"REST"},{"data":"Fire Breathing","floor":12,"key":"SMITH"},{"data":"Whirlwind","floor":15,"key":"SMITH"},{"data":"Replay:Sssssssssshield","floor":23,"key":"SMITH"},{"data":"Double Tap","floor":27,"key":"SMITH"},{"data":"Double Tap","floor":29,"key":"SMITH"},{"floor":32,"key":"REST"}],"circlet_count":0,"master_deck":["AscendersBane","Strike_R","Strike_R+1","Defend_R+2","Defend_R+1","Defend_R+1","Defend_R+1","Bash","Shrug It Off","ReplayTheSpireMod:LeadingStrike+1","Outmaneuver","Fire Breathing+1","Feel No Pain+1","Pot Of Greed","Pot Of Greed","Whirlwind+1","Double Tap+1","Power Through","Uppercut","Rage+1","Body Slam","Flex","ReplayTheSpireMod:LeadingStrike","Replay:Sssssssssshield+1","Pot Of Greed","Double Tap+1","Rage"],"relics":["Burning Blood","aspiration:Nostalgia","Replay:M_StaffOfTheSnake","Gremlin Food","Replay:Bottled Eggs","Grinning Jar","Ring of Peace","ReplayTheSpireMod:Ring of Exchange","Medical Kit","Ancient Tea Set","Simple Rune","PrismaticShard","Art of War"],"acts_visited":["Exordium","TheCity"],"potions_floor_usage":[16,33],"damage_taken":[{"damage":2.0,"enemies":"Cultist","floor":1.0,"turns":4.0},{"damage":0.0,"enemies":"2 Louse","floor":2.0,"turns":3.0},{"damage":14.0,"enemies":"Jaw Worm","floor":3.0,"turns":5.0},{"damage":14.0,"enemies":"Looter","floor":7.0,"turns":4.0},{"damage":25.0,"enemies":"3 Sentries","floor":8.0,"turns":6.0},{"damage":4,"enemies":"2 Fungi Beasts","floor":13,"turns":4},{"damage":34,"enemies":"Hexaghost","floor":16,"turns":12},{"damage":4,"enemies":"Shell Parasite","floor":18,"turns":7},{"damage":0,"enemies":"2 Thieves","floor":19,"turns":5},{"damage":21,"enemies":"Sentry and Sphere","floor":20,"turns":7},{"damage":2,"enemies":"Chosen and Byrds","floor":21,"turns":5},{"damage":32,"enemies":"Replay:Snechameleon","floor":24,"turns":8},{"damage":10,"enemies":"Snake Plant","floor":25,"turns":6},{"damage":52,"enemies":"Collector","floor":33,"turns":5}],"seed_played":"-565081126132924352","potions_obtained":[{"floor":13,"key":"AttackPotion"},{"floor":18,"key":"Fire Potion"},{"floor":20,"key":"PowerPotion"}],"is_trial":false,"path_per_floor":["M","M","M","?","?","R","M","E","T","R","?","R","M","?","R","B",null,"M","M","M","M","$","R","E","M","T","R","$","R","?","T","R","B"],"character_chosen":"IRONCLAD","items_purchased":["Flex","ReplayTheSpireMod:LeadingStrike","Replay:Sssssssssshield"],"campfire_rested":2,"item_purchase_floors":[22,22,22],"current_hp_per_floor":[72,75,67,67,67,67,59,40,40,62,62,62,64,64,64,36,65,67,73,58,62,62,62,36,32,32,32,32,32,20,20,42,0,0],"gold":26,"neow_bonus":"NOSTALGIA","is_daily":false,"chose_seed":false,"campfire_upgraded":6,"win_rate":0.0,"timestamp":1608811985,"path_taken":["M","?","M","?","?","R","?","E","T","R","?","R","M","?","R","BOSS","M","M","M","M","$","R","E","M","T","R","$","R","?","?","R","BOSS"],"items_purchased_type":["Card","Card","Card"],"build_version":"2020-12-22","purchased_purges":2,"victory":false,"max_hp_per_floor":[75,75,75,75,75,75,75,75,75,75,75,75,75,75,75,75,75,75,75,75,75,75,75,75,75,75,75,75,75,75,75,75,75,75],"card_choices":[{"not_picked":["Headbutt","Clothesline"],"picked":"Shrug It Off","floor":1.0},{"not_picked":["ReplayTheSpireMod:Limb From Limb","Cleave"],"picked":"ReplayTheSpireMod:LeadingStrike","floor":2.0},{"not_picked":["Headbutt","SashWhip"],"picked":"Outmaneuver","floor":3.0},{"not_picked":["Run Through","ReplayTheSpireMod:Corrosion Curse"],"picked":"Fire Breathing","floor":7.0},{"not_picked":["Havoc","MasterReality"],"picked":"Feel No Pain","floor":8.0},{"not_picked":["Clash","JustLucky"],"picked":"Whirlwind","floor":13},{"not_picked":["Phantasmal Killer","Eclipse"],"picked":"Double Tap","floor":16},{"not_picked":["Shockwave","ReplayTheSpireMod:Muscle Training"],"picked":"Power Through","floor":18},{"not_picked":["Cleave","Clash"],"picked":"Uppercut","floor":19},{"not_picked":["Armaments","Power Through"],"picked":"Rage","floor":20},{"not_picked":["Bloodletting","Wild Strike"],"picked":"Body Slam","floor":21},{"not_picked":["Rampage","Uppercut"],"picked":"Double Tap","floor":24},{"not_picked":["Havoc","Iron Wave"],"picked":"Rage","floor":25}],"player_experience":636903,"relics_obtained":[{"floor":8.0,"key":"Gremlin Food"},{"floor":9.0,"key":"Replay:Bottled Eggs"},{"floor":14,"key":"Ring of Peace"},{"floor":14,"key":"ReplayTheSpireMod:Ring of Exchange"},{"floor":24,"key":"Ancient Tea Set"},{"floor":26,"key":"Simple Rune"},{"floor":30,"key":"PrismaticShard"},{"floor":31,"key":"Art of War"}],"event_choices":[{"cards_removed":["Strike_R"],"damage_healed":0.0,"max_hp_gain":0.0,"max_hp_loss":0.0,"gold_gain":0.0,"event_name":"Bonfire Elementals","player_choice":"Offered Basic","floor":5.0,"gold_loss":0.0,"damage_taken":0.0},{"damage_healed":0,"gold_gain":0,"player_choice":"Searched \u00271\u0027 times","damage_taken":0,"relics_obtained":["Grinning Jar"],"max_hp_gain":0,"max_hp_loss":0,"event_name":"Dead Adventurer","floor":11,"gold_loss":0}],"is_beta":false,"boss_relics":[{"not_picked":["Sozu","Astrolabe"],"picked":"Medical Kit"}],"items_purged_floors":[22,28],"is_endless":false,"potions_floor_spawned":[13,18,20,25],"killed_by":"Collector","ascension_level":18}}