{"host":"Melcetto","time":1608768130,"event":{"mods":["AlwaysNeverKeys","BaseMod","Better Vampires","Colored Map","Colored Powertips","DeckTracker","Emptier Cage","Minty Spire (QoL Compilation)","Permanent Neow","Quick Restart","Random Character Button","Rare Cards Sparkle","Relic Sorter","Relic Stats","StSLib","Transform Curses"],"gold_per_floor":[18,18,32,44,59,88,88,122,145,145,145,157,168,178,178,249,249,261,261,271,284,284,284,316,328,375,375,375,391,441,475,475,553,553,571,280,292,303,323,352,352,352,378,406,419,445,457,483,483,483,483,483,483,2,33,33],"floor_reached":57,"playtime":7397,"items_purged":["Strike_R+1"],"score":3052,"play_id":"8b597160-3673-47e6-98d6-53282ea7f2e8","local_time":"20201223190210","is_ascension_mode":true,"campfire_choices":[{"data":"Fiend Fire","floor":7.0,"key":"SMITH"},{"data":"Hemokinesis","floor":11.0,"key":"SMITH"},{"data":"Clothesline","floor":15.0,"key":"SMITH"},{"data":"Demon Form","floor":23.0,"key":"SMITH"},{"data":"Bash","floor":27,"key":"SMITH"},{"data":"Impervious","floor":32,"key":"SMITH"},{"data":"Shrug It Off","floor":42,"key":"SMITH"},{"data":"Heavy Blade","floor":49,"key":"SMITH"},{"data":"Demon Form","floor":53,"key":"SMITH"}],"circlet_count":0,"master_deck":["AscendersBane","Strike_R+1","Strike_R+1","Strike_R+1","Defend_R+1","Defend_R+1","Defend_R+1","Defend_R+1","Bash+1","Impervious+1","Hemokinesis+1","Fiend Fire+1","Reaper","Demon Form+1","Intimidate+1","Offering","Entrench","Shrug It Off+1","Shockwave+1","Demon Form+1","Shockwave","Shrug It Off+1","Whirlwind","Heavy Blade+1","Impervious","Evolve"],"relics":["Burning Blood","Incense Burner","Shuriken","Lantern","Pen Nib","Busted Crown","MutagenicStrength","Smiling Mask","Blood Vial","Mummified Hand","Snecko Eye","TheAbacus","Sundial","Oddly Smooth Stone","Bronze Scales","Orichalcum","Ginger","Centennial Puzzle","Vajra","Bottled Lightning"],"acts_visited":["Exordium","TheCity","TheBeyond","TheEnding"],"potions_floor_usage":[24,25,31,56],"damage_taken":[{"damage":5.0,"enemies":"2 Louse","floor":1.0,"turns":3.0},{"damage":6.0,"enemies":"Cultist","floor":3.0,"turns":4.0},{"damage":14.0,"enemies":"Jaw Worm","floor":4.0,"turns":4.0},{"damage":12.0,"enemies":"Lots of Slimes","floor":5.0,"turns":10.0},{"damage":8.0,"enemies":"Gremlin Nob","floor":6.0,"turns":4.0},{"damage":21.0,"enemies":"Lagavulin","floor":8.0,"turns":6.0},{"damage":2.0,"enemies":"Exordium Wildlife","floor":12.0,"turns":6.0},{"damage":0.0,"enemies":"Large Slime","floor":13.0,"turns":2.0},{"damage":8.0,"enemies":"Looter","floor":14.0,"turns":2.0},{"damage":40.0,"enemies":"The Guardian","floor":16.0,"turns":13.0},{"damage":9.0,"enemies":"Chosen","floor":18.0,"turns":3.0},{"damage":10.0,"enemies":"2 Thieves","floor":20.0,"turns":4.0},{"damage":42.0,"enemies":"3 Cultists","floor":21.0,"turns":7.0},{"damage":24,"enemies":"Slavers","floor":24,"turns":7},{"damage":36,"enemies":"Cultist and Chosen","floor":25,"turns":5},{"damage":2,"enemies":"Snake Plant","floor":29,"turns":2},{"damage":5,"enemies":"Gremlin Leader","floor":31,"turns":6},{"damage":40,"enemies":"Automaton","floor":33,"turns":10},{"damage":11,"enemies":"3 Darklings","floor":35,"turns":4},{"damage":0,"enemies":"Orb Walker","floor":37,"turns":2},{"damage":36,"enemies":"Writhing Mass","floor":38,"turns":4},{"damage":6,"enemies":"4 Shapes","floor":39,"turns":5},{"damage":29,"enemies":"Giant Head","floor":40,"turns":6},{"damage":4,"enemies":"Nemesis","floor":44,"turns":3},{"damage":21,"enemies":"Jaw Worm Horde","floor":45,"turns":7},{"damage":9,"enemies":"Giant Head","floor":46,"turns":4},{"damage":14,"enemies":"Maw","floor":47,"turns":6},{"damage":15,"enemies":"Nemesis","floor":48,"turns":9},{"damage":38,"enemies":"Time Eater","floor":50,"turns":6},{"damage":8,"enemies":"Donu and Deca","floor":51,"turns":6},{"damage":4,"enemies":"Shield and Spear","floor":55,"turns":5},{"damage":87,"enemies":"The Heart","floor":56,"turns":8}],"seed_played":"-8297263624875797864","potions_obtained":[{"floor":4.0,"key":"ColorlessPotion"},{"floor":6.0,"key":"SteroidPotion"},{"floor":12.0,"key":"SkillPotion"},{"floor":14.0,"key":"SkillPotion"},{"floor":18.0,"key":"Swift Potion"},{"floor":20.0,"key":"AttackPotion"},{"floor":24,"key":"FearPotion"},{"floor":25,"key":"SkillPotion"},{"floor":35,"key":"BlessingOfTheForge"},{"floor":47,"key":"Energy Potion"}],"is_trial":false,"path_per_floor":["M","?","M","M","M","E","R","E","T","?","R","M","M","M","R","B",null,"M","?","M","M","?","R","E","M","T","R","?","M","?","E","R","B",null,"M","$","M","M","M","E","?","R","T","E","M","E","M","E","R","B","B",null,"R","$","E","B",null],"character_chosen":"IRONCLAD","items_purchased":["Entrench","TheAbacus","Impervious","Centennial Puzzle","Vajra"],"campfire_rested":0,"item_purchase_floors":[36,36,54,54,54],"current_hp_per_floor":[69,69,69,61,55,53,53,38,38,27,27,31,37,39,39,8,58,59,59,63,57,57,57,59,55,55,55,55,61,61,75,75,75,75,75,75,75,45,75,75,75,75,75,75,75,75,75,75,75,73,75,75,75,75,75,16],"gold":33,"neow_bonus":"ONE_RARE_RELIC","is_daily":false,"chose_seed":false,"campfire_upgraded":9,"win_rate":0.0,"timestamp":1608768130,"path_taken":["M","?","M","M","?","E","R","E","T","?","R","M","?","M","R","BOSS","M","?","M","M","?","R","E","M","T","R","?","M","?","E","R","BOSS","M","$","M","M","?","E","?","R","T","E","M","E","M","E","R","BOSS","BOSS","R","$","E","BOSS"],"items_purchased_type":["Card","Relic","Card","Relic","Relic"],"build_version":"2020-12-18","purchased_purges":1,"victory":true,"max_hp_per_floor":[75,75,75,75,75,75,75,75,75,75,75,75,75,75,75,75,75,75,75,75,75,75,75,75,75,75,75,75,75,75,75,75,75,75,75,75,75,75,75,75,75,75,75,75,75,75,75,75,75,75,75,75,75,75,75,75],"relic_stats":{"counters":[32,173],"Pen Nib":[22],"Ginger":[3],"Orichalcum":[36],"Smiling Mask":25,"Burning Blood":143,"Blood Vial":8,"Centennial Puzzle":[6],"Busted Crown":38,"TheAbacus":[162],"Shuriken":[24],"Mummified Hand":[47],"Sundial":[12],"Bronze Scales":[220],"Snecko Eye":[126,128,155,111],"obtain_stats":[{"Lantern":8,"Oddly Smooth Stone":43,"Vajra":54,"Pen Nib":9,"Incense Burner":0,"Ginger":48,"Orichalcum":46,"Smiling Mask":24,"Burning Blood":0,"Blood Vial":26,"Centennial Puzzle":54,"Busted Crown":17,"TheAbacus":36,"Shuriken":6,"Mummified Hand":31,"Sundial":40,"MutagenicStrength":22,"Bronze Scales":44,"Snecko Eye":34,"Bottled Lightning":55},{"Lantern":6,"Oddly Smooth Stone":23,"Vajra":30,"Pen Nib":6,"Incense Burner":0,"Ginger":28,"Orichalcum":26,"Smiling Mask":14,"Burning Blood":0,"Blood Vial":15,"Centennial Puzzle":30,"Busted Crown":10,"TheAbacus":19,"Shuriken":5,"Mummified Hand":17,"Sundial":23,"MutagenicStrength":13,"Bronze Scales":24,"Snecko Eye":18,"Bottled Lightning":31},{"Lantern":31,"Oddly Smooth Stone":119,"Vajra":160,"Pen Nib":31,"Incense Burner":0,"Ginger":148,"Orichalcum":133,"Smiling Mask":75,"Burning Blood":0,"Blood Vial":80,"Centennial Puzzle":160,"Busted Crown":54,"TheAbacus":102,"Shuriken":25,"Mummified Hand":88,"Sundial":119,"MutagenicStrength":68,"Bronze Scales":122,"Snecko Eye":98,"Bottled Lightning":165}]},"card_choices":[{"not_picked":["Perfected Strike","Pommel Strike"],"picked":"Clothesline","floor":1.0},{"not_picked":["Cleave","Clothesline","Pommel Strike"],"picked":"SKIP","floor":3.0},{"not_picked":["Sentinel","Feel No Pain"],"picked":"Hemokinesis","floor":4.0},{"not_picked":["Perfected Strike","Bloodletting","True Grit"],"picked":"SKIP","floor":5.0},{"not_picked":["Headbutt","Wild Strike"],"picked":"Fiend Fire","floor":6.0},{"not_picked":["Anger","Second Wind","Twin Strike"],"picked":"SKIP","floor":8.0},{"not_picked":["Havoc","Body Slam","Intimidate"],"picked":"SKIP","floor":12.0},{"not_picked":["Feel No Pain","Wild Strike"],"picked":"Reaper","floor":13.0},{"not_picked":["Uppercut","True Grit","Bloodletting"],"picked":"SKIP","floor":14.0},{"not_picked":["Immolate","Double Tap"],"picked":"Demon Form","floor":16.0},{"not_picked":["Havoc"],"picked":"SKIP","floor":18.0},{"not_picked":["Flex"],"picked":"SKIP","floor":20.0},{"not_picked":[],"picked":"Intimidate+1","floor":21.0},{"not_picked":["Heavy Blade"],"picked":"SKIP","floor":24},{"not_picked":["Heavy Blade"],"picked":"SKIP","floor":24},{"not_picked":["Carnage"],"picked":"SKIP","floor":25},{"not_picked":["True Grit"],"picked":"SKIP","floor":29},{"not_picked":["Havoc"],"picked":"SKIP","floor":31},{"not_picked":[],"picked":"Offering","floor":33},{"not_picked":["Body Slam"],"picked":"SKIP","floor":35},{"not_picked":["Perfected Strike"],"picked":"SKIP","floor":37},{"not_picked":[],"picked":"Shrug It Off","floor":38},{"not_picked":["Flex"],"picked":"SKIP","floor":39},{"not_picked":[],"picked":"Shockwave+1","floor":40},{"not_picked":[],"picked":"Demon Form","floor":44},{"not_picked":[],"picked":"Shockwave","floor":45},{"not_picked":[],"picked":"Shrug It Off+1","floor":46},{"not_picked":[],"picked":"Whirlwind","floor":47},{"not_picked":[],"picked":"Heavy Blade","floor":48},{"not_picked":[],"picked":"Evolve","floor":55}],"player_experience":18773527,"relics_obtained":[{"floor":6.0,"key":"Shuriken"},{"floor":8.0,"key":"Lantern"},{"floor":9.0,"key":"Pen Nib"},{"floor":24,"key":"Smiling Mask"},{"floor":26,"key":"Blood Vial"},{"floor":31,"key":"Mummified Hand"},{"floor":40,"key":"Sundial"},{"floor":43,"key":"Oddly Smooth Stone"},{"floor":44,"key":"Bronze Scales"},{"floor":46,"key":"Orichalcum"},{"floor":48,"key":"Ginger"},{"floor":55,"key":"Bottled Lightning"}],"event_choices":[{"damage_healed":0.0,"max_hp_gain":0.0,"max_hp_loss":0.0,"gold_gain":0.0,"cards_transformed":["Strike_R"],"event_name":"Transmorgrifier","player_choice":"Transformed","floor":2.0,"gold_loss":0.0,"damage_taken":0.0,"cards_obtained":["Impervious"]},{"damage_healed":0.0,"max_hp_gain":0.0,"max_hp_loss":0.0,"gold_gain":0.0,"event_name":"Wheel of Change","player_choice":"Damaged","floor":10.0,"gold_loss":0.0,"damage_taken":11.0},{"damage_healed":0.0,"max_hp_gain":0.0,"max_hp_loss":0.0,"gold_gain":0.0,"event_name":"Back to Basics","player_choice":"Simplicity","floor":19.0,"gold_loss":0.0,"damage_taken":0.0,"cards_upgraded":["Strike_R","Strike_R","Strike_R","Strike_R","Defend_R","Defend_R","Defend_R","Defend_R"]},{"damage_healed":0.0,"max_hp_gain":0.0,"max_hp_loss":0.0,"gold_gain":0.0,"event_name":"Drug Dealer","player_choice":"Inject Mutagens","floor":22.0,"gold_loss":0.0,"damage_taken":0.0,"relics_obtained":["MutagenicStrength"]},{"damage_healed":0,"gold_gain":0,"player_choice":"Ignored","damage_taken":0,"max_hp_gain":0,"max_hp_loss":0,"event_name":"Ghosts","floor":28,"gold_loss":0},{"damage_healed":0,"gold_gain":50,"player_choice":"Pray","damage_taken":0,"max_hp_gain":0,"max_hp_loss":0,"event_name":"Golden Shrine","floor":30,"gold_loss":0},{"cards_removed":["Clothesline"],"damage_healed":0,"gold_gain":0,"player_choice":"Removed Attack","damage_taken":0,"max_hp_gain":0,"max_hp_loss":0,"event_name":"Falling","floor":41,"gold_loss":0}],"is_beta":true,"boss_relics":[{"not_picked":["Runic Cube","Black Star"],"picked":"Busted Crown"},{"not_picked":["Fusion Hammer","Coffee Dripper"],"picked":"Snecko Eye"}],"items_purged_floors":[36],"is_endless":false,"potions_floor_spawned":[4,6,12,14,18,20,24,25,35,40,47,48],"ascension_level":20}}