{"host":"63rwe7p34ct1i0qu","time":1608850802,"event":{"mods":["BaseMod","Colored Map","DeckTracker","Minty Spire (QoL Compilation)","Permanent Neow","Quick Restart","StSLib"],"gold_per_floor":[117,117,117,137,149,168,201,221,221,221,221,235,235,410,410,410,410],"floor_reached":16,"playtime":457,"items_purged":[],"score":148,"play_id":"7e8045b0-9146-4342-8ff1-83eb8b239a0b","local_time":"20201225080002","is_ascension_mode":true,"campfire_choices":[{"data":"Armaments","floor":11.0,"key":"SMITH"},{"data":"Second Wind","floor":13.0,"key":"SMITH"},{"data":"Bash","floor":15.0,"key":"SMITH"}],"circlet_count":0,"master_deck":["Strike_R","Strike_R","Strike_R","Defend_R","Defend_R","Defend_R","Defend_R","Bash+1","Anger","Armaments+1","Wild Strike","Power Through+1","Power Through","Burning Pact","Sentinel+1","Second Wind+1","Doubt"],"relics":["Burning Blood","Frozen Egg 2","War Paint","The Courier"],"acts_visited":["Exordium"],"potions_floor_usage":[16,16],"damage_taken":[{"damage":0.0,"enemies":"2 Louse","floor":1.0,"turns":3.0},{"damage":12.0,"enemies":"Jaw Worm","floor":4.0,"turns":2.0},{"damage":0.0,"enemies":"Cultist","floor":5.0,"turns":2.0},{"damage":0.0,"enemies":"Large Slime","floor":6.0,"turns":5.0},{"damage":6.0,"enemies":"Gremlin Nob","floor":7.0,"turns":4.0},{"damage":8.0,"enemies":"Blue Slaver","floor":8.0,"turns":4.0},{"damage":0.0,"enemies":"Red Slaver","floor":12.0,"turns":5.0},{"damage":71,"enemies":"Slime Boss","floor":16,"turns":13}],"seed_played":"6034567249864474398","potions_obtained":[{"floor":4.0,"key":"LiquidMemories"},{"floor":5.0,"key":"Strength Potion"},{"floor":6.0,"key":"SkillPotion"},{"floor":7.0,"key":"EssenceOfSteel"}],"is_trial":false,"path_per_floor":["M","?","$","M","M","M","E","M","T","T","R","M","R","?","R","B"],"character_chosen":"IRONCLAD","items_purchased":[],"campfire_rested":0,"item_purchase_floors":[],"current_hp_per_floor":[57,62,62,56,62,68,68,66,66,66,66,72,72,72,72,1,1],"gold":410,"neow_bonus":"TRANSFORM_TWO_CARDS","is_daily":false,"chose_seed":false,"campfire_upgraded":3,"win_rate":0.0,"timestamp":1608850802,"path_taken":["M","?","?","?","M","M","E","M","T","?","R","M","R","?","R","BOSS"],"items_purchased_type":[],"build_version":"2020-12-22","purchased_purges":0,"victory":false,"max_hp_per_floor":[80,85,85,85,85,85,85,85,85,85,85,85,85,85,85,85,85],"card_choices":[{"not_picked":["Clothesline","Iron Wave"],"picked":"Wild Strike","floor":1.0},{"not_picked":["Blood for Blood","Headbutt"],"picked":"Power Through","floor":4.0},{"not_picked":["Perfected Strike","Flex"],"picked":"Power Through","floor":5.0},{"not_picked":["Hemokinesis","Thunderclap"],"picked":"Burning Pact","floor":6.0},{"not_picked":["Perfected Strike","Warcry","Anger"],"picked":"SKIP","floor":7.0},{"not_picked":["Sword Boomerang","Pummel"],"picked":"Sentinel","floor":8.0},{"not_picked":["Thunderclap","Battle Trance"],"picked":"Second Wind","floor":12.0}],"player_experience":811049,"relics_obtained":[{"floor":7.0,"key":"Frozen Egg 2"},{"floor":9.0,"key":"War Paint"},{"floor":10.0,"key":"The Courier"}],"event_choices":[{"damage_healed":0.0,"max_hp_gain":5.0,"max_hp_loss":0.0,"gold_gain":0.0,"event_name":"Big Fish","player_choice":"Donut","floor":2.0,"gold_loss":0.0,"damage_taken":0.0},{"damage_healed":0.0,"max_hp_gain":0.0,"max_hp_loss":0.0,"gold_gain":175.0,"event_name":"Liars Game","player_choice":"AGREE","floor":14.0,"gold_loss":0.0,"damage_taken":0.0,"cards_obtained":["Doubt"]}],"is_beta":false,"boss_relics":[],"items_purged_floors":[],"is_endless":false,"potions_floor_spawned":[4,5,6,7],"killed_by":"Slime Boss","ascension_level":9}}