{"host":"ix2a18c4ohfsrslv","time":1608778507,"event":{"mods":["BaseMod","Better Third Choice","Downfall","Lobotomy","Minty Spire (QoL Compilation)","Replay The Spire","StSLib"],"gold_per_floor":[99,99,99,99,99,124,124,145,162,162,162,0,0,8,19,130,130,130,156,256,256,256,277,277,303,453,218,143,163,163,195,213,318,318,243,271,294,294,294,294,294,219,242,272,25,65,65,65,65,65],"floor_reached":48,"playtime":3764,"items_purged":["Regret","hexamod:Strike"],"score":600,"play_id":"6626208e-ba8f-4c3f-a5f7-97ad7f44b26a","local_time":"20201223185507","is_ascension_mode":true,"campfire_choices":[{"data":"hexamod:Float","floor":1,"key":"SMITH"},{"floor":10,"key":"REST"},{"data":"hexamod:FastForward","floor":13,"key":"SMITH"},{"floor":18,"key":"RECALL"},{"data":"ReplayTheSpireMod:Faulty Equipment","floor":28,"key":"SMITH"},{"data":"hexamod:ApocalypticArmor","floor":30,"key":"SMITH"},{"data":"hexamod:EmpoweredFlame","floor":35,"key":"SMITH"},{"data":"hexamod:GhostflameBarrier","floor":40,"key":"SMITH"},{"data":"hexamod:HauntingEcho","floor":42,"key":"SMITH"},{"floor":47,"key":"REST"}],"circlet_count":0,"master_deck":["hexamod:Strike","hexamod:Strike","hexamod:Defend","hexamod:Defend","hexamod:Sear","hexamod:Float+1","hexamod:FastForward+1","hexamod:GhostOfSpireFuture+1","hexamod:FirstSeal","hexamod:FastForward","hexamod:SpectersWail+1","hexamod:SecondSeal","hexamod:FastForward","hexamod:ApocalypticArmor+1","Impatience+1","hexamod:HauntingEcho+1","hexamod:Hexaguard+1","hexamod:GhostflameBarrier+1","hexamod:EmpoweredFlame+1","hexamod:SixthSeal","hexamod:ThirdSeal","Delirium","hexamod:FastForward","hexamod:SkipABeat","hexamod:PhantomCloak","hexamod:TimeOfNeed","hexamod:Hexaguard+1"],"relics":["hexamod:SpiritBrand","downfall:HeartsMalice","Bag of Preparation","Odd Mushroom","Cursed Key","MutagenicStrength","Replay:Kaleidoscope","downfall:HeartBlessingRed","Simple Rune","Empty Cage","downfall:HeartBlessingGreen","downfall:HeartBlessingBlue","Replay:Ringing Soul","Membership Card","FossilizedHelix"],"acts_visited":["Exordium","TheCity","TheBeyond"],"potions_floor_usage":[9,33,33,46,48],"damage_taken":[{"damage":0,"enemies":"2 Louse","floor":2,"turns":1},{"damage":0,"enemies":"Cultist","floor":4,"turns":1},{"damage":0,"enemies":"Jaw Worm","floor":5,"turns":1},{"damage":8,"enemies":"Gremlin Nob","floor":6,"turns":5},{"damage":7,"enemies":"The Mushroom Lair","floor":8,"turns":5},{"damage":17,"enemies":"Exordium Wildlife","floor":9,"turns":5},{"damage":6,"enemies":"downfall:FleeingMerchant","floor":12,"turns":4},{"damage":0,"enemies":"downfall:FleeingMerchant","floor":14,"turns":4},{"damage":0,"enemies":"Lots of Slimes","floor":15,"turns":2},{"damage":16,"enemies":"downfall:Watcher","floor":16,"turns":11},{"damage":0,"enemies":"Spheric Guardian","floor":19,"turns":4},{"damage":19,"enemies":"3 Byrds","floor":23,"turns":4},{"damage":0,"enemies":"3 Cultists","floor":25,"turns":6},{"damage":0,"enemies":"downfall:FleeingMerchant","floor":27,"turns":4},{"damage":3,"enemies":"Shelled Parasite and Fungi","floor":29,"turns":6},{"damage":28,"enemies":"Slavers","floor":31,"turns":8},{"damage":6,"enemies":"Snecko","floor":32,"turns":4},{"damage":17,"enemies":"downfall:Defect","floor":33,"turns":7},{"damage":8,"enemies":"Orb Walker","floor":36,"turns":4},{"damage":15,"enemies":"3 Shapes","floor":37,"turns":4},{"damage":54,"enemies":"Spire Growth","floor":43,"turns":6},{"damage":43,"enemies":"Giant Head","floor":44,"turns":11},{"damage":8,"enemies":"downfall:FleeingMerchant","floor":45,"turns":4},{"damage":14,"enemies":"R_Hoarder","floor":46,"turns":9},{"damage":73,"enemies":"Giant Head","floor":48,"turns":10}],"seed_played":"3371611060827048458","potions_obtained":[{"floor":8,"key":"AttackPotion"},{"floor":15,"key":"FairyPotion"},{"floor":16,"key":"BlessingOfTheForge"},{"floor":19,"key":"Strength Potion"},{"floor":44,"key":"Energy Potion"},{"floor":46,"key":"SneckoOil"}],"is_trial":false,"path_per_floor":["R","M","?","M","M","E","T","?","M","R","?","$","R","$","M","B",null,"R","M","?","?","?","M","T","M","?","$","R","M","R","E","M","B",null,"R","M","M","?","?","R","T","R","M","E","$","E","R","E"],"character_chosen":"THE_SPIRIT","items_purchased":["hexamod:SecondSeal","Strength Potion","hexamod:GhostflameBarrier","Membership Card","hexamod:PhantomCloak","hexamod:TimeOfNeed"],"campfire_rested":2,"item_purchase_floors":[12,27,27,45,45,45],"current_hp_per_floor":[70,70,70,70,70,69,69,62,45,66,66,67,67,67,67,58,70,70,70,70,70,70,58,58,65,65,70,70,70,70,49,43,26,70,70,69,61,61,61,61,61,71,24,14,16,12,37,0,0,0],"gold":65,"neow_bonus":"THREE_ENEMY_KILL","is_daily":false,"chose_seed":false,"campfire_upgraded":7,"win_rate":0.0,"timestamp":1608778507,"path_taken":["R","M","?","M","?","E","T","?","M","R","?","$","R","$","M","BOSS","R","M","?","?","?","M","T","?","?","$","R","?","R","E","M","BOSS","R","M","M","?","?","R","T","R","M","E","$","E","R","E"],"items_purchased_type":["Card","Potion","Card","Relic","Card","Card"],"build_version":"2020-12-22","purchased_purges":2,"victory":false,"max_hp_per_floor":[70,70,70,70,70,70,70,70,70,70,70,70,70,70,70,70,70,70,70,70,70,70,70,70,70,70,70,70,70,70,70,70,70,70,70,70,70,70,70,70,70,80,80,80,83,86,86,86,86,86],"card_choices":[{"not_picked":["hexamod:InspiringFlames","hexamod:RadiantFlame"],"picked":"hexamod:FastForward","floor":2},{"not_picked":["hexamod:Haunt","hexamod:FourthSeal"],"picked":"hexamod:NightmareStrike","floor":4},{"not_picked":["hexamod:SpectersWail","hexamod:AdvancingGuard"],"picked":"hexamod:FirstSeal","floor":5},{"not_picked":["hexamod:BurningTouch","hexamod:RadiantFlame"],"picked":"hexamod:FastForward","floor":6},{"not_picked":["hexamod:NightmareGuise","hexamod:SuperheatedStrike"],"picked":"hexamod:SpectersWail","floor":9},{"not_picked":["hexamod:GhostShield","hexamod:RainOfEmbers","hexamod:InspiringFlames"],"picked":"SKIP","floor":12},{"not_picked":["hexamod:GhostOfSpirePast","hexamod:Toasty","hexamod:NightmareStrike"],"picked":"SKIP","floor":14},{"not_picked":["hexamod:RainOfEmbers","hexamod:PhantomFireball"],"picked":"hexamod:FastForward","floor":15},{"not_picked":["hexamod:TimeOfNeed","hexamod:VolcanoVisage"],"picked":"hexamod:ApocalypticArmor","floor":16},{"not_picked":["hexamod:SpectralAdrenaline+1","hexamod:ShieldOfDarkness","hexamod:InspiringFlames"],"picked":"SKIP","floor":19},{"not_picked":["hexamod:ThermalTransfer","hexamod:PowerFromBeyond"],"picked":"hexamod:HauntingEcho","floor":23},{"not_picked":["hexamod:HauntingEcho","hexamod:RainOfEmbers+1"],"picked":"hexamod:Hexaguard+1","floor":25},{"not_picked":["hexamod:GhostLash","hexamod:Firestarter","hexamod:ShieldOfDarkness+1"],"picked":"SKIP","floor":27},{"not_picked":["hexamod:BacktrackSmack","hexamod:HexaLevel","hexamod:HeatMetal+1"],"picked":"SKIP","floor":29},{"not_picked":["hexamod:ThermalTransfer","hexamod:ShieldOfDarkness","hexamod:HauntingEcho"],"picked":"SKIP","floor":31},{"not_picked":["hexamod:SkipABeat","hexamod:NecessarySacrifice"],"picked":"hexamod:EmpoweredFlame","floor":32},{"not_picked":["hexamod:WildfireWeapon","hexamod:EmpoweringStance"],"picked":"hexamod:SixthSeal","floor":33},{"not_picked":["hexamod:HauntingEcho+1","hexamod:AdvancingGuard+1","hexamod:InspiringFlames+1"],"picked":"SKIP","floor":36},{"not_picked":["hexamod:SwordOfDarkness+1","hexamod:NecessarySacrifice+1","hexamod:GhostShield+1"],"picked":"SKIP","floor":37},{"not_picked":["hexamod:HauntingEcho","hexamod:GhostShield+1"],"picked":"hexamod:FastForward","floor":43},{"not_picked":["hexamod:NightmareGuise+1","hexamod:Firestarter+1","hexamod:BacktrackSmack"],"picked":"SKIP","floor":43},{"not_picked":["hexamod:SwordOfDarkness+1","hexamod:FastForward","hexamod:Firestarter"],"picked":"SKIP","floor":44},{"not_picked":["hexamod:HauntingEcho","hexamod:GhostLash+1","hexamod:InspiringFlames"],"picked":"SKIP","floor":44},{"not_picked":["hexamod:SpectralSpark","hexamod:ExtraCrispy"],"picked":"hexamod:SkipABeat","floor":45},{"not_picked":["hexamod:GhostShield","hexamod:HeatShield+1","hexamod:BurningTouch+1"],"picked":"SKIP","floor":45},{"not_picked":["hexamod:PhantomCloak","hexamod:ParanormalForm"],"picked":"hexamod:Hexaguard+1","floor":46},{"not_picked":["hexamod:SoulSteal+1","hexamod:SpectralAdrenaline","hexamod:SpectersWail+1"],"picked":"SKIP","floor":46}],"player_experience":129763,"relics_obtained":[{"floor":6,"key":"Bag of Preparation"},{"floor":7,"key":"Bottled Tornado"},{"floor":8,"key":"Odd Mushroom"},{"floor":24,"key":"Replay:Kaleidoscope"},{"floor":31,"key":"Simple Rune"},{"floor":44,"key":"Replay:Ringing Soul"},{"floor":46,"key":"FossilizedHelix"}],"event_choices":[{"damage_healed":0,"gold_gain":0,"cards_transformed":["hexamod:Defend"],"player_choice":"Transformed","damage_taken":0,"max_hp_gain":0,"max_hp_loss":0,"event_name":"Transmorgrifier","floor":3,"gold_loss":0,"cards_obtained":["hexamod:GhostOfSpireFuture"]},{"damage_healed":0,"gold_gain":0,"player_choice":"Fought Mushrooms","damage_taken":0,"max_hp_gain":0,"max_hp_loss":0,"event_name":"Mushrooms","floor":8,"gold_loss":0},{"damage_healed":0,"gold_gain":0,"player_choice":"Inject Mutagens","damage_taken":0,"relics_obtained":["MutagenicStrength"],"max_hp_gain":0,"max_hp_loss":0,"event_name":"Drug Dealer","floor":21,"gold_loss":0}],"is_beta":false,"boss_relics":[{"not_picked":["downfall:Hecktoplasm","Runic Pyramid"],"picked":"Cursed Key"},{"not_picked":["Calling Bell","Snecko Heart"],"picked":"Empty Cage"}],"items_purged_floors":[12,27],"is_endless":false,"potions_floor_spawned":[8,15,16,19,23,29,31,44],"killed_by":"Giant Head","ascension_level":2}}