{"host":"k0kjm4m87pwj4phr","time":1608818161,"event":{"mods":["ATMod(°¢èªMod)","BaseMod","Colored Map","Colored Powertips","Minty Spire (QoL Compilation)","Permanent Neow","Quick Restart","Relic Stats","StSLib","The Dragon Tamer"],"gold_per_floor":[117,137,62,82,99,99,129,129,181,212,230,263,278,73,73,147,147,166,185,202,219,219,250,262,99,99,99,117,132,161,61,61,147,147,157,157,173,187,226,255,255,288,343,343,218,218,218,238,238,238,238],"floor_reached":50,"playtime":1007,"items_purged":["Strike_P","Strike_P","Decay"],"score":1378,"play_id":"1dc4d44f-1cf7-4545-91cf-d6e334e479e2","local_time":"20201224215601","is_ascension_mode":true,"campfire_choices":[{"data":"AT_EmpoweredMortalDraw","floor":6.0,"key":"SMITH"},{"data":"AT_EmpoweredMortalDraw","floor":8.0,"key":"SMITH"},{"data":"AT_EmpoweredMortalDraw","floor":15,"key":"SMITH"},{"data":"DevaForm","floor":32,"key":"SMITH"},{"floor":41,"key":"REST"},{"floor":49,"key":"RECALL"}],"circlet_count":0,"master_deck":["AscendersBane","Defend_P","Defend_P","Defend_P","Eruption","Vigilance","AT_EmpoweredMortalDraw+1","AT_EmpoweredMortalDraw+1","Protect","AT_EmpoweredMortalDraw+1","Vault","AT_OneInchPunch","Adaptation","DevaForm+1","Tantrum+1","Wallop","Consecrate","Wish"],"relics":["AT_ATBox","AT_MortalBlade","Pantograph","Nunchaku","Mango","Cursed Key","Omamori","InkBottle","CeramicFish","Toy Ornithopter","Black Star","Centennial Puzzle","AT_SilverBalance","AT_ChloranthyRing","AT_BellowingDragoncrestRing","AT_ArchangelStaff"],"acts_visited":["Exordium","TheCity","TheBeyond"],"potions_floor_usage":[],"damage_taken":[{"damage":0.0,"enemies":"Small Slimes","floor":1.0,"turns":1.0},{"damage":3.0,"enemies":"2 Louse","floor":2.0,"turns":2.0},{"damage":0.0,"enemies":"Jaw Worm","floor":4.0,"turns":1.0},{"damage":0.0,"enemies":"3 Louse","floor":5.0,"turns":2.0},{"damage":0.0,"enemies":"3 Sentries","floor":7.0,"turns":2.0},{"damage":0,"enemies":"Lagavulin","floor":10,"turns":3},{"damage":0,"enemies":"Blue Slaver","floor":11,"turns":1},{"damage":0,"enemies":"3 Sentries","floor":12,"turns":2},{"damage":6,"enemies":"Looter","floor":13,"turns":2},{"damage":33,"enemies":"Hexaghost","floor":16,"turns":5},{"damage":0,"enemies":"3 Byrds","floor":18,"turns":1},{"damage":0,"enemies":"Chosen","floor":19,"turns":2},{"damage":0,"enemies":"3 Cultists","floor":20,"turns":1},{"damage":0,"enemies":"Chosen and Byrds","floor":21,"turns":2},{"damage":9,"enemies":"Book of Stabbing","floor":23,"turns":2},{"damage":0,"enemies":"Snake Plant","floor":24,"turns":1},{"damage":0,"enemies":"Cultist and Chosen","floor":29,"turns":1},{"damage":0,"enemies":"Slavers","floor":30,"turns":1},{"damage":11,"enemies":"Automaton","floor":33,"turns":5},{"damage":0,"enemies":"3 Darklings","floor":35,"turns":1},{"damage":16,"enemies":"Orb Walker","floor":37,"turns":2},{"damage":0,"enemies":"Sphere and 2 Shapes","floor":38,"turns":1},{"damage":25,"enemies":"Spire Growth","floor":39,"turns":3},{"damage":0,"enemies":"Reptomancer","floor":40,"turns":2},{"damage":66,"enemies":"Nemesis","floor":42,"turns":3},{"damage":0,"enemies":"3 Darklings","floor":48,"turns":1},{"damage":81,"enemies":"Awakened One","floor":50,"turns":3}],"seed_played":"1807334873865937769","potions_obtained":[{"floor":1.0,"key":"SteroidPotion"},{"floor":7.0,"key":"PowerPotion"},{"floor":13,"key":"FairyPotion"},{"floor":42,"key":"LiquidMemories"}],"is_trial":false,"path_per_floor":["M","M","$","M","M","R","E","R","T","E","M","E","M","$","R","B",null,"M","M","M","M","?","E","M","$","T","?","?","M","E","$","R","B",null,"M","?","M","M","M","E","R","E","T","?","$","?","?","M","R","B"],"character_chosen":"WATCHER","items_purchased":["AT_EmpoweredMortalDraw","Omamori"],"campfire_rested":1,"item_purchase_floors":[14,25],"current_hp_per_floor":[61,58,58,58,58,58,58,58,58,58,58,72,66,66,66,49,74,74,74,74,74,74,65,65,65,65,65,65,65,65,65,65,71,79,79,79,63,63,38,38,62,24,24,24,24,24,24,39,39,0,0],"gold":238,"neow_bonus":"BOSS_RELIC","is_daily":false,"chose_seed":false,"campfire_upgraded":4,"win_rate":0.0,"timestamp":1608818161,"path_taken":["M","M","$","M","M","R","E","R","T","E","M","E","M","$","R","BOSS","M","M","M","M","?","E","M","$","T","?","?","?","E","$","R","BOSS","M","?","M","M","M","E","R","E","T","?","$","?","?","M","R","BOSS"],"items_purchased_type":["Card","Relic"],"build_version":"2020-12-22","purchased_purges":3,"victory":false,"max_hp_per_floor":[68,68,68,68,68,68,68,68,68,68,68,82,82,82,82,82,82,82,82,82,82,82,82,82,82,82,82,82,82,82,82,82,82,82,82,82,82,82,82,82,82,82,82,82,82,82,78,78,78,78,78],"relic_stats":{"Nunchaku":[5],"Centennial Puzzle":[6],"counters":[27,53],"Pantograph":58,"CeramicFish":36,"Black Star":2,"Cursed Key":2,"obtain_stats":[{"AT_ChloranthyRing":42,"AT_ATBox":0,"CeramicFish":27,"AT_MortalBlade":0,"Mango":12,"AT_SilverBalance":40,"Omamori":25,"Cursed Key":17,"AT_ArchangelStaff":43,"Nunchaku":10,"Centennial Puzzle":40,"AT_BellowingDragoncrestRing":42,"Pantograph":7,"Black Star":34,"PureWater":0,"InkBottle":26,"Toy Ornithopter":30},{"AT_ChloranthyRing":25,"AT_ATBox":0,"CeramicFish":16,"AT_MortalBlade":0,"Mango":8,"AT_SilverBalance":24,"Omamori":16,"Cursed Key":10,"AT_ArchangelStaff":25,"Nunchaku":6,"Centennial Puzzle":24,"AT_BellowingDragoncrestRing":25,"Pantograph":5,"Black Star":19,"PureWater":0,"InkBottle":16,"Toy Ornithopter":18},{"AT_ChloranthyRing":49,"AT_ATBox":0,"CeramicFish":30,"AT_MortalBlade":0,"Mango":14,"AT_SilverBalance":46,"Omamori":30,"Cursed Key":21,"AT_ArchangelStaff":49,"Nunchaku":11,"Centennial Puzzle":46,"AT_BellowingDragoncrestRing":49,"Pantograph":8,"Black Star":37,"PureWater":0,"InkBottle":30,"Toy Ornithopter":32}],"InkBottle":[4],"Toy Ornithopter":0},"card_choices":[{"not_picked":["EmptyMind","Sanctity","Conclude"],"picked":"SKIP","floor":1.0},{"not_picked":["WindmillStrike","ForeignInfluence","AT_OneInchPunch"],"picked":"SKIP","floor":2.0},{"not_picked":["ThirdEye","AT_DivineConfetti","JustLucky"],"picked":"SKIP","floor":4.0},{"not_picked":["CutThroughFate","EmptyMind","Wallop"],"picked":"SKIP","floor":5.0},{"not_picked":["Crescendo","InnerPeace","ClearTheMind"],"picked":"SKIP","floor":7.0},{"not_picked":["CrushJoints","WaveOfTheHand","AT_ChampionKick"],"picked":"SKIP","floor":10},{"not_picked":["EmptyFist","Swivel","FollowUp"],"picked":"SKIP","floor":11},{"not_picked":["CrushJoints","SashWhip","JustLucky"],"picked":"SKIP","floor":12},{"not_picked":["Vengeance","Study"],"picked":"Protect","floor":13},{"not_picked":["MasterReality","Alpha"],"picked":"Vault","floor":16},{"not_picked":["CrushJoints","ThirdEye","CutThroughFate"],"picked":"SKIP","floor":18},{"not_picked":["SashWhip","Tantrum"],"picked":"AT_OneInchPunch","floor":19},{"not_picked":["EmptyBody","PathToVictory"],"picked":"Adaptation","floor":20},{"not_picked":["Study","PathToVictory","Crescendo"],"picked":"SKIP","floor":21},{"not_picked":["Pray","FollowUp+1"],"picked":"DevaForm","floor":23},{"not_picked":["Protect","Prostrate"],"picked":"Tantrum+1","floor":24},{"not_picked":["Consecrate","Indignation","Tantrum"],"picked":"SKIP","floor":29},{"not_picked":["FlurryOfBlows","CutThroughFate","BowlingBash"],"picked":"SKIP","floor":30},{"not_picked":["Devotion","Judgement"],"picked":"Wish","floor":33},{"not_picked":["MentalFortress","Protect","ForeignInfluence+1"],"picked":"SKIP","floor":35},{"not_picked":["EmptyBody","Study","FlyingSleeves"],"picked":"SKIP","floor":37},{"not_picked":["Evaluate","ClearTheMind","Tantrum"],"picked":"SKIP","floor":38},{"not_picked":["Weave","LikeWater","Vengeance"],"picked":"SKIP","floor":39},{"not_picked":["Halt+1","AT_DivineConfetti+1","PathToVictory"],"picked":"SKIP","floor":40},{"not_picked":["Swivel","ClearTheMind+1","Collect"],"picked":"SKIP","floor":42},{"not_picked":["WreathOfFlame+1","EmptyFist","FollowUp+1"],"picked":"SKIP","floor":48}],"player_experience":436229,"relics_obtained":[{"floor":7.0,"key":"Pantograph"},{"floor":10,"key":"Nunchaku"},{"floor":12,"key":"Mango"},{"floor":26,"key":"InkBottle"},{"floor":30,"key":"Toy Ornithopter"},{"floor":40,"key":"Centennial Puzzle"},{"floor":40,"key":"AT_SilverBalance"},{"floor":42,"key":"AT_ChloranthyRing"},{"floor":42,"key":"AT_BellowingDragoncrestRing"},{"floor":43,"key":"AT_ArchangelStaff"}],"event_choices":[{"damage_healed":0,"gold_gain":0,"player_choice":"Ignored","damage_taken":0,"max_hp_gain":0,"max_hp_loss":0,"event_name":"Vampires","floor":22,"gold_loss":0},{"damage_healed":0,"gold_gain":0,"player_choice":"Opened","damage_taken":0,"relics_obtained":["CeramicFish"],"max_hp_gain":0,"max_hp_loss":0,"event_name":"The Mausoleum","floor":27,"gold_loss":0,"cards_obtained":["Writhe"]},{"damage_healed":0,"gold_gain":0,"cards_transformed":["Strike_P","Strike_P"],"player_choice":"Became Test Subject","damage_taken":0,"max_hp_gain":0,"max_hp_loss":0,"event_name":"Drug Dealer","floor":28,"gold_loss":0,"cards_obtained":["Wallop","Consecrate"]},{"cards_removed":["Defend_P"],"damage_healed":0,"gold_gain":0,"player_choice":"Removed Skill","damage_taken":0,"max_hp_gain":0,"max_hp_loss":0,"event_name":"Falling","floor":36,"gold_loss":0},{"damage_healed":0,"gold_gain":0,"player_choice":"Ignored","damage_taken":0,"max_hp_gain":0,"max_hp_loss":0,"event_name":"Tomb of Lord Red Mask","floor":44,"gold_loss":0},{"damage_healed":0,"gold_gain":0,"player_choice":"Ignored","damage_taken":0,"max_hp_gain":0,"max_hp_loss":0,"event_name":"The Moai Head","floor":46,"gold_loss":0},{"damage_healed":0,"gold_gain":0,"player_choice":"Max HP","damage_taken":0,"max_hp_gain":0,"max_hp_loss":4,"event_name":"Winding Halls","floor":47,"gold_loss":0}],"is_beta":false,"boss_relics":[{"not_picked":["SlaversCollar","Runic Pyramid"],"picked":"Cursed Key"},{"not_picked":["SacredBark","Astrolabe"],"picked":"Black Star"}],"items_purged_floors":[3,31,45],"is_endless":false,"potions_floor_spawned":[1,7,12,13,21,23,30,33,39,40,42],"killed_by":"Awakened One","ascension_level":20}}