{"host":"k0kjm4m87pwj4phr","time":1608807911,"event":{"mods":["ATMod(°¢èªMod)","BaseMod","Colored Map","Colored Powertips","Minty Spire (QoL Compilation)","Permanent Neow","Quick Restart","Relic Stats","Replay The Spire","StSLib","The Dragon Tamer"],"gold_per_floor":[230,230,242,257,275,305,305,305,330,345,356,281,281,309,309,309,309],"floor_reached":16,"playtime":604,"items_purged":["Strike_R"],"score":224,"play_id":"447ea331-4493-4779-b963-04cfab058de6","local_time":"20201224190511","is_ascension_mode":true,"campfire_choices":[{"data":"AT_FamilyPortrait","floor":7.0,"key":"SMITH"}],"circlet_count":0,"master_deck":["AscendersBane","Strike_R","Strike_R","Strike_R","Strike_R","Defend_R","Defend_R","Defend_R","Defend_R","Bash","AT_FamilyPortrait+1","Whirlwind","Power Through","Hemokinesis+1","Body Slam"],"relics":["Burning Blood","AT_ATBox","Lantern","Dream Catcher","Mercury Hourglass","ReplayTheSpireMod:Ring of Challenge","ReplayTheSpireMod:Ring of Collecting"],"acts_visited":["Exordium"],"potions_floor_usage":[14,16],"damage_taken":[{"damage":0.0,"enemies":"2 Louse","floor":1.0,"turns":2.0},{"damage":1.0,"enemies":"Cultist","floor":3.0,"turns":3.0},{"damage":0.0,"enemies":"Jaw Worm","floor":4.0,"turns":2.0},{"damage":0.0,"enemies":"3 Louse","floor":5.0,"turns":2.0},{"damage":34.0,"enemies":"Lagavulin","floor":6.0,"turns":6.0},{"damage":3.0,"enemies":"Blue Slaver","floor":10.0,"turns":2.0},{"damage":0.0,"enemies":"2 Fungi Beasts","floor":11.0,"turns":2.0},{"damage":27,"enemies":"3 Sentries","floor":14,"turns":7},{"damage":17,"enemies":"The Guardian","floor":16,"turns":4}],"seed_played":"-6988780651639507546","potions_obtained":[{"floor":1.0,"key":"PowerPotion"},{"floor":4.0,"key":"Elixir"},{"floor":11.0,"key":"ElixirPotion"},{"floor":14,"key":"Toxic Potion"}],"is_trial":false,"path_per_floor":["M","?","M","M","M","E","R","?","T","M","M","$","?","E","R_BF","B"],"character_chosen":"IRONCLAD","items_purchased":[],"campfire_rested":0,"item_purchase_floors":[],"current_hp_per_floor":[74,70,75,75,75,47,47,29,29,32,38,38,38,17,17,0,0],"gold":309,"neow_bonus":"HUNDRED_GOLD","is_daily":false,"chose_seed":false,"campfire_upgraded":1,"win_rate":0.0,"timestamp":1608807911,"path_taken":["M","?","M","M","?","E","R","?","T","M","M","$","?","E","R_BF","BOSS"],"items_purchased_type":[],"build_version":"2020-12-22","purchased_purges":1,"victory":false,"max_hp_per_floor":[75,75,75,75,75,75,75,75,75,75,75,75,75,75,75,75,75],"relic_stats":{"Dream Catcher":0,"counters":[9,30],"obtain_stats":[{"Lantern":6,"Dream Catcher":8,"AT_ATBox":0,"ReplayTheSpireMod:Ring of Collecting":15,"ReplayTheSpireMod:Ring of Challenge":15,"Burning Blood":0,"Mercury Hourglass":14},{"Lantern":5,"Dream Catcher":5,"AT_ATBox":0,"ReplayTheSpireMod:Ring of Collecting":8,"ReplayTheSpireMod:Ring of Challenge":8,"Burning Blood":0,"Mercury Hourglass":8},{"Lantern":15,"Dream Catcher":15,"AT_ATBox":0,"ReplayTheSpireMod:Ring of Collecting":26,"ReplayTheSpireMod:Ring of Challenge":26,"Burning Blood":0,"Mercury Hourglass":26}],"Burning Blood":36,"Mercury Hourglass":[9]},"card_choices":[{"not_picked":["Pommel Strike","True Grit"],"picked":"Whirlwind","floor":1.0},{"not_picked":["Iron Wave","Body Slam"],"picked":"Power Through","floor":3.0},{"not_picked":["Pommel Strike","Rupture","Warcry"],"picked":"SKIP","floor":4.0},{"not_picked":["AT_DiedThrough","Sever Soul","Anger"],"picked":"SKIP","floor":5.0},{"not_picked":["ReplayReversal","Clothesline"],"picked":"Rampage","floor":6.0},{"not_picked":["Headbutt","Clothesline","Pommel Strike"],"picked":"SKIP","floor":10.0},{"not_picked":["Brutality","Pummel","Twin Strike"],"picked":"SKIP","floor":11.0},{"not_picked":["Whirlwind","Wild Strike"],"picked":"Body Slam","floor":14}],"player_experience":427600,"relics_obtained":[{"floor":6.0,"key":"Lantern"},{"floor":14,"key":"Mercury Hourglass"},{"floor":15,"key":"ReplayTheSpireMod:Ring of Challenge"},{"floor":15,"key":"ReplayTheSpireMod:Ring of Collecting"}],"event_choices":[{"damage_healed":0.0,"max_hp_gain":0.0,"max_hp_loss":0.0,"gold_gain":0.0,"event_name":"The Woman in Blue","player_choice":"Bought 0 Potions","floor":2.0,"gold_loss":0.0,"damage_taken":0.0},{"damage_healed":0.0,"max_hp_gain":0.0,"max_hp_loss":0.0,"gold_gain":0.0,"event_name":"Scrap Ooze","player_choice":"Success","floor":8.0,"gold_loss":0.0,"damage_taken":18.0,"relics_obtained":["Dream Catcher"]}],"is_beta":false,"boss_relics":[],"items_purged_floors":[12],"is_endless":false,"potions_floor_spawned":[1,4,11,14],"killed_by":"The Guardian","ascension_level":20}}