{"host":"6pgtslebjnyv5xmi","time":1608833158,"event":{"mods":["AchievementEnabler","BaseMod","Colored Map","Minty Spire (QoL Compilation)","Rare Cards Sparkle","StSLib","SuperFastMode","The Dragon Tamer","everything is the same but u backflip on backflip"],"gold_per_floor":[114,114,114,139,214,214,242,242,242,255,268,283,84,96,96,191,191,210,210,210,125,30,59,59,9,56,78,105,117,129,141,153,265,277,304,416,439,451,463,475,487,515,527,554,220,232,257,257,257,257],"floor_reached":51,"playtime":1950,"items_purged":["Strike_G","Defend_G","Defend_G","Defend_G"],"score":1006,"play_id":"833f3a24-524c-4eaa-ad96-0036b7fcfd67","local_time":"20201225030558","is_ascension_mode":true,"campfire_choices":[{"data":"Blade Dance","floor":6.0,"key":"SMITH"},{"data":"Terror","floor":8.0,"key":"SMITH"},{"data":"After Image","floor":15.0,"key":"SMITH"},{"data":"Accuracy","floor":29,"key":"SMITH"},{"floor":32,"key":"REST"},{"data":"A Thousand Cuts","floor":40,"key":"SMITH"},{"floor":49,"key":"REST"}],"circlet_count":0,"master_deck":["Survivor","Neutralize","Blade Dance+1","Terror+1","Backstab","Finisher","Backflip","After Image+1","Accuracy+1","Die Die Die","Endless Agony+1","Poisoned Stab+1","Unload+1","Cloak And Dagger","Panacea+1","Calculated Gamble+1","PiercingWail+1","A Thousand Cuts+1","Accuracy","Backflip+1","Cloak And Dagger+1","Burst+1","Infinite Blades+1","Terror+1","Backstab+1"],"relics":["Ring of the Snake","Smiling Mask","Lantern","Anchor","Matryoshka","Astrolabe","MutagenicStrength","Pocketwatch","Toxic Egg 2","MawBank","Juzu Bracelet","WristBlade","Dream Catcher","Ancient Tea Set","Mummified Hand","Strange Spoon","Toy Ornithopter","Vajra"],"acts_visited":["Exordium","TheCity","TheBeyond"],"potions_floor_usage":[23,33,33,47,50],"damage_taken":[{"damage":10.0,"enemies":"Cultist","floor":1.0,"turns":4.0},{"damage":25.0,"enemies":"Gremlin Nob","floor":7.0,"turns":5.0},{"damage":0.0,"enemies":"2 Louse","floor":10.0,"turns":2.0},{"damage":0.0,"enemies":"Jaw Worm","floor":11.0,"turns":2.0},{"damage":0.0,"enemies":"Looter","floor":12.0,"turns":1.0},{"damage":0.0,"enemies":"Blue Slaver","floor":14.0,"turns":3.0},{"damage":3.0,"enemies":"Hexaghost","floor":16.0,"turns":7.0},{"damage":14.0,"enemies":"2 Thieves","floor":18.0,"turns":3.0},{"damage":11,"enemies":"Book of Stabbing","floor":23,"turns":3},{"damage":0,"enemies":"Spheric Guardian","floor":27,"turns":3},{"damage":0,"enemies":"Chosen and Byrds","floor":28,"turns":3},{"damage":0,"enemies":"Champ","floor":33,"turns":5},{"damage":0,"enemies":"Orb Walker","floor":35,"turns":2},{"damage":3,"enemies":"3 Shapes","floor":37,"turns":2},{"damage":18,"enemies":"Spire Growth","floor":42,"turns":3},{"damage":0,"enemies":"Jaw Worm Horde","floor":44,"turns":3},{"damage":0,"enemies":"4 Shapes","floor":46,"turns":2},{"damage":0,"enemies":"Reptomancer","floor":47,"turns":1},{"damage":48,"enemies":"Awakened One","floor":50,"turns":6}],"seed_played":"253968927895633163","potions_obtained":[{"floor":7.0,"key":"PowerPotion"},{"floor":10.0,"key":"Ancient Potion"},{"floor":14.0,"key":"CunningPotion"},{"floor":27,"key":"FearPotion"},{"floor":30,"key":"Dexterity Potion"},{"floor":35,"key":"FairyPotion"},{"floor":44,"key":"DistilledChaos"}],"is_trial":false,"path_per_floor":["M","?","?","T","?","R","E","R","T","M","M","M","$","M","R","B",null,"M","?","?","?","$","E","?","$","T","M","M","R","?","$","R","B",null,"M","?","M","$","?","R","T","M","T","M","$","M","E","?","R","B",null],"character_chosen":"THE_SILENT","items_purchased":["After Image","Cloak And Dagger","Strange Spoon","Toy Ornithopter"],"campfire_rested":2,"item_purchase_floors":[13,22,45,45],"current_hp_per_floor":[53,70,70,70,59,59,34,34,34,34,34,34,34,34,34,31,60,46,46,46,46,46,35,35,35,35,35,35,35,35,35,56,56,67,67,67,64,64,64,64,64,46,46,46,46,46,51,51,70,22],"gold":257,"neow_bonus":"RANDOM_COMMON_RELIC","is_daily":false,"chose_seed":false,"campfire_upgraded":5,"win_rate":0.0,"timestamp":1608833158,"path_taken":["M","?","?","?","?","R","E","R","T","M","M","M","$","M","R","BOSS","M","?","?","?","?","E","?","$","T","M","M","R","?","?","R","BOSS","M","?","M","?","?","R","?","M","T","M","$","M","E","?","R","BOSS"],"items_purchased_type":["Card","Card","Relic","Relic"],"build_version":"2020-12-22","purchased_purges":4,"victory":true,"max_hp_per_floor":[70,70,70,70,70,70,70,70,70,70,70,70,70,70,70,70,70,70,70,70,70,70,70,70,70,70,70,70,70,70,70,70,70,70,70,70,70,70,70,70,70,70,70,70,70,70,70,70,70,70],"card_choices":[{"not_picked":["PiercingWail","Well Laid Plans"],"picked":"Blade Dance","floor":1.0},{"not_picked":["All Out Attack","Quick Slash"],"picked":"Terror","floor":7.0},{"not_picked":["PiercingWail","Catalyst"],"picked":"Backstab","floor":10.0},{"not_picked":["Noxious Fumes","Choke"],"picked":"Finisher","floor":11.0},{"not_picked":["Heel Hook","Dagger Throw"],"picked":"Backflip","floor":12.0},{"not_picked":["Caltrops","Deadly Poison"],"picked":"Accuracy","floor":14.0},{"not_picked":["Tools of the Trade","Night Terror"],"picked":"Die Die Die","floor":16.0},{"not_picked":["Sucker Punch","Flechettes","Outmaneuver"],"picked":"SKIP","floor":18.0},{"not_picked":["Poisoned Stab","Sucker Punch","Deadly Poison+1"],"picked":"SKIP","floor":23},{"not_picked":["Bouncing Flask+1","Acrobatics+1"],"picked":"Calculated Gamble+1","floor":27},{"not_picked":["Caltrops","Well Laid Plans"],"picked":"PiercingWail+1","floor":28},{"not_picked":["Night Terror+1","Burst+1"],"picked":"A Thousand Cuts","floor":33},{"not_picked":["All Out Attack","Prepared+1"],"picked":"Accuracy","floor":35},{"not_picked":["Eviscerate+1","PiercingWail+1"],"picked":"Backflip+1","floor":37},{"not_picked":["Noxious Fumes+1","Deflect+1"],"picked":"Cloak And Dagger+1","floor":42},{"not_picked":["Predator","Flying Knee"],"picked":"Burst+1","floor":44},{"not_picked":["Flying Knee+1","Dodge and Roll+1"],"picked":"Infinite Blades+1","floor":46},{"not_picked":["Slice","Dagger Throw"],"picked":"Terror+1","floor":47},{"not_picked":["Noxious Fumes+1","Deflect+1"],"picked":"Backstab+1","floor":49}],"player_experience":472428,"relics_obtained":[{"floor":4.0,"key":"Lantern"},{"floor":7.0,"key":"Anchor"},{"floor":9.0,"key":"Matryoshka"},{"floor":23,"key":"Toxic Egg 2"},{"floor":26,"key":"MawBank"},{"floor":26,"key":"Juzu Bracelet"},{"floor":41,"key":"Dream Catcher"},{"floor":41,"key":"Ancient Tea Set"},{"floor":43,"key":"Mummified Hand"},{"floor":47,"key":"Vajra"}],"event_choices":[{"damage_healed":23.0,"max_hp_gain":0.0,"max_hp_loss":0.0,"gold_gain":0.0,"event_name":"Big Fish","player_choice":"Banana","floor":2.0,"gold_loss":0.0,"damage_taken":0.0},{"cards_removed":["Strike_G"],"damage_healed":0.0,"max_hp_gain":0.0,"max_hp_loss":0.0,"gold_gain":0.0,"event_name":"Living Wall","player_choice":"Forget","floor":3.0,"gold_loss":0.0,"damage_taken":0.0},{"damage_healed":0.0,"max_hp_gain":0.0,"max_hp_loss":0.0,"gold_gain":75.0,"event_name":"World of Goop","player_choice":"Gather Gold","floor":5.0,"gold_loss":0.0,"damage_taken":11.0},{"cards_removed":["Defend_G"],"damage_healed":0.0,"max_hp_gain":0.0,"max_hp_loss":0.0,"gold_gain":0.0,"event_name":"Back to Basics","player_choice":"Elegance","floor":19.0,"gold_loss":0.0,"damage_taken":0.0},{"damage_healed":0.0,"max_hp_gain":0.0,"max_hp_loss":0.0,"gold_gain":0.0,"event_name":"Drug Dealer","player_choice":"Inject Mutagens","floor":20.0,"gold_loss":0.0,"damage_taken":0.0,"relics_obtained":["MutagenicStrength"]},{"damage_healed":0.0,"max_hp_gain":0.0,"max_hp_loss":0.0,"gold_gain":0.0,"event_name":"Addict","player_choice":"Obtained Relic","floor":21.0,"gold_loss":85.0,"damage_taken":0.0,"relics_obtained":["Pocketwatch"]},{"damage_healed":0,"gold_gain":0,"player_choice":"1 cards matched","damage_taken":0,"max_hp_gain":0,"max_hp_loss":0,"event_name":"Match and Keep!","floor":24,"gold_loss":0,"cards_obtained":["Panacea"]},{"damage_healed":0,"gold_gain":0,"player_choice":"Got Potions","damage_taken":0,"max_hp_gain":0,"max_hp_loss":0,"event_name":"Lab","floor":30,"gold_loss":0},{"damage_healed":0,"gold_gain":100,"player_choice":"Pray","damage_taken":0,"max_hp_gain":0,"max_hp_loss":0,"event_name":"Golden Shrine","floor":36,"gold_loss":0},{"damage_healed":0,"gold_gain":0,"player_choice":"Ignored","damage_taken":0,"max_hp_gain":0,"max_hp_loss":0,"event_name":"Tomb of Lord Red Mask","floor":39,"gold_loss":0},{"cards_removed":["Defend_G"],"damage_healed":0,"gold_gain":0,"player_choice":"Removed Skill","damage_taken":0,"max_hp_gain":0,"max_hp_loss":0,"event_name":"Falling","floor":48,"gold_loss":0}],"is_beta":false,"boss_relics":[{"not_picked":["Black Star","Cursed Key"],"picked":"Astrolabe"},{"not_picked":["Fusion Hammer","Sozu"],"picked":"WristBlade"}],"items_purged_floors":[13,22,25,45],"is_endless":false,"potions_floor_spawned":[7,10,14,27,35,44],"ascension_level":6}}