{"host":"p6y17sixyu8q9v1f","time":1608808535,"event":{"mods":["BaseMod","Colored Map","Minty Spire (QoL Compilation)"],"gold_per_floor":[114,39,54,229,229,259,274,274,274],"floor_reached":8,"playtime":476,"items_purged":["EmptyMind"],"score":131,"play_id":"a430fc2c-b33e-4693-b0e0-9eed00e0202c","local_time":"20201224051535","daily_mods":["Insanity","Purple Cards","DeadlyEvents"],"is_ascension_mode":false,"campfire_choices":[],"circlet_count":0,"master_deck":["Outmaneuver","Quick Slash","Slice","Meditate","Halt","Concentrate","Finisher","Cloak And Dagger","MentalFortress","WheelKick","FlyingSleeves","FollowUp","Crescendo","Prepared","TalkToTheHand","FlurryOfBlows","Slice","Crescendo","PiercingWail","ThirdEye","Deadly Poison","TalkToTheHand","Well Laid Plans","FlurryOfBlows","Sucker Punch","Meditate","Outmaneuver","CrushJoints","SignatureMove","Conclude","FollowUp","Riddle With Holes","FlurryOfBlows","Dodge and Roll","FlyingSleeves","FlurryOfBlows","ForeignInfluence","Evaluate","Quick Slash","BowlingBash","Conclude","Evaluate","Dagger Throw","Evaluate","Setup","Blade Dance","TalkToTheHand","FlyingSleeves","Tantrum","WreathOfFlame","FollowUp","Doubt","FlurryOfBlows"],"relics":["Ring of the Snake","MealTicket","Boot"],"acts_visited":["Exordium"],"potions_floor_usage":[6],"damage_taken":[{"damage":21,"enemies":"Small Slimes","floor":1,"turns":3},{"damage":0,"enemies":"Jaw Worm","floor":3,"turns":3},{"damage":6,"enemies":"Gremlin Nob","floor":6,"turns":3},{"damage":0,"enemies":"Cultist","floor":7,"turns":2},{"damage":12,"enemies":"Lagavulin","floor":8,"turns":4}],"seed_played":"-4388098555046818604","potions_obtained":[{"floor":3,"key":"SkillPotion"}],"is_trial":false,"path_per_floor":["M","$","M","?","?","E","M","E"],"character_chosen":"THE_SILENT","items_purchased":[],"campfire_rested":0,"item_purchase_floors":[],"current_hp_per_floor":[49,49,49,49,46,40,40,28,28],"gold":274,"neow_bonus":"","is_daily":true,"chose_seed":false,"campfire_upgraded":0,"win_rate":0.0,"timestamp":1608808535,"path_taken":["M","$","M","?","?","E","?","?"],"items_purchased_type":[],"build_version":"2020-12-22","purchased_purges":1,"victory":false,"max_hp_per_floor":[70,70,70,70,70,70,70,70,70],"card_choices":[{"not_picked":["Bane","Choke"],"picked":"WreathOfFlame","floor":1},{"not_picked":["CrushJoints","Adaptation"],"picked":"FollowUp","floor":3},{"not_picked":["Well Laid Plans","Sanctity"],"picked":"FlurryOfBlows","floor":6},{"not_picked":["Study","Evaluate","Quick Slash"],"picked":"SKIP","floor":7}],"player_experience":783624,"relics_obtained":[{"floor":6,"key":"Boot"}],"event_choices":[{"damage_healed":0,"gold_gain":175,"player_choice":"AGREE","damage_taken":0,"max_hp_gain":0,"max_hp_loss":0,"event_name":"Liars Game","floor":4,"gold_loss":0,"cards_obtained":["Doubt"]},{"damage_healed":0,"gold_gain":0,"player_choice":"Success","damage_taken":3,"relics_obtained":["MealTicket"],"max_hp_gain":0,"max_hp_loss":0,"event_name":"Scrap Ooze","floor":5,"gold_loss":0}],"is_beta":false,"boss_relics":[],"items_purged_floors":[2],"is_endless":false,"potions_floor_spawned":[3],"killed_by":"Lagavulin","ascension_level":0}}