{"host":"ywif2ugnepgiw45s","time":1608842184,"event":{"mods":["Act Like it!","BaseMod","Better Skull","Downfall","Elementarium","GifTheSpireLib","Hermit","Lobotomy","Marisa????????","Minty Spire (QoL Compilation)","READ ME - Guardian Mod","Shade Mod","Shop Mod","StSLib","The Cursed","The Jungle","The Runesmith"],"gold_per_floor":[99,113,113,213,233,266,290,305,36,486,503,503,503,603,614,614,614,614],"floor_reached":16,"playtime":647,"items_purged":[],"score":100,"play_id":"a90ee3e8-a9ff-4e74-9dbc-cefce194f825","local_time":"20201224153624","is_ascension_mode":false,"campfire_choices":[{"data":"champ:Backstep","floor":1,"key":"SMITH"},{"floor":12,"key":"REST"}],"circlet_count":0,"master_deck":["champ:Strike","champ:Strike","champ:Strike+1","champ:Defend","champ:Defend","champ:Defend","champ:Defend+1","champ:Execute+1","champ:Taunt","champ:Backstep+1","champ:Duel","Regret","champ:TornadoPunch","expansioncontent:DashGenerateEvil","expansioncontent:Chronoboost","Slimebound:Icky","Slimebound:Icky","Slimebound:Icky"],"relics":["champ:ChampionCrown","Champion Belt","Anchor","Strawberry"],"acts_visited":["Exordium"],"potions_floor_usage":[16],"damage_taken":[{"damage":0,"enemies":"2 Louse","floor":2,"turns":3},{"damage":55,"enemies":"2 Louse","floor":4,"turns":7},{"damage":10,"enemies":"Small Slimes","floor":5,"turns":4},{"damage":22,"enemies":"3 Sentries","floor":6,"turns":8},{"damage":8,"enemies":"Jaw Worm","floor":8,"turns":2},{"damage":17,"enemies":"downfall:FleeingMerchant","floor":9,"turns":4},{"damage":1,"enemies":"2 Fungi Beasts","floor":11,"turns":5},{"damage":8,"enemies":"3 Louse","floor":15,"turns":5},{"damage":73,"enemies":"downfall:Defect","floor":16,"turns":8}],"seed_played":"2200333971383742893","potions_obtained":[{"floor":2,"key":"Strength Potion"},{"floor":5,"key":"FairyPotion"},{"floor":11,"key":"Block Potion"}],"is_trial":false,"path_per_floor":["R","M","?","?","M","E","T","M","$","?","M","R","?","?","M","B"],"character_chosen":"THE_CHAMP","items_purchased":["expansioncontent:DashGenerateEvil","expansioncontent:Chronoboost"],"campfire_rested":1,"item_purchase_floors":[9,9],"current_hp_per_floor":[90,90,90,35,30,13,20,17,10,10,9,38,38,38,35,0,0,0],"gold":614,"neow_bonus":"TRANSFORM_CARD","is_daily":false,"chose_seed":false,"campfire_upgraded":1,"win_rate":0.0,"timestamp":1608842184,"path_taken":["R","M","?","?","M","E","T","M","$","?","M","R","?","?","M","BOSS"],"items_purchased_type":["Card","Card"],"build_version":"2020-12-22","purchased_purges":0,"victory":false,"max_hp_per_floor":[90,90,90,90,90,90,97,97,97,97,97,97,97,97,97,97,97,97],"card_choices":[{"not_picked":["champ:Lariat","champ:BerserkerStyle"],"picked":"champ:Duel","floor":2},{"not_picked":["champ:Circumvent","champ:Shatter"],"picked":"champ:TornadoPunch","floor":5},{"not_picked":["champ:CrookedStrike","champ:FalseCounter","champ:GladiatorsShout"],"picked":"SKIP","floor":6},{"not_picked":["champ:Circumvent","champ:BerserkersShout","champ:GladiatorStyle"],"picked":"SKIP","floor":8},{"not_picked":["champ:AdrenalArmor","champ:CrookedStrike","champ:StanceDance"],"picked":"SKIP","floor":9},{"not_picked":["champ:DefensiveShout","champ:CrookedStrike","champ:AdrenalArmor"],"picked":"SKIP","floor":11},{"not_picked":["champ:BladeFlurry","champ:GutPunch","champ:FalseCounter"],"picked":"SKIP","floor":15}],"player_experience":1627734,"relics_obtained":[{"floor":4,"key":"Champion Belt"},{"floor":6,"key":"Anchor"},{"floor":7,"key":"Strawberry"}],"event_choices":[],"is_beta":false,"boss_relics":[],"items_purged_floors":[],"is_endless":false,"potions_floor_spawned":[2,5,11],"killed_by":"downfall:Defect","ascension_level":0}}