{"host":"ja297la2wpvv1dvv","time":1608786609,"event":{"mods":["AchievementEnabler","BaseMod","Bestiary","Colored Map","Colored Powertips","Curses Come First","Minty Spire (QoL Compilation)","StSLib"],"gold_per_floor":[17,17,17,27,40,50,60,60,60,76,1,1,26,46,46,147,147,162,261,278,11,31,31,57,67,67,67,81,181,192,206,206,301,301,314,314,69,84,134,166,186,186,186,198,217,217,244,254,254,254],"floor_reached":51,"playtime":6675,"items_purged":["Strike_P"],"score":810,"play_id":"4553d173-fa47-4b23-9cc6-c0bd39e83248","local_time":"20201223231009","is_ascension_mode":false,"campfire_choices":[{"data":"Eruption","floor":8,"key":"SMITH"},{"data":"Worship","floor":12,"key":"SMITH"},{"floor":15,"key":"REST"},{"floor":23,"key":"RECALL"},{"floor":32,"key":"REST"},{"floor":42,"key":"REST"},{"floor":46,"key":"REST"},{"floor":49,"key":"REST"}],"circlet_count":0,"master_deck":["Strike_P+1","Strike_P","Strike_P","Defend_P+1","Defend_P+1","Defend_P+1","Defend_P+1","Eruption+1","Vigilance","LessonLearned+1","CutThroughFate+1","EmptyBody","BowlingBash+1","Nirvana","InnerPeace+1","Worship+1","FearNoEvil+1","Meditate+1","Devotion","JustLucky","ForeignInfluence+1","Halt+1","Tantrum+1","DeceiveReality+1","SashWhip","ThirdEye","Establishment","ThirdEye+1","ClearTheMind","LikeWater+1","Ragnarok","BattleHymn+1","Weave","Vengeance+1","FollowUp","SashWhip+1","CutThroughFate","SashWhip","Wireheading+1","FollowUp+1"],"relics":["PureWater","Bag of Marbles","Bronze Scales","Fusion Hammer","Eternal Feather","HornCleat","Boot","Thread and Needle","StrikeDummy","SlaversCollar","Kunai","FossilizedHelix","Regal Pillow","Pear","MealTicket"],"acts_visited":["Exordium","TheCity","TheBeyond"],"potions_floor_usage":[10,16,22,24,24,24,24,28,33,33,33,33,41,50,50],"damage_taken":[{"damage":4,"enemies":"Jaw Worm","floor":1,"turns":4},{"damage":0,"enemies":"Cultist","floor":4,"turns":3},{"damage":10,"enemies":"2 Louse","floor":5,"turns":2},{"damage":0,"enemies":"Large Slime","floor":6,"turns":2},{"damage":0,"enemies":"Blue Slaver","floor":7,"turns":5},{"damage":0,"enemies":"Looter","floor":10,"turns":3},{"damage":9,"enemies":"Gremlin Nob","floor":13,"turns":4},{"damage":0,"enemies":"Exordium Wildlife","floor":14,"turns":2},{"damage":0,"enemies":"Slime Boss","floor":16,"turns":3},{"damage":6,"enemies":"2 Thieves","floor":18,"turns":3},{"damage":0,"enemies":"3 Byrds","floor":20,"turns":4},{"damage":2,"enemies":"Centurion and Healer","floor":22,"turns":4},{"damage":8,"enemies":"Gremlin Leader","floor":24,"turns":5},{"damage":1,"enemies":"3 Cultists","floor":25,"turns":4},{"damage":0,"enemies":"Cultist and Chosen","floor":28,"turns":3},{"damage":1,"enemies":"Colosseum Slavers","floor":29,"turns":3},{"damage":0,"enemies":"Colosseum Nobs","floor":29,"turns":4},{"damage":0,"enemies":"Snecko","floor":30,"turns":4},{"damage":0,"enemies":"Snake Plant","floor":31,"turns":2},{"damage":1,"enemies":"Collector","floor":33,"turns":10},{"damage":8,"enemies":"Orb Walker","floor":35,"turns":3},{"damage":6,"enemies":"3 Darklings","floor":38,"turns":3},{"damage":6,"enemies":"Mind Bloom Boss Battle","floor":39,"turns":5},{"damage":0,"enemies":"Giant Head","floor":40,"turns":5},{"damage":0,"enemies":"4 Shapes","floor":41,"turns":4},{"damage":0,"enemies":"Transient","floor":44,"turns":5},{"damage":6,"enemies":"Sphere and 2 Shapes","floor":45,"turns":4},{"damage":0,"enemies":"Reptomancer","floor":47,"turns":4},{"damage":11,"enemies":"Writhing Mass","floor":48,"turns":5},{"damage":23,"enemies":"Donu and Deca","floor":50,"turns":8}],"seed_played":"5396464536277816622","potions_obtained":[{"floor":2,"key":"FearPotion"},{"floor":2,"key":"Block Potion"},{"floor":2,"key":"BottledMiracle"},{"floor":14,"key":"EntropicBrew"},{"floor":16,"key":"EntropicBrew"},{"floor":24,"key":"SpeedPotion"},{"floor":33,"key":"SkillPotion"},{"floor":35,"key":"StancePotion"},{"floor":40,"key":"DistilledChaos"},{"floor":44,"key":"SteroidPotion"},{"floor":45,"key":"Swift Potion"},{"floor":48,"key":"Dexterity Potion"}],"is_trial":false,"path_per_floor":["M","?","$","M","M","M","M","R","T","M","$","R","E","M","R","B",null,"M","?","M","$","M","R","E","M","T","?","M","?","M","M","R","B",null,"M","?","$","M","?","E","M","R","T","M","M","R","E","M","R","B",null],"character_chosen":"WATCHER","items_purchased":["Eternal Feather","Halt","Kunai"],"campfire_rested":5,"item_purchase_floors":[21,21,37],"current_hp_per_floor":[68,68,68,68,58,58,58,58,58,58,58,58,49,49,70,70,72,66,66,66,66,64,72,64,63,63,63,63,62,62,62,72,71,72,64,64,64,58,52,52,52,72,82,82,76,82,82,71,82,59],"gold":254,"neow_bonus":"THREE_RARE_CARDS","is_daily":false,"chose_seed":false,"campfire_upgraded":2,"win_rate":0.0,"timestamp":1608786609,"path_taken":["M","?","?","M","M","M","M","R","T","M","$","R","E","M","R","BOSS","M","?","M","$","M","R","E","M","T","?","M","?","M","M","R","BOSS","M","?","$","M","?","E","?","R","T","M","M","R","E","M","R","BOSS"],"items_purchased_type":["Relic","Card","Relic"],"build_version":"2020-12-22","purchased_purges":1,"victory":true,"max_hp_per_floor":[72,72,72,72,72,72,72,72,72,72,72,72,72,72,72,72,72,72,72,72,72,72,72,72,72,72,72,72,72,72,72,72,72,72,72,72,72,72,72,72,72,72,82,82,82,82,82,82,82,82],"card_choices":[{"not_picked":["Brilliance","Alpha"],"picked":"LessonLearned","floor":0},{"not_picked":["FlyingSleeves","FlurryOfBlows"],"picked":"CutThroughFate","floor":1},{"not_picked":["Crescendo","Prostrate"],"picked":"EmptyBody","floor":4},{"not_picked":["Protect","CrushJoints"],"picked":"BowlingBash","floor":5},{"not_picked":["SashWhip","FlurryOfBlows"],"picked":"Nirvana","floor":6},{"not_picked":["ClearTheMind","CarveReality"],"picked":"InnerPeace","floor":7},{"not_picked":["EmptyMind","FlyingSleeves"],"picked":"Worship","floor":10},{"not_picked":["Sanctity","Wish"],"picked":"FearNoEvil","floor":13},{"not_picked":["Wallop","DeceiveReality"],"picked":"Meditate","floor":14},{"not_picked":["ConjureBlade","Judgement"],"picked":"Devotion","floor":16},{"not_picked":["ReachHeaven","Prostrate"],"picked":"JustLucky","floor":18},{"not_picked":["Prostrate","Halt"],"picked":"ForeignInfluence","floor":20},{"not_picked":["Halt+1","Protect"],"picked":"Tantrum+1","floor":22},{"not_picked":["ForeignInfluence","Collect"],"picked":"DeceiveReality","floor":24},{"not_picked":["Prostrate","FearNoEvil"],"picked":"SashWhip","floor":25},{"not_picked":["Crescendo","EmptyBody"],"picked":"Establishment","floor":28},{"not_picked":["Halt+1","Collect"],"picked":"ThirdEye+1","floor":29},{"not_picked":["Pray+1","Tantrum"],"picked":"ClearTheMind","floor":30},{"not_picked":["SandsOfTime+1","EmptyBody"],"picked":"LikeWater+1","floor":31},{"not_picked":["Devotion","Blasphemy"],"picked":"Ragnarok","floor":33},{"not_picked":["CrushJoints+1","JustLucky"],"picked":"BattleHymn+1","floor":35},{"not_picked":["BattleHymn","MentalFortress"],"picked":"Weave","floor":38},{"not_picked":["WheelKick+1","WreathOfFlame"],"picked":"Vengeance+1","floor":39},{"not_picked":["ClearTheMind+1","ThirdEye"],"picked":"FollowUp","floor":40},{"not_picked":["Vengeance","Prostrate"],"picked":"SashWhip+1","floor":41},{"not_picked":["Crescendo","SandsOfTime"],"picked":"CutThroughFate","floor":44},{"not_picked":["LessonLearned","Crescendo+1"],"picked":"SashWhip","floor":45},{"not_picked":["EmptyFist+1","Prostrate+1"],"picked":"Wireheading+1","floor":47},{"not_picked":["CutThroughFate","Protect+1"],"picked":"FollowUp+1","floor":48}],"player_experience":180005,"relics_obtained":[{"floor":9,"key":"Bag of Marbles"},{"floor":13,"key":"Bronze Scales"},{"floor":24,"key":"HornCleat"},{"floor":26,"key":"Boot"},{"floor":29,"key":"Thread and Needle"},{"floor":29,"key":"StrikeDummy"},{"floor":39,"key":"FossilizedHelix"},{"floor":40,"key":"Regal Pillow"},{"floor":43,"key":"Pear"},{"floor":47,"key":"MealTicket"}],"event_choices":[{"damage_healed":0,"gold_gain":0,"player_choice":"Got Potions","damage_taken":0,"max_hp_gain":0,"max_hp_loss":0,"event_name":"Lab","floor":2,"gold_loss":0},{"damage_healed":0,"gold_gain":99,"player_choice":"Stole From Cult","damage_taken":0,"max_hp_gain":0,"max_hp_loss":0,"event_name":"Nest","floor":19,"gold_loss":0},{"damage_healed":0,"gold_gain":0,"player_choice":"Read","damage_taken":0,"max_hp_gain":0,"max_hp_loss":0,"event_name":"The Library","floor":27,"gold_loss":0,"cards_obtained":["ThirdEye"]},{"damage_healed":0,"gold_gain":0,"player_choice":"Fight","damage_taken":0,"max_hp_gain":0,"max_hp_loss":0,"event_name":"Colosseum","floor":29,"gold_loss":0},{"damage_healed":0,"gold_gain":0,"player_choice":"Fought Nobs","damage_taken":0,"max_hp_gain":0,"max_hp_loss":0,"event_name":"Colosseum","floor":29,"gold_loss":0},{"damage_healed":0,"gold_gain":0,"player_choice":"Ignored","damage_taken":0,"max_hp_gain":0,"max_hp_loss":0,"event_name":"Tomb of Lord Red Mask","floor":36,"gold_loss":0},{"damage_healed":0,"gold_gain":0,"player_choice":"Fight","damage_taken":0,"max_hp_gain":0,"max_hp_loss":0,"event_name":"MindBloom","floor":39,"gold_loss":0}],"is_beta":false,"boss_relics":[{"not_picked":["SacredBark","Tiny House"],"picked":"Fusion Hammer"},{"not_picked":["Busted Crown","Snecko Eye"],"picked":"SlaversCollar"}],"items_purged_floors":[11],"is_endless":false,"potions_floor_spawned":[4,7,14,16,18,20,24,25,29,33,35,40,44,45,48],"ascension_level":0}}