{"host":"gttmsi54247zpcme","time":1608771602,"event":{"mods":["BaseMod","Colored Map","Downfall","Minty Spire (QoL Compilation)","Replay The Spire","Shop Mod","StSLib"],"gold_per_floor":[110,110,110,136,12,56,56,56,83,99,99,119,119,139,139,247,297,314,413,413,413,444,444,485,511,511,513,513],"floor_reached":27,"playtime":2179,"items_purged":["Delirium"],"score":230,"play_id":"f7066ddc-de62-47cf-85a3-5a3dce945ad2","local_time":"20201223200002","is_ascension_mode":false,"campfire_choices":[{"data":"Demonic Infusion","floor":7,"key":"SMITH"},{"data":"Searing Blow+1","floor":11,"key":"SMITH"},{"data":"Fire Breathing","floor":15,"key":"SMITH"},{"floor":23,"key":"REST"}],"circlet_count":0,"master_deck":["Strike_R+1","Strike_R","Strike_R","Strike_R","Strike_R","Defend_R","Defend_R","Defend_R","Defend_R","Bash","ReplayReversal","Searing Blow+2","Defy Death","Defy Death","Demonic Infusion+1","ReplayTheSpireMod:Strike From Hell","Inflame","Fire Breathing+1","Demon Form","Dark Embrace","Armaments","Necronomicurse","Armaments","Barricade","Blood for Blood+1"],"relics":["Burning Blood","Replay:Bandana","Ring of Misfortune","Ring of Panic","ReplayTheSpireMod:TigerMarble","Regal Pillow","Question Card","Tiny House","Necronomicon","Spirit Poop","Ancient Tea Set","Unceasing Top"],"acts_visited":["Exordium","TheCity"],"potions_floor_usage":[6,6,16,16,18],"damage_taken":[{"damage":15,"enemies":"Jaw Worm","floor":1,"turns":5},{"damage":0,"enemies":"Small Slimes","floor":4,"turns":3},{"damage":26,"enemies":"3 Sentries","floor":6,"turns":12},{"damage":0,"enemies":"Cultist","floor":10,"turns":1},{"damage":5,"enemies":"Looter","floor":12,"turns":3},{"damage":7,"enemies":"2 Fungi Beasts","floor":14,"turns":4},{"damage":18,"enemies":"The Guardian","floor":16,"turns":11},{"damage":22,"enemies":"Spheric Guardian","floor":18,"turns":5},{"damage":20,"enemies":"Shell Parasite","floor":22,"turns":4},{"damage":52,"enemies":"Replay:Snechameleon","floor":24,"turns":9},{"damage":31,"enemies":"Snake Plant","floor":25,"turns":4},{"damage":12,"enemies":"Snecko","floor":27,"turns":3}],"seed_played":"6362207770550712620","potions_obtained":[{"floor":1,"key":"Ancient Potion"},{"floor":4,"key":"Weak Potion"},{"floor":12,"key":"DuplicationPotion"},{"floor":14,"key":"DuplicationPotion"},{"floor":16,"key":"PowerPotion"},{"floor":17,"key":"sneckomod:MuddlingPotion"},{"floor":22,"key":"Doom Potion"},{"floor":24,"key":"Elixir"}],"is_trial":false,"path_per_floor":["M","?","?","M","$","E","R","?","T","M","R","M","?","M","R","B",null,"M","?","?","?","M","R","E","M","T","M"],"character_chosen":"IRONCLAD","items_purchased":["Defy Death"],"campfire_rested":1,"item_purchase_floors":[5],"current_hp_per_floor":[71,68,68,74,74,54,54,54,54,60,60,61,61,60,60,48,85,69,69,53,53,39,79,33,8,8,0,0],"gold":513,"neow_bonus":"","is_daily":false,"chose_seed":false,"campfire_upgraded":3,"win_rate":0.0,"timestamp":1608771602,"path_taken":["M","?","?","M","$","E","R","?","T","M","R","?","?","M","R","BOSS","M","?","?","?","M","R","E","M","T","M"],"items_purchased_type":["Card"],"build_version":"2020-12-22","purchased_purges":1,"victory":false,"max_hp_per_floor":[80,80,80,80,80,80,80,80,80,80,80,80,80,80,80,80,85,85,85,85,85,85,85,85,85,85,85,85],"card_choices":[{"not_picked":["Cleave","Uppercut"],"picked":"ReplayReversal","floor":1},{"not_picked":["Sword Boomerang","Clash"],"picked":"Searing Blow","floor":4},{"not_picked":["Bloodletting","Bludgeon"],"picked":"Demonic Infusion","floor":6},{"not_picked":["Sword Boomerang","Clothesline"],"picked":"ReplayTheSpireMod:Strike From Hell","floor":10},{"not_picked":["Disarm","Body Slam"],"picked":"Inflame","floor":12},{"not_picked":["ReplayTheSpireMod:Stacked","Infernal Blade","Perfected Strike"],"picked":"Fire Breathing","floor":14},{"not_picked":["Fiend Fire","Demonic Infusion","Brutality"],"picked":"Demon Form","floor":16},{"not_picked":["Warcry","Iron Wave","Headbutt"],"picked":"Dark Embrace","floor":17},{"not_picked":["Thunderclap+1","Perfected Strike","Entrench"],"picked":"Armaments","floor":18},{"not_picked":["ReplayTheSpireMod:LeadingStrike","Dark Embrace","Bloodletting"],"picked":"Armaments","floor":22},{"not_picked":["Armaments","Seeing Red","Warcry+1"],"picked":"Barricade","floor":24},{"not_picked":["Bloodletting+1","Disarm","Sword Boomerang+1"],"picked":"Blood for Blood+1","floor":25}],"player_experience":0,"relics_obtained":[{"floor":3,"key":"Ring of Misfortune"},{"floor":3,"key":"Ring of Panic"},{"floor":6,"key":"ReplayTheSpireMod:TigerMarble"},{"floor":9,"key":"Regal Pillow"},{"floor":20,"key":"Necronomicon"},{"floor":24,"key":"Ancient Tea Set"},{"floor":26,"key":"Unceasing Top"}],"event_choices":[{"damage_healed":0,"gold_gain":0,"player_choice":"Success","damage_taken":3,"relics_obtained":["Replay:Bandana"],"max_hp_gain":0,"max_hp_loss":0,"event_name":"Scrap Ooze","floor":2,"gold_loss":0},{"damage_healed":0,"gold_gain":0,"player_choice":"Upgraded","damage_taken":0,"max_hp_gain":0,"max_hp_loss":0,"event_name":"Upgrade Shrine","floor":8,"gold_loss":0,"cards_upgraded":["Searing Blow"]},{"damage_healed":0,"gold_gain":0,"player_choice":"Box","damage_taken":0,"relics_obtained":["Question Card"],"max_hp_gain":0,"max_hp_loss":0,"event_name":"Big Fish","floor":13,"gold_loss":0,"cards_obtained":["Regret"]},{"damage_healed":0,"gold_gain":99,"player_choice":"Stole From Cult","damage_taken":0,"max_hp_gain":0,"max_hp_loss":0,"event_name":"Nest","floor":19,"gold_loss":0},{"damage_healed":0,"gold_gain":0,"player_choice":"Obtained Book","damage_taken":16,"max_hp_gain":0,"max_hp_loss":0,"event_name":"Cursed Tome","floor":20,"gold_loss":0},{"cards_removed":["Regret"],"damage_healed":0,"gold_gain":0,"player_choice":"Offered Curse","damage_taken":0,"relics_obtained":["Spirit Poop"],"max_hp_gain":0,"max_hp_loss":0,"event_name":"Bonfire Elementals","floor":21,"gold_loss":0}],"is_beta":false,"boss_relics":[{"not_picked":["Empty Cage","Fusion Hammer"],"picked":"Tiny House"}],"items_purged_floors":[5],"is_endless":false,"potions_floor_spawned":[1,4,12,14,16,22,24],"killed_by":"Snecko","ascension_level":0}}