{"host":"tljppfwplya481bc","time":1608795750,"event":{"mods":["BaseMod","Colored Map","Minty Spire (QoL Compilation)","Permanent Neow","Quick Restart"],"gold_per_floor":[117,117,48,62,73,73,88,88,115,132,149,167,179,189,189,293,293,313,238,238,328,180,180,18,43,70,70,82,101,151,78,78,78,78],"floor_reached":33,"playtime":1222,"items_purged":["Strike_R","Strike_R","Strike_R"],"score":259,"play_id":"af924365-6558-403c-a022-d9022cd6fe3f","local_time":"20201224164230","is_ascension_mode":false,"campfire_choices":[{"data":"Fire Breathing","floor":6.0,"key":"SMITH"},{"data":"Pommel Strike","floor":8.0,"key":"SMITH"},{"data":"Fire Breathing","floor":15.0,"key":"SMITH"},{"data":"Juggernaut","floor":23.0,"key":"SMITH"},{"floor":27,"key":"REST"},{"data":"Blood for Blood","floor":32,"key":"SMITH"}],"circlet_count":0,"master_deck":["Strike_R","Defend_R","Defend_R","Defend_R","Defend_R","Bash+1","Pommel Strike+1","Fire Breathing+1","Bloodletting","Wild Strike","Dropkick","Shrug It Off","Reaper","Fire Breathing+1","Intimidate","Headbutt","Juggernaut+1","Blood for Blood+1","Shockwave","Burning Pact","Body Slam+1"],"relics":["Burning Blood","Juzu Bracelet","Mark of Pain","Potion Belt","Anchor"],"acts_visited":["Exordium","TheCity"],"potions_floor_usage":[25,33],"damage_taken":[{"damage":2.0,"enemies":"2 Louse","floor":1.0,"turns":3.0},{"damage":1.0,"enemies":"Cultist","floor":4.0,"turns":3.0},{"damage":5.0,"enemies":"Small Slimes","floor":5.0,"turns":3.0},{"damage":8.0,"enemies":"Exordium Thugs","floor":7.0,"turns":4.0},{"damage":9.0,"enemies":"Lots of Slimes","floor":10.0,"turns":3.0},{"damage":20.0,"enemies":"Large Slime","floor":11.0,"turns":5.0},{"damage":20.0,"enemies":"Gremlin Gang","floor":12.0,"turns":4.0},{"damage":6.0,"enemies":"2 Fungi Beasts","floor":13.0,"turns":4.0},{"damage":8.0,"enemies":"Blue Slaver","floor":14.0,"turns":3.0},{"damage":39.0,"enemies":"The Guardian","floor":16.0,"turns":10.0},{"damage":7.0,"enemies":"Chosen","floor":18.0,"turns":4.0},{"damage":54,"enemies":"Slavers","floor":25,"turns":5},{"damage":2,"enemies":"Shell Parasite","floor":28,"turns":5},{"damage":0,"enemies":"Cultist and Chosen","floor":29,"turns":4},{"damage":73,"enemies":"Collector","floor":33,"turns":6}],"seed_played":"6335877784015916006","potions_obtained":[{"floor":4.0,"key":"FearPotion"},{"floor":5.0,"key":"Regen Potion"},{"floor":10.0,"key":"SkillPotion"},{"floor":16.0,"key":"LiquidMemories"},{"floor":29,"key":"Energy Potion"}],"is_trial":false,"path_per_floor":["M","?","$","M","M","R","M","R","T","M","M","M","M","M","R","B",null,"M","$","?","?","$","R","$","E","T","R","M","M","?","$","R","B"],"character_chosen":"IRONCLAD","items_purchased":["Fire Breathing","Explosive Potion","Shockwave","DuplicationPotion"],"campfire_rested":1,"item_purchase_floors":[3,22,24,31],"current_hp_per_floor":[80,80,80,80,80,80,78,78,78,75,61,62,66,70,70,41,80,79,79,79,67,67,67,67,19,19,43,53,59,59,59,59,0,0],"gold":78,"neow_bonus":"UPGRADE_CARD","is_daily":false,"chose_seed":false,"campfire_upgraded":5,"win_rate":0.0,"timestamp":1608795750,"path_taken":["M","?","$","M","M","R","M","R","T","M","M","M","M","M","R","BOSS","M","$","?","?","$","R","$","E","T","R","M","M","?","?","R","BOSS"],"items_purchased_type":["Card","Potion","Card","Potion"],"build_version":"2020-12-22","purchased_purges":3,"victory":false,"max_hp_per_floor":[80,80,80,80,80,80,80,80,80,80,80,80,80,80,80,80,80,80,80,80,80,80,80,80,80,80,80,80,80,80,80,80,80,80],"card_choices":[{"not_picked":["Thunderclap","Shrug It Off"],"picked":"Pommel Strike","floor":1.0},{"not_picked":["Carnage","Sword Boomerang"],"picked":"Bloodletting","floor":4.0},{"not_picked":["Havoc","Anger"],"picked":"Wild Strike","floor":5.0},{"not_picked":["Iron Wave","Clothesline"],"picked":"Dropkick","floor":7.0},{"not_picked":["Warcry","Flex"],"picked":"Shrug It Off","floor":10.0},{"not_picked":["Headbutt","Havoc"],"picked":"Reaper","floor":11.0},{"not_picked":["Rampage","Ghostly Armor"],"picked":"Fire Breathing","floor":12.0},{"not_picked":["Combust","Perfected Strike"],"picked":"Intimidate","floor":13.0},{"not_picked":["Intimidate","Shrug It Off"],"picked":"Headbutt","floor":14.0},{"not_picked":["Bludgeon","Reaper"],"picked":"Juggernaut","floor":16.0},{"not_picked":["Twin Strike","Thunderclap","Hemokinesis+1"],"picked":"SKIP","floor":18.0},{"not_picked":["Warcry","Sentinel","Intimidate"],"picked":"SKIP","floor":25},{"not_picked":["Fire Breathing","Body Slam"],"picked":"Burning Pact","floor":28},{"not_picked":["Dual Wield","Clash"],"picked":"Body Slam+1","floor":29}],"player_experience":159800,"relics_obtained":[{"floor":9.0,"key":"Juzu Bracelet"},{"floor":25,"key":"Potion Belt"},{"floor":26,"key":"Anchor"}],"event_choices":[{"cards_removed":["Strike_R"],"damage_healed":0.0,"max_hp_gain":0.0,"max_hp_loss":0.0,"gold_gain":0.0,"event_name":"Living Wall","player_choice":"Forget","floor":2.0,"gold_loss":0.0,"damage_taken":0.0},{"damage_healed":0.0,"max_hp_gain":0.0,"max_hp_loss":0.0,"gold_gain":0.0,"event_name":"The Library","player_choice":"Read","floor":20.0,"gold_loss":0.0,"damage_taken":0.0,"cards_obtained":["Blood for Blood"]},{"damage_healed":0.0,"max_hp_gain":0.0,"max_hp_loss":0.0,"gold_gain":90.0,"event_name":"Knowing Skull","player_choice":"GOLD ","floor":21.0,"potions_obtained":[],"gold_loss":0.0,"damage_taken":12.0,"cards_obtained":[]},{"damage_healed":0,"gold_gain":100,"player_choice":"Bet on Murderer","damage_taken":0,"max_hp_gain":0,"max_hp_loss":0,"event_name":"The Joust","floor":30,"gold_loss":50}],"is_beta":false,"boss_relics":[{"not_picked":["Black Star","Calling Bell"],"picked":"Mark of Pain"}],"items_purged_floors":[19,22,24],"is_endless":false,"potions_floor_spawned":[4,5,10,16,29],"killed_by":"Collector","ascension_level":0}}