{"host":"f5n4tidiz2n5sooh","time":1608788815,"event":{"mods":["BaseMod","Bestiary","Colored Map","Minty Spire (QoL Compilation)","Relic Stats","StSLib"],"gold_per_floor":[112,122,132,132,57,91,91,91,114,141,141,141,141,155,155,230,230,247,265,265,282,282,282,310,329,329,362,385,310,328,428,428,502,502,515,515,2,27,77,77,108,108,108,140,152,12,30,30,30,30,30,30],"floor_reached":51,"playtime":2351,"items_purged":["Strike_R"],"score":1573,"play_id":"f964e3df-2097-46d4-85e4-51668af96ed6","local_time":"20201223234655","is_ascension_mode":true,"campfire_choices":[{"data":"Inflame","floor":8,"key":"SMITH"},{"data":"Carnage","floor":13,"key":"SMITH"},{"data":"Flame Barrier","floor":15,"key":"SMITH"},{"data":"Shockwave","floor":23,"key":"SMITH"},{"floor":32,"key":"REST"},{"data":"Impervious","floor":40,"key":"SMITH"},{"data":"True Grit","floor":42,"key":"SMITH"},{"floor":49,"key":"RECALL"}],"circlet_count":0,"master_deck":["AscendersBane","Defend_R+1","Defend_R+1","Defend_R","Defend_R","Sword Boomerang","Inflame+1","Sword Boomerang","Carnage+1","Offering+1","Flame Barrier+1","Impervious+1","Pommel Strike","Dark Embrace","Shockwave+1","Sword Boomerang","True Grit+1","Limit Break+1","Fiend Fire","CurseOfTheBell","True Grit+1","Limit Break+1","Body Slam+1","Feed"],"relics":["Mark of Pain","Du-Vu Doll","Mercury Hourglass","Bag of Preparation","Pen Nib","Empty Cage","Art of War","Red Skull","Centennial Puzzle","Nunchaku","Magic Flower","Toxic Egg 2","Calling Bell","Potion Belt","Blue Candle","Mango","FossilizedHelix","DollysMirror","Bird Faced Urn","Omamori","War Paint"],"acts_visited":["Exordium","TheCity","TheBeyond"],"potions_floor_usage":[6,16,21,27,47,50,50,51,51],"damage_taken":[{"damage":1,"enemies":"Cultist","floor":1,"turns":3},{"damage":2,"enemies":"2 Louse","floor":2,"turns":4},{"damage":12,"enemies":"Small Slimes","floor":3,"turns":3},{"damage":4,"enemies":"Gremlin Nob","floor":6,"turns":3},{"damage":10,"enemies":"3 Sentries","floor":10,"turns":4},{"damage":0,"enemies":"2 Fungi Beasts","floor":14,"turns":2},{"damage":6,"enemies":"Hexaghost","floor":16,"turns":6},{"damage":6,"enemies":"Chosen","floor":18,"turns":3},{"damage":3,"enemies":"2 Thieves","floor":19,"turns":3},{"damage":6,"enemies":"Cultist and Chosen","floor":21,"turns":3},{"damage":21,"enemies":"Book of Stabbing","floor":24,"turns":5},{"damage":6,"enemies":"Snake Plant","floor":25,"turns":3},{"damage":8,"enemies":"Slavers","floor":27,"turns":3},{"damage":0,"enemies":"Centurion and Healer","floor":30,"turns":3},{"damage":14,"enemies":"Colosseum Slavers","floor":31,"turns":2},{"damage":7,"enemies":"Colosseum Nobs","floor":31,"turns":2},{"damage":23,"enemies":"Automaton","floor":33,"turns":6},{"damage":6,"enemies":"3 Darklings","floor":35,"turns":2},{"damage":6,"enemies":"Mind Bloom Boss Battle","floor":38,"turns":4},{"damage":5,"enemies":"Nemesis","floor":41,"turns":3},{"damage":21,"enemies":"Giant Head","floor":44,"turns":5},{"damage":0,"enemies":"3 Shapes","floor":45,"turns":2},{"damage":35,"enemies":"3 Darklings","floor":47,"turns":4},{"damage":43,"enemies":"Awakened One","floor":50,"turns":7},{"damage":21,"enemies":"Time Eater","floor":51,"turns":4}],"seed_played":"-8607286489489747543","potions_obtained":[{"floor":1,"key":"FearPotion"},{"floor":10,"key":"Fire Potion"},{"floor":14,"key":"PowerPotion"},{"floor":16,"key":"SteroidPotion"},{"floor":18,"key":"FairyPotion"},{"floor":21,"key":"Swift Potion"},{"floor":24,"key":"Block Potion"},{"floor":35,"key":"Weak Potion"},{"floor":38,"key":"Energy Potion"},{"floor":44,"key":"PowerPotion"},{"floor":48,"key":"Ancient Potion"},{"floor":48,"key":"BloodPotion"}],"is_trial":false,"path_per_floor":["M","M","M","T","$","E","?","R","T","E","?","?","R","M","R","B",null,"M","M","?","M","?","R","E","M","T","E","T","?","M","?","R","B",null,"M","?","$","?","?","R","E","R","T","E","M","$","M","?","R","B","B"],"character_chosen":"IRONCLAD","items_purchased":["FossilizedHelix","DollysMirror","Feed","Dexterity Potion"],"campfire_rested":1,"item_purchase_floors":[37,37,46,46],"current_hp_per_floor":[67,65,53,53,53,49,49,49,49,39,16,16,16,16,16,10,59,53,50,50,44,44,44,23,17,17,9,9,9,9,15,37,14,74,68,68,68,62,62,62,63,63,63,45,45,45,21,21,21,8,0,0],"gold":30,"neow_bonus":"BOSS_RELIC","is_daily":false,"chose_seed":false,"campfire_upgraded":6,"win_rate":0.0,"timestamp":1608788815,"path_taken":["M","M","M","?","$","E","?","R","T","E","?","?","R","?","R","BOSS","M","M","?","?","?","R","E","?","T","E","?","?","M","?","R","BOSS","M","?","$","?","?","R","E","R","T","E","?","$","M","?","R","BOSS","BOSS"],"items_purchased_type":["Relic","Relic","Card","Potion"],"build_version":"2020-12-22","purchased_purges":1,"victory":false,"max_hp_per_floor":[75,75,75,75,75,75,75,75,75,75,75,75,75,75,75,75,75,75,75,75,75,75,75,75,75,75,75,75,75,75,75,75,75,89,89,89,89,89,89,89,89,89,89,89,89,89,92,92,92,92,92,92],"relic_stats":{"Centennial Puzzle":[30],"Nunchaku":[6],"counters":[25,87],"Blue Candle":[0],"Bird Faced Urn":[27],"Magic Flower":[20],"Pen Nib":[10],"Bag of Preparation":[42],"Art of War":[4],"War Paint":["Defend_R","Offering"],"obtain_stats":[{"Potion Belt":34,"Blue Candle":34,"Magic Flower":31,"Mango":34,"Pen Nib":10,"Bag of Preparation":9,"Omamori":41,"War Paint":44,"Empty Cage":17,"Burning Blood":0,"Mercury Hourglass":6,"Du-Vu Doll":4,"Calling Bell":34,"Centennial Puzzle":27,"Nunchaku":28,"DollysMirror":37,"Bird Faced Urn":38,"Mark of Pain":0,"Art of War":24,"Toxic Egg 2":31,"Red Skull":26,"FossilizedHelix":37},{"Potion Belt":17,"Blue Candle":17,"Magic Flower":16,"Mango":17,"Pen Nib":5,"Bag of Preparation":4,"Omamori":20,"War Paint":21,"Empty Cage":7,"Burning Blood":0,"Mercury Hourglass":4,"Du-Vu Doll":3,"Calling Bell":17,"Centennial Puzzle":13,"Nunchaku":13,"DollysMirror":18,"Bird Faced Urn":19,"Mark of Pain":0,"Art of War":11,"Toxic Egg 2":16,"Red Skull":12,"FossilizedHelix":18},{"Potion Belt":56,"Blue Candle":56,"Magic Flower":50,"Mango":56,"Pen Nib":17,"Bag of Preparation":13,"Omamori":65,"War Paint":70,"Empty Cage":24,"Burning Blood":0,"Mercury Hourglass":13,"Du-Vu Doll":10,"Calling Bell":56,"Centennial Puzzle":43,"Nunchaku":43,"DollysMirror":58,"Bird Faced Urn":62,"Mark of Pain":0,"Art of War":38,"Toxic Egg 2":50,"Red Skull":41,"FossilizedHelix":58}],"Mercury Hourglass":[314]},"card_choices":[{"not_picked":["Iron Wave","Infernal Blade"],"picked":"Sword Boomerang","floor":1},{"not_picked":["Clothesline","Wild Strike"],"picked":"Inflame","floor":2},{"not_picked":["Havoc","Hemokinesis"],"picked":"Sword Boomerang","floor":3},{"not_picked":["Metallicize","Pommel Strike"],"picked":"Carnage","floor":6},{"not_picked":["Combust","Clash"],"picked":"Offering","floor":10},{"not_picked":["Thunderclap","True Grit"],"picked":"Flame Barrier","floor":14},{"not_picked":["Demon Form","Fiend Fire"],"picked":"Impervious","floor":16},{"not_picked":["Blood for Blood","Anger"],"picked":"Pommel Strike","floor":18},{"not_picked":["Headbutt","Warcry"],"picked":"Dark Embrace","floor":19},{"not_picked":["Clothesline","Flex"],"picked":"Shockwave","floor":21},{"not_picked":["Combust","Seeing Red+1","Wild Strike"],"picked":"SKIP","floor":24},{"not_picked":["Sword Boomerang","Anger+1","Clash+1"],"picked":"SKIP","floor":25},{"not_picked":["Anger+1","Clash+1"],"picked":"Sword Boomerang","floor":25},{"not_picked":["Clothesline+1","Sword Boomerang"],"picked":"True Grit","floor":27},{"not_picked":["Warcry","Armaments","Sever Soul"],"picked":"SKIP","floor":30},{"not_picked":["Headbutt","Anger"],"picked":"Limit Break+1","floor":31},{"not_picked":["Double Tap+1","Bludgeon"],"picked":"Fiend Fire","floor":33},{"not_picked":["Heavy Blade","Uppercut"],"picked":"True Grit+1","floor":35},{"not_picked":["Inflame","Combust","Sword Boomerang"],"picked":"SKIP","floor":41},{"not_picked":["Flex+1","Sword Boomerang"],"picked":"Body Slam+1","floor":44},{"not_picked":["Blood for Blood","Bloodletting+1","Sword Boomerang"],"picked":"SKIP","floor":45},{"not_picked":["Sword Boomerang","Juggernaut","Reckless Charge+1"],"picked":"SKIP","floor":47}],"player_experience":1924948,"relics_obtained":[{"floor":4,"key":"Du-Vu Doll"},{"floor":6,"key":"Mercury Hourglass"},{"floor":9,"key":"Bag of Preparation"},{"floor":10,"key":"Pen Nib"},{"floor":24,"key":"Art of War"},{"floor":26,"key":"Red Skull"},{"floor":27,"key":"Centennial Puzzle"},{"floor":28,"key":"Nunchaku"},{"floor":31,"key":"Magic Flower"},{"floor":31,"key":"Toxic Egg 2"},{"floor":34,"key":"Potion Belt"},{"floor":34,"key":"Blue Candle"},{"floor":34,"key":"Mango"},{"floor":38,"key":"Bird Faced Urn"},{"floor":41,"key":"Omamori"},{"floor":44,"key":"War Paint"}],"event_choices":[{"cards_removed":["Strike_R"],"damage_healed":0,"gold_gain":0,"player_choice":"Forget","damage_taken":0,"max_hp_gain":0,"max_hp_loss":0,"event_name":"Living Wall","floor":7,"gold_loss":0},{"damage_healed":0,"gold_gain":0,"player_choice":"Entered Light","damage_taken":23,"max_hp_gain":0,"max_hp_loss":0,"event_name":"Shining Light","floor":11,"gold_loss":0,"cards_upgraded":["Strike_R","Defend_R"]},{"damage_healed":0,"gold_gain":0,"player_choice":"Fled","damage_taken":0,"max_hp_gain":0,"max_hp_loss":0,"event_name":"Scrap Ooze","floor":12,"gold_loss":0},{"cards_removed":["Strike_R"],"damage_healed":0,"gold_gain":0,"player_choice":"Purged","damage_taken":0,"max_hp_gain":0,"max_hp_loss":0,"event_name":"Purifier","floor":20,"gold_loss":0},{"damage_healed":0,"gold_gain":0,"player_choice":"0 cards matched","damage_taken":0,"max_hp_gain":0,"max_hp_loss":0,"event_name":"Match and Keep!","floor":22,"gold_loss":0,"cards_obtained":[]},{"cards_removed":["Bash"],"damage_healed":0,"gold_gain":0,"player_choice":"Gave Gold","damage_taken":0,"max_hp_gain":0,"max_hp_loss":0,"event_name":"Beggar","floor":29,"gold_loss":75},{"damage_healed":0,"gold_gain":0,"player_choice":"Fight","damage_taken":0,"max_hp_gain":0,"max_hp_loss":0,"event_name":"Colosseum","floor":31,"gold_loss":0},{"damage_healed":0,"gold_gain":0,"player_choice":"Fought Nobs","damage_taken":0,"max_hp_gain":0,"max_hp_loss":0,"event_name":"Colosseum","floor":31,"gold_loss":0},{"damage_healed":0,"gold_gain":0,"player_choice":"Ignored","damage_taken":0,"max_hp_gain":0,"max_hp_loss":0,"event_name":"Tomb of Lord Red Mask","floor":36,"gold_loss":0},{"damage_healed":0,"gold_gain":0,"player_choice":"Fight","damage_taken":0,"max_hp_gain":0,"max_hp_loss":0,"event_name":"MindBloom","floor":38,"gold_loss":0},{"damage_healed":0,"gold_gain":50,"player_choice":"Pray","damage_taken":0,"max_hp_gain":0,"max_hp_loss":0,"event_name":"Golden Shrine","floor":39,"gold_loss":0},{"damage_healed":0,"gold_gain":0,"player_choice":"Got Potions","damage_taken":0,"max_hp_gain":0,"max_hp_loss":0,"event_name":"Lab","floor":48,"gold_loss":0}],"is_beta":false,"boss_relics":[{"not_picked":["Runic Pyramid","Velvet Choker"],"picked":"Empty Cage"},{"not_picked":["Busted Crown","Coffee Dripper"],"picked":"Calling Bell"}],"items_purged_floors":[5],"is_endless":false,"potions_floor_spawned":[1,10,14,16,18,21,24,31,35,38,44],"killed_by":"Time Eater","ascension_level":20}}