{"host":"nb3r5a3er9rrnn3n","time":1608808856,"event":{"mods":["BaseMod","Colored Map","Downfall","Minty Spire (QoL Compilation)","StSLib"],"gold_per_floor":[99,119,133,150,64,99,126,142,142,142,142],"floor_reached":9,"playtime":592,"items_purged":[],"score":79,"play_id":"9aadad0b-e5d4-4b1b-bf4c-719fddfb5107","local_time":"20201224222056","is_ascension_mode":true,"campfire_choices":[{"data":"champ:StanceDance","floor":1,"key":"SMITH"}],"circlet_count":0,"master_deck":["champ:Strike","champ:Strike","champ:Strike","champ:Defend","champ:Defend","champ:Defend","champ:Execute","champ:Taunt","champ:StanceDance+1","champ:Riposte","champ:Riposte","champ:CrookedStrike","champ:RageSigil","champ:Balance","champ:ViciousMockery"],"relics":["champ:ChampionCrown","Toy Ornithopter","Centennial Puzzle"],"acts_visited":["Exordium"],"potions_floor_usage":[6,9],"damage_taken":[{"damage":10,"enemies":"Cultist","floor":2,"turns":4},{"damage":5,"enemies":"Jaw Worm","floor":3,"turns":3},{"damage":8,"enemies":"Small Slimes","floor":4,"turns":3},{"damage":5,"enemies":"downfall:FleeingMerchant","floor":5,"turns":4},{"damage":77,"enemies":"Gremlin Nob","floor":6,"turns":6},{"damage":3,"enemies":"3 Louse","floor":8,"turns":3},{"damage":20,"enemies":"3 Sentries","floor":9,"turns":4}],"seed_played":"1590877832003925471","potions_obtained":[{"floor":3,"key":"PowerPotion"},{"floor":4,"key":"SmokeBomb"},{"floor":8,"key":"AttackPotion"}],"is_trial":false,"path_per_floor":["R","M","M","M","$","E","T","M","E"],"character_chosen":"THE_CHAMP","items_purchased":["champ:Balance"],"campfire_rested":0,"item_purchase_floors":[5],"current_hp_per_floor":[81,81,81,81,81,14,14,11,0,0,0],"gold":142,"neow_bonus":"TRANSFORM_TWO_CARDS","is_daily":false,"chose_seed":false,"campfire_upgraded":1,"win_rate":0.0,"timestamp":1608808856,"path_taken":["R","M","M","?","$","E","T","M","E"],"items_purchased_type":["Card"],"build_version":"2020-12-22","purchased_purges":0,"victory":false,"max_hp_per_floor":[81,81,81,81,81,81,81,81,81,81,81],"card_choices":[{"not_picked":["champ:RecklessLeap","champ:TornadoPunch"],"picked":"champ:Riposte","floor":2},{"not_picked":["champ:BerserkersShout","champ:FanOfKnives"],"picked":"champ:CrookedStrike","floor":3},{"not_picked":["champ:StanceDance","champ:SkillfulDodge"],"picked":"champ:RageSigil","floor":4},{"not_picked":["champ:StrikeOfGenius","champ:CrookedStrike","champ:RisingSlash"],"picked":"SKIP","floor":5},{"not_picked":["champ:Riposte","champ:FightOn","champ:CrookedStrike"],"picked":"SKIP","floor":6},{"not_picked":["champ:Aggression","champ:BladeFlurry"],"picked":"champ:ViciousMockery","floor":8}],"player_experience":1890741,"relics_obtained":[{"floor":6,"key":"Toy Ornithopter"},{"floor":7,"key":"Centennial Puzzle"}],"event_choices":[],"is_beta":false,"boss_relics":[],"items_purged_floors":[],"is_endless":false,"potions_floor_spawned":[3,4,8],"killed_by":"3 Sentries","ascension_level":5}}