{"host":"a1nxc06byga320ye","time":1608843988,"event":{"mods":["AchievementEnabler","BaseMod","Colored Map","Minty Spire (QoL Compilation)","Rare Cards Sparkle","Replay The Spire","StSLib","SuperFastMode","The Bug Knight","The Disciple"],"gold_per_floor":[109,109,122,139,155,181,181,194,194,194,194,227,255,220,220,357,357,385,310,334,381,413,413,464,464,464,168,212,212,276,312,312,422,422,469,691,260,324,371,371,411,411,411,460,498,498,348,376,376,388,388,388,213,253,267],"floor_reached":56,"playtime":5420,"items_purged":["Strike_R","Strike_R","Strike_R","Defend_R","Defend_R"],"score":1305,"play_id":"859e9d89-2553-42f5-bde7-4f4e84d77638","local_time":"20201224150628","is_ascension_mode":false,"campfire_choices":[{"floor":7,"key":"RECALL"},{"data":"ReplayTheSpireMod:Limb From Limb","floor":15,"key":"SMITH"},{"floor":23,"key":"REST"},{"data":"Heavy Blade","floor":25,"key":"SMITH"},{"data":"1","floor":32,"key":"LIFT"},{"data":"2","floor":40,"key":"LIFT"},{"data":"3","floor":42,"key":"LIFT"},{"data":"Berserk","floor":46,"key":"SMITH"},{"data":"Pot Of Greed","floor":49,"key":"SMITH"},{"data":"Pot Of Greed","floor":52,"key":"SMITH"}],"circlet_count":0,"master_deck":["Strike_R","Defend_R+1","Defend_R","Bash","Massacre","ReplayTheSpireMod:Limb From Limb+1","Flex","Flex","Hemokinesis","Heavy Blade+1","Spot Weakness+1","Injury","Pommel Strike","Brutality","Cleave","Rage+1","Rage","Spot Weakness+1","Reaper","HandOfGreed","Pommel Strike+1","Uppercut+1","Berserk","Berserk+1","Heavy Blade+1","Burning Pact","Pot Of Greed+1","Pot Of Greed+1","Pot Of Greed","Dropkick","Spot Weakness+1","Rupture+1","Disarm+1"],"relics":["Burning Blood","Ring of Misfortune","HollowMod:PaleOreRelic","Bloody Idol","Replay:Bandana","Honey Jar","Red Mask","War Paint","Iron Hammer","Girya","Mark of Pain","PreservedInsect","HandDrill","Calipers","Grinning Jar","King of Hearts","Snack Pack","Gremlin Food"],"acts_visited":["Exordium","TheCity","TheBeyond","TheEnding"],"potions_floor_usage":[30,30,30,55,55,55],"damage_taken":[{"damage":7,"enemies":"Small Slimes","floor":1,"turns":6},{"damage":0,"enemies":"2 Louse","floor":3,"turns":2},{"damage":5,"enemies":"Jaw Worm","floor":4,"turns":4},{"damage":9,"enemies":"Blue Slaver","floor":5,"turns":5},{"damage":21,"enemies":"3 Sentries","floor":6,"turns":6},{"damage":10,"enemies":"2 Fungi Beasts","floor":8,"turns":3},{"damage":52,"enemies":"Gremlin Nob","floor":12,"turns":5},{"damage":6,"enemies":"Exordium Wildlife","floor":13,"turns":3},{"damage":22,"enemies":"Hexaghost","floor":16,"turns":8},{"damage":29,"enemies":"Shell Parasite","floor":18,"turns":4},{"damage":0,"enemies":"Chosen","floor":20,"turns":3},{"damage":31,"enemies":"Masked Bandits","floor":21,"turns":4},{"damage":14,"enemies":"Snecko","floor":22,"turns":4},{"damage":23,"enemies":"HollowMod:Nosk","floor":24,"turns":7},{"damage":8,"enemies":"Snake Plant","floor":28,"turns":3},{"damage":0,"enemies":"Slavers","floor":30,"turns":3},{"damage":0,"enemies":"3 Cultists","floor":31,"turns":3},{"damage":23,"enemies":"Collector","floor":33,"turns":8},{"damage":0,"enemies":"Orb Walker","floor":35,"turns":3},{"damage":0,"enemies":"Mind Bloom Boss Battle","floor":38,"turns":4},{"damage":2,"enemies":"3 Shapes","floor":39,"turns":3},{"damage":0,"enemies":"HollowMod:StalkingDevout","floor":41,"turns":4},{"damage":0,"enemies":"Reptomancer","floor":44,"turns":2},{"damage":0,"enemies":"Transient","floor":45,"turns":5},{"damage":4,"enemies":"Maw","floor":48,"turns":5},{"damage":46,"enemies":"Donu and Deca","floor":50,"turns":7},{"damage":8,"enemies":"Shield and Spear","floor":54,"turns":3},{"damage":128,"enemies":"The Heart","floor":55,"turns":7}],"seed_played":"-8434239366547643022","potions_obtained":[{"floor":1,"key":"ColorlessPotion"},{"floor":3,"key":"SkillPotion"},{"floor":6,"key":"DistilledChaos"},{"floor":16,"key":"CultistPotion"},{"floor":18,"key":"Languid Potion"},{"floor":28,"key":"Adrenaline Potion"},{"floor":31,"key":"BloodPotion"},{"floor":33,"key":"Cursed Concoction"},{"floor":35,"key":"Swift Potion"}],"is_trial":false,"path_per_floor":["M","?","M","M","M","E","R","M","T","?","?","E","M","?","R","B",null,"M","$","M","?","M","R","E","R","T","$","M","?","E","M","R","B",null,"M","?","$","?","M","R","E","R","T","E","M","R","$","M","R","B",null,"R","$","E","B",null],"character_chosen":"IRONCLAD","items_purchased":["HandOfGreed","PreservedInsect","HandDrill"],"campfire_rested":1,"item_purchase_floors":[27,37,37],"current_hp_per_floor":[79,79,80,80,77,62,62,58,58,58,58,12,12,32,32,16,80,57,57,63,38,30,54,37,37,37,37,44,44,55,80,80,80,80,80,80,80,80,80,80,80,80,80,80,80,80,80,80,80,50,80,80,80,80,10],"gold":267,"neow_bonus":"TRANSFORM_CARD","is_daily":false,"chose_seed":false,"campfire_upgraded":5,"win_rate":0.0,"timestamp":1608843988,"path_taken":["M","?","M","M","M","E","R","M","T","?","?","E","M","?","R","BOSS","M","$","M","?","M","R","E","R","T","$","M","?","E","M","R","BOSS","M","?","$","?","M","R","E","R","T","E","M","R","?","?","R","BOSS","R","$","E","BOSS"],"items_purchased_type":["Card","Relic","Relic"],"build_version":"2020-12-22","purchased_purges":5,"victory":true,"max_hp_per_floor":[80,80,80,80,80,80,80,80,80,80,80,80,80,80,80,80,80,80,80,80,80,80,80,80,80,80,80,80,80,80,80,80,80,80,80,80,80,80,80,80,80,80,80,80,80,80,80,80,80,80,80,80,80,80,80],"card_choices":[{"not_picked":["Rupture","Iron Wave"],"picked":"ReplayTheSpireMod:Limb From Limb","floor":1},{"not_picked":["Perfected Strike","Clash"],"picked":"Flex","floor":3},{"not_picked":["Rampage","Dropkick"],"picked":"Flex","floor":4},{"not_picked":["Warcry","Infernal Blade"],"picked":"Hemokinesis","floor":5},{"not_picked":["ReplayTheSpireMod:Corrosion Curse","Armaments"],"picked":"Heavy Blade","floor":6},{"not_picked":["Flex","Clothesline"],"picked":"Spot Weakness","floor":8},{"not_picked":["Offering","Clothesline"],"picked":"Pommel Strike","floor":12},{"not_picked":["Warcry","Dual Wield","Twin Strike"],"picked":"SKIP","floor":13},{"not_picked":["Corruption","Demonic Infusion"],"picked":"Brutality","floor":16},{"not_picked":["Clash+1","Twin Strike","Replay:Undeath\u0027s Touch+1"],"picked":"Cleave","floor":18},{"not_picked":["Clash","ReplayTheSpireMod:Strike From Hell+1","Thunderclap"],"picked":"Rage+1","floor":20},{"not_picked":["Perfected Strike","Feel No Pain","Sword Boomerang"],"picked":"Rage","floor":21},{"not_picked":["Armaments","Metallicize","Twin Strike"],"picked":"Spot Weakness+1","floor":22},{"not_picked":["Feel No Pain","Infernal Blade","Iron Wave"],"picked":"Reaper","floor":24},{"not_picked":["Body Slam+1","Thunderclap","Iron Wave+1"],"picked":"Pommel Strike+1","floor":28},{"not_picked":["Searing Blow+1","Anger","Run Through"],"picked":"Uppercut+1","floor":30},{"not_picked":["Pummel","Headbutt","Clash"],"picked":"Berserk","floor":31},{"not_picked":["Juggernaut","Barricade","Feed"],"picked":"Berserk","floor":33},{"not_picked":["Warcry","Run Through+1","Combust+1"],"picked":"Heavy Blade+1","floor":35},{"not_picked":["Carnage+1","Cleave+1","Sword Boomerang"],"picked":"Burning Pact","floor":39},{"not_picked":["ReplayTheSpireMod:Strike From Hell+1","ReplayTheSpireMod:Corrosion Curse+1","Bludgeon"],"picked":"Dropkick","floor":41},{"not_picked":["Defy Death","Clash","Twin Strike"],"picked":"Spot Weakness+1","floor":44},{"not_picked":["Warcry","Bloodletting+1","Anger"],"picked":"Rupture+1","floor":45},{"not_picked":["Iron Wave+1","Life Link+1","Bloodletting","Perfected Strike"],"picked":"SKIP","floor":48},{"not_picked":["Uppercut+1","Twin Strike+1","Body Slam"],"picked":"Disarm+1","floor":54}],"player_experience":74099,"relics_obtained":[{"floor":2,"key":"Ring of Misfortune"},{"floor":6,"key":"HollowMod:PaleOreRelic"},{"floor":12,"key":"Replay:Bandana"},{"floor":21,"key":"Red Mask"},{"floor":24,"key":"War Paint"},{"floor":26,"key":"Iron Hammer"},{"floor":30,"key":"Girya"},{"floor":38,"key":"Calipers"},{"floor":41,"key":"Grinning Jar"},{"floor":43,"key":"King of Hearts"},{"floor":44,"key":"Snack Pack"},{"floor":54,"key":"Gremlin Food"}],"event_choices":[{"damage_healed":0,"gold_gain":0,"player_choice":"Take Wound","damage_taken":0,"relics_obtained":["Golden Idol"],"max_hp_gain":0,"max_hp_loss":0,"event_name":"Golden Idol","floor":10,"gold_loss":0,"cards_obtained":["Injury"]},{"damage_healed":0,"gold_gain":0,"player_choice":"Ignored","damage_taken":0,"max_hp_gain":0,"max_hp_loss":0,"event_name":"Liars Game","floor":11,"gold_loss":0},{"damage_healed":20,"gold_gain":0,"player_choice":"Healed","damage_taken":0,"max_hp_gain":0,"max_hp_loss":0,"event_name":"The Cleric","floor":14,"gold_loss":35},{"damage_healed":0,"gold_gain":0,"player_choice":"Fought Bandits","damage_taken":0,"max_hp_gain":0,"max_hp_loss":0,"event_name":"Masked Bandits","floor":21,"gold_loss":0},{"damage_healed":0,"gold_gain":0,"player_choice":"Gave Idol","damage_taken":0,"relics_obtained":["Bloody Idol"],"max_hp_gain":0,"max_hp_loss":0,"event_name":"Forgotten Altar","floor":29,"relics_lost":["Golden Idol"],"gold_loss":0},{"damage_healed":0,"gold_gain":222,"player_choice":"Wore Mask","damage_taken":0,"max_hp_gain":0,"max_hp_loss":0,"event_name":"Tomb of Lord Red Mask","floor":36,"gold_loss":0},{"damage_healed":0,"gold_gain":0,"player_choice":"Fight","damage_taken":0,"max_hp_gain":0,"max_hp_loss":0,"event_name":"MindBloom","floor":38,"gold_loss":0}],"is_beta":false,"boss_relics":[{"not_picked":["Tiny House","Coffee Dripper"],"picked":"Honey Jar"},{"not_picked":["Fusion Hammer","Calling Bell"],"picked":"Mark of Pain"}],"items_purged_floors":[19,27,37,47,53],"is_endless":false,"potions_floor_spawned":[1,3,6,13,16,18,28,31,33,35,44,45,48],"ascension_level":0}}