{"host":"b0ld7eylq5gzg1l4","time":1608784909,"event":{"mods":["2.2 Compatiblity","BaseMod","Downfall","Hermit","Key Reminder","Minty Spire (QoL Compilation)","Permanent Neow","Shade Mod","StSLib","The Accelerator","The Clintock","The Construct","The Cursed","The Disciple","The Runesmith"],"gold_per_floor":[110,110,35,51,71,100,116,129,156,167,201,201,212,247,247,351,351,365,365,365,37,52,52,84,84,133,162,262,289,289,300,300,395,395,413,413,67,81,95,120,134,162,237,32,59,59,59,109,109,109,109,109,22,56,56],"floor_reached":56,"playtime":4246,"items_purged":["Parasite","Regret","Writhe","Pain"],"score":1719,"play_id":"b180eaf1-5416-41e9-9650-16c35ed1e8e3","local_time":"20201223234149","is_ascension_mode":true,"campfire_choices":[{"data":"hermit:Dive","floor":15,"key":"SMITH"},{"data":"hermit:CursedWeapon","floor":23,"key":"SMITH"},{"data":"hermit:WideOpen","floor":25,"key":"SMITH"},{"data":"hermit:HighNoon","floor":30,"key":"SMITH"},{"data":"hermit:FullyLoaded","floor":32,"key":"SMITH"},{"data":"hermit:Brawl","floor":47,"key":"SMITH"},{"floor":49,"key":"RECALL"},{"data":"hermit:Quickdraw","floor":52,"key":"SMITH"}],"circlet_count":0,"master_deck":["hermit:Strike_Hermit+1","hermit:Defend_Hermit+1","hermit:Defend_Hermit+1","hermit:Defend_Hermit+1","hermit:Defend_Hermit+1","hermit:Snapshot+1","hermit:Covet","hermit:Dive+1","hermit:Quickdraw","hermit:GhostlyPresence","hermit:WideOpen+1","hermit:Horror","hermit:HeroicBravado","hermit:PistolWhip","hermit:HighNoon+1","hermit:CursedWeapon+1","hermit:FullyLoaded+1","hermit:Quickdraw+1","hermit:Maintenance+1","hermit:HeroicBravado","hermit:Horror","hermit:Brawl+1","hermit:Quickdraw+1","expansioncontent:Collect"],"relics":["hermit:Momento","Centennial Puzzle","Bag of Marbles","Blood Vial","TungstenRod","Busted Crown","WarpedTongs","Strange Spoon","StrikeDummy","Strawberry","Smiling Mask","hermit:CharredGlove","Darkstone Periapt","Lizard Tail","Sozu","Calipers","Runesmith:Nanobots","Juzu Bracelet","Molten Egg 2","OrangePellets","Gambling Chip","Bird Faced Urn","HornCleat"],"acts_visited":["Exordium","TheCity","TheBeyond","TheEnding"],"potions_floor_usage":[6,14,16,16,16,18,18,27,28,33,39],"damage_taken":[{"damage":0,"enemies":"Cultist","floor":1,"turns":4},{"damage":0,"enemies":"Small Slimes","floor":4,"turns":4},{"damage":0,"enemies":"2 Louse","floor":5,"turns":3},{"damage":1,"enemies":"3 Sentries","floor":6,"turns":10},{"damage":0,"enemies":"Large Slime","floor":7,"turns":5},{"damage":0,"enemies":"Exordium Thugs","floor":8,"turns":2},{"damage":1,"enemies":"Blue Slaver","floor":10,"turns":4},{"damage":3,"enemies":"Lagavulin","floor":11,"turns":5},{"damage":0,"enemies":"Exordium Wildlife","floor":13,"turns":2},{"damage":1,"enemies":"3 Sentries","floor":14,"turns":7},{"damage":19,"enemies":"Hexaghost","floor":16,"turns":10},{"damage":0,"enemies":"2 Thieves","floor":18,"turns":4},{"damage":3,"enemies":"Shell Parasite","floor":22,"turns":8},{"damage":1,"enemies":"Book of Stabbing","floor":24,"turns":5},{"damage":15,"enemies":"Gremlin Leader","floor":27,"turns":11},{"damage":1,"enemies":"Colosseum Slavers","floor":28,"turns":3},{"damage":1,"enemies":"Colosseum Nobs","floor":28,"turns":3},{"damage":18,"enemies":"Slavers","floor":29,"turns":3},{"damage":2,"enemies":"Snake Plant","floor":31,"turns":4},{"damage":2,"enemies":"Collector","floor":33,"turns":6},{"damage":7,"enemies":"3 Darklings","floor":35,"turns":20},{"damage":1,"enemies":"3 Shapes","floor":38,"turns":4},{"damage":23,"enemies":"Sphere and 2 Shapes","floor":39,"turns":8},{"damage":1,"enemies":"Giant Head","floor":40,"turns":7},{"damage":2,"enemies":"4 Shapes","floor":41,"turns":8},{"damage":26,"enemies":"Reptomancer","floor":42,"turns":18},{"damage":2,"enemies":"Giant Head","floor":45,"turns":5},{"damage":1,"enemies":"Mind Bloom Boss Battle","floor":48,"turns":3},{"damage":1,"enemies":"Donu and Deca","floor":50,"turns":7},{"damage":1,"enemies":"Shield and Spear","floor":54,"turns":5},{"damage":2,"enemies":"The Heart","floor":55,"turns":6}],"seed_played":"4327174060872928152","potions_obtained":[{"floor":1,"key":"LiquidMemories"},{"floor":10,"key":"EntropicBrew"},{"floor":13,"key":"EssenceOfSteel"},{"floor":14,"key":"Block Potion"},{"floor":16,"key":"LiquidMemories"},{"floor":24,"key":"Swift Potion"},{"floor":28,"key":"hermit:Eclipse"},{"floor":31,"key":"SteroidPotion"},{"floor":33,"key":"Block Potion"}],"is_trial":false,"path_per_floor":["M","?","$","M","M","E","M","M","T","M","E","?","M","E","R","B",null,"M","?","?","$","M","R","E","R","T","E","?","E","R","M","R","B",null,"M","?","$","M","M","E","M","E","T","$","E","?","R","?","R","B",null,"R","$","E","B",null],"character_chosen":"HERMIT","items_purchased":["Strange Spoon","hermit:CursedWeapon","Calipers","OrangePellets","expansioncontent:Collect"],"campfire_rested":0,"item_purchase_floors":[21,21,37,44,53],"current_hp_per_floor":[75,60,60,60,60,59,59,59,59,58,55,55,57,58,58,41,72,72,72,72,72,69,69,70,70,77,64,66,50,50,50,50,50,79,72,85,85,84,62,63,63,39,39,39,39,39,39,40,40,45,85,85,85,85,84],"gold":56,"neow_bonus":"TRANSFORM_TWO_CARDS","is_daily":false,"chose_seed":false,"campfire_upgraded":7,"win_rate":0.0,"timestamp":1608784909,"path_taken":["M","?","$","M","M","E","M","M","T","M","E","?","M","E","R","BOSS","M","?","?","$","?","R","E","R","T","E","?","E","R","M","R","BOSS","M","?","$","M","M","E","M","E","T","$","E","?","R","?","R","BOSS","R","$","E","BOSS"],"items_purchased_type":["Relic","Card","Relic","Relic","Card"],"build_version":"2020-12-22","purchased_purges":4,"victory":true,"max_hp_per_floor":[75,75,72,72,72,72,72,72,72,72,72,72,72,72,72,72,72,72,72,72,72,72,72,72,72,79,79,79,79,79,79,79,79,79,79,85,85,85,85,85,85,85,85,85,85,85,85,85,85,85,85,85,85,85,85],"card_choices":[{"not_picked":["hermit:Desperado","hermit:Combo"],"picked":"hermit:GhostlyPresence","floor":1},{"not_picked":["hermit:ItchyTrigger","hermit:Manifest","hermit:Coalescence"],"picked":"SKIP","floor":4},{"not_picked":["hermit:Quickdraw","hermit:Vantage"],"picked":"hermit:WideOpen","floor":5},{"not_picked":["hermit:Snipe","hermit:Glare"],"picked":"hermit:Horror","floor":6},{"not_picked":["hermit:TakeCover","hermit:LowProfile","hermit:Misfire"],"picked":"SKIP","floor":7},{"not_picked":["hermit:Snipe","hermit:HoleUp"],"picked":"hermit:HeroicBravado","floor":8},{"not_picked":["hermit:LowProfile","hermit:Roulette"],"picked":"hermit:PistolWhip","floor":10},{"not_picked":["hermit:DeadMansHand","hermit:Ricochet","hermit:Headshot"],"picked":"SKIP","floor":11},{"not_picked":["hermit:Cheat","hermit:Ricochet","hermit:Manifest"],"picked":"SKIP","floor":13},{"not_picked":["hermit:CalledShot","hermit:DeadMansHand","hermit:Manifest"],"picked":"SKIP","floor":14},{"not_picked":["hermit:DeadOrAlive","hermit:BlackWind"],"picked":"hermit:HighNoon","floor":16},{"not_picked":["hermit:ItchyTrigger"],"picked":"SKIP","floor":18},{"not_picked":["hermit:Glare+1"],"picked":"SKIP","floor":22},{"not_picked":["hermit:Misfire+1"],"picked":"SKIP","floor":24},{"not_picked":["hermit:FullyLoaded"],"picked":"SKIP","floor":27},{"not_picked":[],"picked":"hermit:FullyLoaded","floor":27},{"not_picked":[],"picked":"hermit:Quickdraw","floor":28},{"not_picked":[],"picked":"hermit:Maintenance+1","floor":29},{"not_picked":["hermit:Headshot"],"picked":"SKIP","floor":31},{"not_picked":[],"picked":"hermit:HeroicBravado","floor":33},{"not_picked":[],"picked":"hermit:Horror","floor":35},{"not_picked":["hermit:Headshot+1"],"picked":"SKIP","floor":38},{"not_picked":["hermit:Coalescence"],"picked":"SKIP","floor":39},{"not_picked":["hermit:ShadowCloak"],"picked":"SKIP","floor":40},{"not_picked":[],"picked":"hermit:Brawl","floor":41},{"not_picked":["hermit:Misfire"],"picked":"SKIP","floor":42},{"not_picked":["hermit:ItchyTrigger+1"],"picked":"SKIP","floor":45},{"not_picked":["hermit:ItchyTrigger+1"],"picked":"SKIP","floor":45},{"not_picked":[],"picked":"hermit:Quickdraw+1","floor":48},{"not_picked":["hermit:Headshot+1"],"picked":"SKIP","floor":54}],"player_experience":736108,"relics_obtained":[{"floor":6,"key":"Centennial Puzzle"},{"floor":11,"key":"Bag of Marbles"},{"floor":14,"key":"TungstenRod"},{"floor":24,"key":"StrikeDummy"},{"floor":26,"key":"Strawberry"},{"floor":27,"key":"Smiling Mask"},{"floor":28,"key":"hermit:CharredGlove"},{"floor":28,"key":"Darkstone Periapt"},{"floor":29,"key":"Lizard Tail"},{"floor":40,"key":"Runesmith:Nanobots"},{"floor":42,"key":"Juzu Bracelet"},{"floor":43,"key":"Molten Egg 2"},{"floor":45,"key":"Gambling Chip"},{"floor":48,"key":"Bird Faced Urn"},{"floor":54,"key":"HornCleat"}],"event_choices":[{"damage_healed":0,"gold_gain":0,"player_choice":"Entered Light","damage_taken":15,"max_hp_gain":0,"max_hp_loss":0,"event_name":"Shining Light","floor":2,"gold_loss":0,"cards_upgraded":["hermit:Strike_Hermit","hermit:Snapshot"]},{"damage_healed":0,"gold_gain":0,"player_choice":"Box","damage_taken":0,"relics_obtained":["Blood Vial"],"max_hp_gain":0,"max_hp_loss":0,"event_name":"Big Fish","floor":12,"gold_loss":0,"cards_obtained":["Regret"]},{"damage_healed":0,"gold_gain":0,"player_choice":"Simplicity","damage_taken":0,"max_hp_gain":0,"max_hp_loss":0,"event_name":"Back to Basics","floor":19,"gold_loss":0,"cards_upgraded":["hermit:Strike_Hermit","hermit:Defend_Hermit","hermit:Defend_Hermit","hermit:Defend_Hermit","hermit:Defend_Hermit"]},{"damage_healed":0,"gold_gain":0,"player_choice":"Rummage","damage_taken":0,"relics_obtained":["WarpedTongs"],"max_hp_gain":0,"max_hp_loss":0,"event_name":"Accursed Blacksmith","floor":20,"gold_loss":0,"cards_obtained":["Pain"]},{"damage_healed":0,"gold_gain":0,"player_choice":"Fight","damage_taken":0,"max_hp_gain":0,"max_hp_loss":0,"event_name":"Colosseum","floor":28,"gold_loss":0},{"damage_healed":0,"gold_gain":0,"player_choice":"Fought Nobs","damage_taken":0,"max_hp_gain":0,"max_hp_loss":0,"event_name":"Colosseum","floor":28,"gold_loss":0},{"damage_healed":20,"gold_gain":0,"player_choice":"Writhe","damage_taken":0,"max_hp_gain":0,"max_hp_loss":0,"event_name":"Winding Halls","floor":36,"gold_loss":0,"cards_obtained":["Writhe"]},{"cards_removed":["hermit:Strike_Hermit"],"damage_healed":0,"gold_gain":0,"player_choice":"Removed Attack","damage_taken":0,"max_hp_gain":0,"max_hp_loss":0,"event_name":"Falling","floor":46,"gold_loss":0},{"damage_healed":0,"gold_gain":0,"player_choice":"Fight","damage_taken":0,"max_hp_gain":0,"max_hp_loss":0,"event_name":"MindBloom","floor":48,"gold_loss":0}],"is_beta":false,"boss_relics":[{"not_picked":["Empty Cage","Runic Pyramid"],"picked":"Busted Crown"},{"not_picked":["Philosopher\u0027s Stone","expansioncontent:StudyCardRelic"],"picked":"Sozu"}],"items_purged_floors":[3,21,37,44],"is_endless":false,"potions_floor_spawned":[1,10,13,14,16,24,28,28,31,33,39,45,48],"ascension_level":2}}