{"host":"sum4dy402bbv9y4o","time":1608840216,"event":{"mods":["Aspiration","BaseMod","Conspire","Highlight Path","Minty Spire (QoL Compilation)","StSLib"],"gold_per_floor":[117,117,137,53,53,53,2,2,2,2,35,47,4,39,39,112,112,125,136,146,162,178,178,210,105,185,23,40,40,40,59,59,135,135,151,151,165,36,61,95,107,119,158,205,217,240,252,280,292,304,316,316],"floor_reached":51,"playtime":2346,"items_purged":["Strike_P","Strike_P","Defend_P"],"score":1566,"play_id":"c06b6a75-032a-423f-a0ca-8648bb252782","local_time":"20201224230336","is_ascension_mode":true,"campfire_choices":[{"data":"Vigilance","floor":6,"key":"SMITH"},{"data":"SashWhip","floor":8,"key":"SMITH"},{"floor":15,"key":"REST"},{"floor":23,"key":"REST"},{"floor":29,"key":"REST"},{"floor":32,"key":"REST"},{"floor":41,"key":"REST"},{"floor":45,"key":"REST"},{"floor":47,"key":"REST"},{"data":"TalkToTheHand","floor":49,"key":"SMITH"}],"circlet_count":0,"master_deck":["AscendersBane","Strike_P","Strike_P+1","Defend_P+1","Defend_P","Defend_P","Eruption+1","Vigilance+1","SashWhip+1","FlyingSleeves+1","MentalFortress","SashWhip+1","FearNoEvil","Vengeance","LikeWater","FearNoEvil+1","LessonLearned","FlurryOfBlows","FlurryOfBlows+1","Halt","FlurryOfBlows+1","Perseverance+1","EmptyBody","Protect","LikeWater","Mayhem","EmptyFist+1","Establishment","Protect","Perseverance","TalkToTheHand+1"],"relics":["PureWater","aspiration:Lifesprig","aspiration:SeaSaltIceCream","Bag of Preparation","Mango","Bag of Marbles","Black Star","Smiling Mask","aspiration:Nostalgia","Cracked Core","aspiration:StickyExplosives","SlaversCollar","conspire:GiftBox","MawBank","aspiration:HatOfInfinitePower","Mummified Hand","MealTicket","Ancient Tea Set","Thread and Needle"],"acts_visited":["Exordium","TheCity","TheBeyond"],"potions_floor_usage":[11,16,19,19,20,31,33,33,40,51,51],"damage_taken":[{"damage":4,"enemies":"Small Slimes","floor":1,"turns":2},{"damage":1,"enemies":"Cultist","floor":3,"turns":3},{"damage":21,"enemies":"Lagavulin","floor":11,"turns":3},{"damage":0,"enemies":"Jaw Worm","floor":12,"turns":2},{"damage":26,"enemies":"3 Sentries","floor":14,"turns":5},{"damage":0,"enemies":"Slime Boss","floor":16,"turns":5},{"damage":0,"enemies":"conspire:FuzzyDice","floor":18,"turns":5},{"damage":21,"enemies":"Spheric Guardian","floor":19,"turns":4},{"damage":0,"enemies":"Cultist and Chosen","floor":20,"turns":3},{"damage":33,"enemies":"Snake Plant","floor":21,"turns":5},{"damage":0,"enemies":"Centurion and Healer","floor":22,"turns":4},{"damage":24,"enemies":"Book of Stabbing","floor":24,"turns":5},{"damage":0,"enemies":"Cultist and Chosen","floor":28,"turns":5},{"damage":4,"enemies":"Snake Plant","floor":31,"turns":4},{"damage":0,"enemies":"Collector","floor":33,"turns":2},{"damage":3,"enemies":"3 Darklings","floor":35,"turns":4},{"damage":24,"enemies":"Orb Walker","floor":37,"turns":4},{"damage":4,"enemies":"Mind Bloom Boss Battle","floor":39,"turns":7},{"damage":15,"enemies":"Nemesis","floor":40,"turns":8},{"damage":24,"enemies":"Giant Head","floor":44,"turns":6},{"damage":18,"enemies":"Transient","floor":46,"turns":6},{"damage":6,"enemies":"3 Darklings","floor":48,"turns":3},{"damage":50,"enemies":"conspire:OrnateMirror","floor":50,"turns":21},{"damage":19,"enemies":"Awakened One","floor":51,"turns":3}],"seed_played":"-5262011389811038964","potions_obtained":[{"floor":1,"key":"BottledMiracle"},{"floor":10,"key":"Weak Potion"},{"floor":12,"key":"LiquidBronze"},{"floor":14,"key":"FearPotion"},{"floor":18,"key":"Block Potion"},{"floor":19,"key":"Fire Potion"},{"floor":24,"key":"BottledMiracle"},{"floor":31,"key":"SteroidPotion"},{"floor":35,"key":"Ancient Potion"},{"floor":48,"key":"SteroidPotion"}],"is_trial":false,"path_per_floor":["M","?","M","$","T","R","$","R","T","?","E","M","$","E","R","B",null,"M","M","M","M","M","R","E","$","T","$","M","R","?","M","R","B",null,"M","?","M","$","?","E","R","T","T","E","R","M","R","M","R","B","B"],"character_chosen":"WATCHER","items_purchased":["MentalFortress","SashWhip","LikeWater","Block Potion","PowerPotion","Protect","Regen Potion"],"campfire_rested":7,"item_purchase_floors":[4,7,13,25,27,27,38],"current_hp_per_floor":[57,57,56,56,56,56,56,56,56,56,49,49,49,23,47,47,73,73,52,52,19,19,43,19,19,19,19,19,43,38,34,58,58,76,73,73,49,49,45,45,69,69,69,45,69,51,75,69,69,19,0,0],"gold":316,"neow_bonus":"UPGRADE_CARD","is_daily":false,"chose_seed":false,"campfire_upgraded":3,"win_rate":0.0,"timestamp":1608840216,"path_taken":["M","?","M","$","?","R","$","R","T","?","E","?","$","E","R","BOSS","M","M","M","M","M","R","E","$","T","$","M","R","?","M","R","BOSS","M","?","M","$","?","E","R","?","T","E","R","M","R","?","R","BOSS","BOSS"],"items_purchased_type":["Card","Card","Card","Potion","Potion","Card","Potion"],"build_version":"2020-12-22","purchased_purges":3,"victory":false,"max_hp_per_floor":[68,68,68,68,68,68,68,68,68,68,82,82,82,82,82,82,82,82,82,82,82,82,82,82,82,82,82,82,82,82,82,82,82,82,82,82,82,82,82,82,82,82,82,82,82,82,82,82,82,82,82,82],"card_choices":[{"not_picked":["SandsOfTime","ThirdEye"],"picked":"SashWhip","floor":1},{"not_picked":["EmptyMind","ReachHeaven"],"picked":"FlyingSleeves","floor":3},{"not_picked":["SashWhip","ForeignInfluence"],"picked":"FearNoEvil","floor":11},{"not_picked":["Collect","CarveReality"],"picked":"Vengeance","floor":12},{"not_picked":["SandsOfTime","Consecrate"],"picked":"FearNoEvil","floor":14},{"not_picked":["Wish","Blasphemy"],"picked":"LessonLearned","floor":16},{"not_picked":["BowlingBash","CutThroughFate"],"picked":"FlurryOfBlows","floor":18},{"not_picked":["FearNoEvil","FollowUp"],"picked":"FlurryOfBlows","floor":19},{"not_picked":["Weave","FollowUp"],"picked":"Halt","floor":20},{"not_picked":["InnerPeace","Pray"],"picked":"FlurryOfBlows+1","floor":21},{"not_picked":["Pray","Prostrate"],"picked":"Perseverance","floor":22},{"not_picked":["Judgement","Consecrate"],"picked":"EmptyBody","floor":24},{"not_picked":["CrushJoints","CutThroughFate","ForeignInfluence"],"picked":"SKIP","floor":28},{"not_picked":["JustLucky","WaveOfTheHand"],"picked":"LikeWater","floor":31},{"not_picked":["Protect","Sanctity","JustLucky+1"],"picked":"SKIP","floor":35},{"not_picked":["Dark Shackles","Jack Of All Trades"],"picked":"Mayhem","floor":36},{"not_picked":["Evaluate+1","Fasting2"],"picked":"EmptyFist+1","floor":37},{"not_picked":["Judgement","Vault"],"picked":"Establishment","floor":39},{"not_picked":["BowlingBash","Scrawl"],"picked":"Protect","floor":39},{"not_picked":["Halt+1","BowlingBash"],"picked":"Perseverance","floor":40},{"not_picked":["FlyingSleeves","CrushJoints","EmptyFist"],"picked":"SKIP","floor":44},{"not_picked":["Pray+1","DeceiveReality+1"],"picked":"TalkToTheHand","floor":46},{"not_picked":["ClearTheMind","Worship","Sanctity+1"],"picked":"SKIP","floor":48}],"player_experience":2838305,"relics_obtained":[{"floor":5,"key":"aspiration:Lifesprig"},{"floor":9,"key":"aspiration:SeaSaltIceCream"},{"floor":11,"key":"Mango"},{"floor":14,"key":"Bag of Marbles"},{"floor":24,"key":"Smiling Mask"},{"floor":24,"key":"aspiration:Nostalgia"},{"floor":26,"key":"aspiration:StickyExplosives"},{"floor":39,"key":"conspire:GiftBox"},{"floor":40,"key":"MawBank"},{"floor":40,"key":"aspiration:HatOfInfinitePower"},{"floor":42,"key":"Mummified Hand"},{"floor":43,"key":"MealTicket"},{"floor":44,"key":"Ancient Tea Set"},{"floor":44,"key":"Thread and Needle"}],"event_choices":[{"damage_healed":0,"gold_gain":0,"player_choice":"Upgraded","damage_taken":0,"max_hp_gain":0,"max_hp_loss":0,"event_name":"Upgrade Shrine","floor":2,"gold_loss":0,"cards_upgraded":["SashWhip"]},{"damage_healed":0,"gold_gain":0,"player_choice":"Got Potions","damage_taken":0,"max_hp_gain":0,"max_hp_loss":0,"event_name":"Lab","floor":10,"gold_loss":0},{"damage_healed":0,"gold_gain":0,"player_choice":"Leave","damage_taken":0,"max_hp_gain":0,"max_hp_loss":0,"event_name":"conspire:Investor","floor":30,"gold_loss":0},{"damage_healed":0,"gold_gain":0,"player_choice":"Memory 1","damage_taken":0,"max_hp_gain":0,"max_hp_loss":0,"event_name":"SensoryStone","floor":36,"gold_loss":0},{"damage_healed":0,"gold_gain":0,"player_choice":"Fight","damage_taken":0,"max_hp_gain":0,"max_hp_loss":0,"event_name":"MindBloom","floor":39,"gold_loss":0}],"is_beta":false,"boss_relics":[{"not_picked":["aspiration:PoetsPen","conspire:SeveredTorchhead"],"picked":"Black Star"},{"not_picked":["Tiny House","aspiration:BursterCore"],"picked":"SlaversCollar"}],"items_purged_floors":[25,27,38],"is_endless":false,"potions_floor_spawned":[1,12,14,18,19,24,31,35,48],"killed_by":"Awakened One","ascension_level":20}}