{"host":"x565ttcahk6mfbvs","time":1608816120,"event":{"mods":["AchievementEnabler","BaseMod","BetterRewards","Downfall","Minty Spire (QoL Compilation)","Permanent Neow","Remove Card Discount Mod","StSLib","UnlockEverythingMod"],"gold_per_floor":[119,269,269,289,306,306,102,47,47,79,79,79,79],"floor_reached":12,"playtime":678,"items_purged":["Strike_R","Strike_R","Doubt"],"score":152,"play_id":"8b05539e-09f4-4313-8107-aa7ba915f621","local_time":"20201224072200","is_ascension_mode":true,"campfire_choices":[{"floor":6,"key":"REST"},{"data":"Armaments","floor":11,"key":"SMITH"}],"circlet_count":0,"master_deck":["AscendersBane","Strike_R","Strike_R+1","Strike_R","Defend_R+1","Defend_R","Defend_R","Defend_R","Bash","Iron Wave","Iron Wave","Metallicize","Armaments+1","Second Wind","Shrug It Off","Metallicize","Armaments"],"relics":["Burning Blood","Peace Pipe","Calipers","DollysMirror","Matryoshka","Bag of Marbles"],"acts_visited":["Exordium"],"potions_floor_usage":[5,5,5,10,10],"damage_taken":[{"damage":18,"enemies":"Jaw Worm","floor":1,"turns":6},{"damage":4,"enemies":"Small Slimes","floor":4,"turns":6},{"damage":16,"enemies":"Cultist","floor":5,"turns":8},{"damage":29,"enemies":"3 Sentries","floor":10,"turns":20},{"damage":25,"enemies":"Lagavulin","floor":12,"turns":10}],"seed_played":"-980343031011999075","potions_obtained":[{"floor":4,"key":"EntropicBrew"},{"floor":5,"key":"FearPotion"}],"is_trial":false,"path_per_floor":["M","?","?","M","M","R","$","?","T","E","R","E"],"character_chosen":"IRONCLAD","items_purchased":["Calipers","DollysMirror","Metallicize","Armaments","Shrug It Off","Metallicize","Block Potion"],"campfire_rested":1,"item_purchase_floors":[0,0,0,0,7,7,7],"current_hp_per_floor":[56,56,33,35,25,47,47,47,47,24,24,0,0],"gold":79,"neow_bonus":"","is_daily":false,"chose_seed":false,"campfire_upgraded":1,"win_rate":0.0,"timestamp":1608816120,"path_taken":["M","?","?","M","M","R","$","?","T","E","R","E"],"items_purchased_type":["Relic","Relic","Card","Card","Card","Card","Potion"],"build_version":"2020-12-22","purchased_purges":3,"victory":false,"max_hp_per_floor":[75,75,75,75,75,75,75,75,75,75,75,75,75],"card_choices":[{"not_picked":["Hemokinesis","Heavy Blade","Warcry"],"picked":"SKIP","floor":1},{"not_picked":["Perfected Strike","Blood for Blood","Combust"],"picked":"SKIP","floor":4},{"not_picked":["Shockwave","Whirlwind"],"picked":"Second Wind","floor":5},{"not_picked":["Warcry","Flex"],"picked":"Armaments","floor":10}],"player_experience":278946,"relics_obtained":[{"floor":9,"key":"Matryoshka"},{"floor":10,"key":"Bag of Marbles"}],"event_choices":[{"damage_healed":0,"gold_gain":150,"player_choice":"AGREE","damage_taken":0,"max_hp_gain":0,"max_hp_loss":0,"event_name":"Liars Game","floor":2,"gold_loss":0,"cards_obtained":["Doubt"]},{"damage_healed":0,"gold_gain":0,"player_choice":"Entered Light","damage_taken":23,"max_hp_gain":0,"max_hp_loss":0,"event_name":"Shining Light","floor":3,"gold_loss":0,"cards_upgraded":["Strike_R","Defend_R"]},{"damage_healed":0,"gold_gain":0,"player_choice":"Left Gold","damage_taken":0,"max_hp_gain":0,"max_hp_loss":0,"event_name":"World of Goop","floor":8,"gold_loss":55}],"is_beta":false,"boss_relics":[],"items_purged_floors":[0,0,7],"is_endless":false,"potions_floor_spawned":[4,5],"killed_by":"Lagavulin","ascension_level":20}}