{"host":"6pgtslebjnyv5xmi","time":1608818096,"event":{"mods":["AchievementEnabler","BaseMod","Colored Map","Minty Spire (QoL Compilation)","Rare Cards Sparkle","StSLib","SuperFastMode","The Dragon Tamer","everything is the same but u backflip on backflip"],"gold_per_floor":[117,117,117,117,82,157,184,184,184,184,217,270,292,320,329,440,440,464,541,562,344,366,366,407,407,407,416,13,35,134,156,156,156,156],"floor_reached":33,"playtime":1391,"items_purged":["Strike_B"],"score":385,"play_id":"96b72093-4603-43fe-9c3d-620babd1a3f5","local_time":"20201224225456","is_ascension_mode":true,"campfire_choices":[{"data":"Zap","floor":8,"key":"SMITH"},{"data":"Consume","floor":10,"key":"SMITH"},{"floor":15,"key":"REST"},{"data":"Dualcast","floor":23,"key":"SMITH"},{"floor":25,"key":"REST"},{"floor":27,"key":"REST"},{"data":"Double Energy","floor":32,"key":"SMITH"}],"circlet_count":0,"master_deck":["Strike_B","Defend_B","Defend_B","Defend_B","Defend_B","Zap+1","Dualcast+1","Consume+1","Hologram","Reinforced Body","Glacier","Ball Lightning","Rebound","Electrodynamics","Undo","Defragment+1","Consume+1","Lockon","Hologram+1","Electrodynamics+1","Double Energy+1","Cold Snap"],"relics":["Cracked Core","NeowsBlessing","Symbiotic Virus","Juzu Bracelet","Strawberry","Shuriken","Dream Catcher","CeramicFish","Empty Cage","Frozen Egg 2","Lantern","Happy Flower","White Beast Statue","Mummified Hand"],"acts_visited":["Exordium","TheCity"],"potions_floor_usage":[24,24,29,33,33],"damage_taken":[{"damage":0.0,"enemies":"2 Louse","floor":1.0,"turns":1.0},{"damage":0,"enemies":"Gremlin Nob","floor":7,"turns":1},{"damage":0,"enemies":"Lagavulin","floor":11,"turns":1},{"damage":0,"enemies":"Cultist","floor":13,"turns":3},{"damage":7,"enemies":"Jaw Worm","floor":14,"turns":3},{"damage":60,"enemies":"The Guardian","floor":16,"turns":14},{"damage":26,"enemies":"2 Thieves","floor":18,"turns":3},{"damage":19,"enemies":"Spheric Guardian","floor":20,"turns":5},{"damage":0,"enemies":"Cultist and Chosen","floor":22,"turns":4},{"damage":26,"enemies":"Slavers","floor":24,"turns":6},{"damage":4,"enemies":"3 Cultists","floor":29,"turns":4},{"damage":2,"enemies":"Chosen and Byrds","floor":31,"turns":3},{"damage":79,"enemies":"Champ","floor":33,"turns":8}],"seed_played":"1275121769484725110","potions_obtained":[{"floor":13,"key":"Swift Potion"},{"floor":20,"key":"SpeedPotion"},{"floor":24,"key":"Fire Potion"},{"floor":29,"key":"PotionOfCapacity"},{"floor":31,"key":"SpeedPotion"}],"is_trial":false,"path_per_floor":["M","?","$","?","$","?","E","R","T","R","E","T","M","M","R","B",null,"M","T","M","$","M","R","E","R","T","R","$","M","?","M","R","B"],"character_chosen":"DEFECT","items_purchased":["Consume","Lantern","Mummified Hand","Electrodynamics+1"],"campfire_rested":3,"item_purchase_floors":[5,21,28,28],"current_hp_per_floor":[75,68,68,68,68,61,68,68,68,68,68,68,68,61,82,22,82,56,56,37,37,37,37,11,35,35,59,59,55,55,53,53,0,0],"gold":156,"neow_bonus":"THREE_ENEMY_KILL","is_daily":false,"chose_seed":false,"campfire_upgraded":4,"win_rate":0.0,"timestamp":1608818096,"path_taken":["M","?","$","?","$","?","E","R","T","R","E","?","M","M","R","BOSS","M","?","M","$","M","R","E","R","T","R","$","M","?","M","R","BOSS"],"items_purchased_type":["Card","Relic","Relic","Card"],"build_version":"2020-12-22","purchased_purges":1,"victory":false,"max_hp_per_floor":[75,75,75,75,75,75,82,82,82,82,82,82,82,82,82,82,82,82,82,82,82,82,82,82,82,82,82,82,82,82,82,82,82,82],"card_choices":[{"not_picked":["Compile Driver","Coolheaded"],"picked":"Turbo","floor":1.0},{"not_picked":["Steam","Go for the Eyes"],"picked":"Hologram","floor":7},{"not_picked":["Recycle","Beam Cell"],"picked":"Reinforced Body","floor":11},{"not_picked":["Steam","Turbo"],"picked":"Glacier","floor":13},{"not_picked":["Consume","Hello World"],"picked":"Ball Lightning","floor":14},{"not_picked":["Ball Lightning","White Noise"],"picked":"Rebound","floor":15},{"not_picked":["Fission","Hyperbeam"],"picked":"Electrodynamics","floor":16},{"not_picked":["Ball Lightning","Leap"],"picked":"Undo","floor":18},{"not_picked":["Consume","Static Discharge+1"],"picked":"Defragment+1","floor":20},{"not_picked":["Double Energy","Chill"],"picked":"Consume+1","floor":22},{"not_picked":["Meteor Strike","Conserve Battery"],"picked":"Lockon","floor":24},{"not_picked":["Aggregate","Consume"],"picked":"Hologram+1","floor":27},{"not_picked":["Steam","Conserve Battery"],"picked":"Double Energy","floor":29},{"not_picked":["Coolheaded","Glacier"],"picked":"Cold Snap","floor":31}],"player_experience":458976,"relics_obtained":[{"floor":7,"key":"Strawberry"},{"floor":9,"key":"Shuriken"},{"floor":11,"key":"Dream Catcher"},{"floor":12,"key":"CeramicFish"},{"floor":19,"key":"Frozen Egg 2"},{"floor":24,"key":"Happy Flower"},{"floor":26,"key":"White Beast Statue"}],"event_choices":[{"damage_healed":0.0,"max_hp_gain":0.0,"max_hp_loss":0.0,"gold_gain":0.0,"event_name":"Scrap Ooze","player_choice":"Success","floor":2.0,"gold_loss":0.0,"damage_taken":7.0,"relics_obtained":["Symbiotic Virus"]},{"cards_removed":["Turbo"],"damage_healed":0.0,"max_hp_gain":0.0,"max_hp_loss":0.0,"gold_gain":0.0,"event_name":"WeMeetAgain","player_choice":"Gave Card","floor":4.0,"gold_loss":0.0,"damage_taken":0.0,"relics_obtained":["Juzu Bracelet"]},{"damage_healed":0,"gold_gain":75,"player_choice":"Touch","damage_taken":7,"max_hp_gain":0,"max_hp_loss":0,"event_name":"FaceTrader","floor":6,"gold_loss":0},{"damage_healed":0,"gold_gain":99,"player_choice":"Stole From Cult","damage_taken":0,"max_hp_gain":0,"max_hp_loss":0,"event_name":"Nest","floor":30,"gold_loss":0}],"is_beta":false,"boss_relics":[{"not_picked":["Coffee Dripper","Fusion Hammer"],"picked":"Empty Cage"}],"items_purged_floors":[21],"is_endless":false,"potions_floor_spawned":[13,20,24,29,31],"killed_by":"Champ","ascension_level":4}}