{"host":"f5gffvlv6a66yqkd","time":1608822636,"event":{"mods":["2.2 Compatiblity","BaseMod","Colored Map","DeckTracker","Keyboard Shortcuts","Minty Spire (QoL Compilation)","Permanent Neow","Quick Restart","Relic Stats","StSLib","SuperFastMode"],"gold_per_floor":[109,28,103,20,20,20,37,37,62,80,80,92,105,30,30,108,108,123,142,162,87,106,106,119,119,119,44,44,44,62,77,77,77,77],"floor_reached":33,"playtime":653,"items_purged":["Strike_B"],"score":478,"play_id":"87baee20-2e2b-44ce-adfb-6bbb69d8bd95","local_time":"20201225001036","is_ascension_mode":true,"campfire_choices":[{"data":"Dualcast","floor":6.0,"key":"SMITH"},{"data":"Genetic Algorithm","floor":8.0,"key":"SMITH"},{"data":"Loop","floor":11.0,"key":"SMITH"},{"data":"Rainbow","floor":15.0,"key":"SMITH"},{"data":"Self Repair","floor":23.0,"key":"SMITH"},{"data":"Multi-Cast","floor":25.0,"key":"SMITH"},{"data":"Hologram","floor":32.0,"key":"SMITH"}],"circlet_count":0,"master_deck":["AscendersBane","Strike_B","Defend_B","Defend_B","Defend_B","Defend_B","Zap","Dualcast+1","Doom and Gloom","Self Repair+1","Genetic Algorithm+1","Sweeping Beam","Rainbow+1","Multi-Cast+1","Loop+1","Chill","Meteor Strike","Coolheaded+1","Hologram+1","Core Surge","Leap+1","Coolheaded+1","Compile Driver","Barrage"],"relics":["Cracked Core","NeowsBlessing","Strawberry","Snecko Eye","Omamori"],"acts_visited":["Exordium","TheCity"],"potions_floor_usage":[],"damage_taken":[{"damage":0.0,"enemies":"Cultist","floor":1.0,"turns":1.0},{"damage":0.0,"enemies":"Jaw Worm","floor":7.0,"turns":1.0},{"damage":0.0,"enemies":"Small Slimes","floor":10.0,"turns":1.0},{"damage":6.0,"enemies":"Looter","floor":12.0,"turns":3.0},{"damage":4.0,"enemies":"Red Slaver","floor":13.0,"turns":4.0},{"damage":49.0,"enemies":"Slime Boss","floor":16.0,"turns":10.0},{"damage":23.0,"enemies":"Chosen","floor":18.0,"turns":4.0},{"damage":13.0,"enemies":"3 Byrds","floor":19.0,"turns":5.0},{"damage":0.0,"enemies":"Snecko","floor":20.0,"turns":5.0},{"damage":3.0,"enemies":"Centurion and Healer","floor":22.0,"turns":5.0},{"damage":7.0,"enemies":"Snake Plant","floor":24.0,"turns":4.0},{"damage":0.0,"enemies":"Snecko","floor":30.0,"turns":3.0},{"damage":11.0,"enemies":"Shelled Parasite and Fungi","floor":31.0,"turns":4.0},{"damage":0,"enemies":"Champ","floor":33,"turns":1}],"seed_played":"-8781675167992378211","potions_obtained":[{"floor":7.0,"key":"Weak Potion"},{"floor":13.0,"key":"BlessingOfTheForge"},{"floor":31.0,"key":"FocusPotion"}],"is_trial":false,"path_per_floor":["M","$","?","$","?","R","M","R","T","M","R","M","M","?","R","B",null,"M","M","M","$","M","R","M","R","T","?","?","?","M","M","R","B"],"character_chosen":"DEFECT","items_purchased":["Self Repair","Genetic Algorithm"],"campfire_rested":0,"item_purchase_floors":[2,4],"current_hp_per_floor":[64,64,53,53,53,53,53,53,60,60,60,54,50,50,50,8,61,45,39,39,39,43,43,36,36,36,36,36,36,46,45,45,45,45],"gold":77,"neow_bonus":"THREE_ENEMY_KILL","is_daily":false,"chose_seed":false,"campfire_upgraded":7,"win_rate":0.0,"timestamp":1608822636,"path_taken":["M","?","?","$","?","R","M","R","T","M","R","M","?","?","R","BOSS","M","M","M","$","M","R","M","R","T","?","?","?","M","M","R","BOSS"],"items_purchased_type":["Card","Card"],"build_version":"2020-12-22","purchased_purges":1,"victory":false,"max_hp_per_floor":[71,71,71,71,71,71,71,71,78,78,78,78,78,78,78,78,78,78,78,78,78,78,78,78,78,78,78,78,78,78,78,78,78,78],"relic_stats":{"counters":[14,50],"Snecko Eye":[47,49,41,79],"obtain_stats":[{"NeowsBlessing":0,"Strawberry":9,"Snecko Eye":17,"Omamori":26,"Cracked Core":0},{"NeowsBlessing":0,"Strawberry":2,"Snecko Eye":6,"Omamori":11,"Cracked Core":0},{"NeowsBlessing":0,"Strawberry":2,"Snecko Eye":20,"Omamori":43,"Cracked Core":0}]},"card_choices":[{"not_picked":["Streamline","Barrage"],"picked":"Doom and Gloom","floor":1.0},{"not_picked":["Steam","Go for the Eyes"],"picked":"Multi-Cast","floor":7.0},{"not_picked":["Hologram","Sweeping Beam"],"picked":"Loop","floor":10.0},{"not_picked":["Ball Lightning","Scrape"],"picked":"Chill","floor":12.0},{"not_picked":["Leap","Gash","Sweeping Beam"],"picked":"SKIP","floor":13.0},{"not_picked":["Hyperbeam","Buffer"],"picked":"Meteor Strike","floor":16.0},{"not_picked":["Conserve Battery+1","Redo"],"picked":"Coolheaded+1","floor":18.0},{"not_picked":["Reprogram","Coolheaded"],"picked":"Hologram","floor":19.0},{"not_picked":["Consume","Defragment"],"picked":"Core Surge","floor":20.0},{"not_picked":["Rip and Tear","Stack"],"picked":"Leap+1","floor":22.0},{"not_picked":["Conserve Battery","Cold Snap","Chaos"],"picked":"SKIP","floor":24.0},{"not_picked":["Rebound","Consume+1"],"picked":"Compile Driver","floor":30.0},{"not_picked":["Gash+1","Rip and Tear"],"picked":"Barrage","floor":31.0}],"player_experience":1479744,"relics_obtained":[{"floor":9.0,"key":"Strawberry"},{"floor":26.0,"key":"Omamori"}],"event_choices":[{"damage_healed":0.0,"max_hp_gain":0.0,"max_hp_loss":0.0,"gold_gain":75.0,"event_name":"World of Goop","player_choice":"Gather Gold","floor":3.0,"gold_loss":0.0,"damage_taken":11.0},{"damage_healed":0.0,"max_hp_gain":0.0,"max_hp_loss":0.0,"gold_gain":0.0,"event_name":"Match and Keep!","player_choice":"2 cards matched","floor":5.0,"gold_loss":0.0,"damage_taken":0.0,"cards_obtained":["Sweeping Beam","Rainbow"]},{"cards_removed":["Strike_B"],"damage_healed":0.0,"max_hp_gain":0.0,"max_hp_loss":0.0,"gold_gain":0.0,"event_name":"The Cleric","player_choice":"Card Removal","floor":14.0,"gold_loss":75.0,"damage_taken":0.0},{"cards_removed":["Strike_B"],"damage_healed":0.0,"max_hp_gain":0.0,"max_hp_loss":0.0,"gold_gain":0.0,"event_name":"Beggar","player_choice":"Gave Gold","floor":27.0,"gold_loss":75.0,"damage_taken":0.0},{"damage_healed":0.0,"max_hp_gain":0.0,"max_hp_loss":0.0,"gold_gain":0.0,"event_name":"Ghosts","player_choice":"Ignored","floor":28.0,"gold_loss":0.0,"damage_taken":0.0},{"damage_healed":0.0,"max_hp_gain":0.0,"max_hp_loss":0.0,"gold_gain":0.0,"event_name":"Duplicator","player_choice":"Copied","floor":29.0,"gold_loss":0.0,"damage_taken":0.0,"cards_obtained":["Coolheaded"]}],"is_beta":false,"boss_relics":[{"not_picked":["Inserter","Runic Dome"],"picked":"Snecko Eye"}],"items_purged_floors":[21],"is_endless":false,"potions_floor_spawned":[7,13,18,19,20,31],"killed_by":"Champ","ascension_level":20}}