{"host":"0jile2yd1dg679g0","time":1608773388,"event":{"mods":["AchievementEnabler","Act Like it!","BaseMod","Better Third Choice","Colored Map","Colored Powertips","Gensokyo","Hermit","Luminous","Marisa????????","Minty Spire (QoL Compilation)","Random Character Button","Spicy Shops","StSLib","The Servant 0.9.4","Transform Curses","Waifu the Spire"],"gold_per_floor":[110,35,35,35,52,52,80,5,84,111,76,76,95,120,120,223,223,239,239,239,259,0,0,0,0,24,40,68,68,83,33,33,131,131,131,81,81,81],"floor_reached":37,"playtime":3578,"items_purged":["Regret","Shame","Writhe"],"score":475,"play_id":"3e28e831-68ca-4c4d-bba4-94502f44ea9d","local_time":"20201223202948","is_ascension_mode":true,"campfire_choices":[{"data":"Neutralize","floor":6.0,"key":"SMITH"},{"floor":12.0,"key":"REST"},{"data":"Blur","floor":15.0,"key":"SMITH"},{"data":"Venomology","floor":23,"key":"SMITH"},{"data":"Bite","floor":25,"key":"SMITH"},{"data":"Bouncing Flask","floor":29,"key":"SMITH"},{"data":"Prepared","floor":32,"key":"SMITH"}],"circlet_count":0,"master_deck":["Defend_G","Defend_G","Defend_G","Defend_G","Defend_G","Survivor","Neutralize+1","Flying Knee","PiercingWail","Blur+1","Well Laid Plans","Backstab+1","Venomology+1","Bouncing Flask+1","Bite+1","Bite","Bite","Bite","Bite","Bouncing Flask+1","Prepared+1","Glass Knife"],"relics":["Ring of the Snake","Lizard Tail","Eternal Feather","PreservedInsect","Kunai","Gremlin Horn","Whetstone","Busted Crown","Nunchaku","Ninja Scroll","Smiling Mask","Omamori","Centennial Puzzle","Cursed Key"],"acts_visited":["Exordium","TheCity","TheBeyond"],"potions_floor_usage":[21,27,27,28,30,33,33,35,37],"damage_taken":[{"damage":6.0,"enemies":"Cultist","floor":1.0,"turns":6.0},{"damage":2.0,"enemies":"Jaw Worm","floor":5.0,"turns":5.0},{"damage":54.0,"enemies":"3 Sentries","floor":7.0,"turns":11.0},{"damage":13.0,"enemies":"Gremlin Nob","floor":10.0,"turns":5.0},{"damage":2.0,"enemies":"2 Louse","floor":13.0,"turns":3.0},{"damage":23.0,"enemies":"The Guardian","floor":16.0,"turns":20.0},{"damage":0,"enemies":"3 Byrds","floor":18,"turns":8},{"damage":9,"enemies":"Chosen","floor":21,"turns":5},{"damage":3,"enemies":"Centurion and Healer","floor":27,"turns":7},{"damage":22,"enemies":"Gremlin Leader","floor":28,"turns":8},{"damage":7,"enemies":"Snecko","floor":30,"turns":4},{"damage":56,"enemies":"Collector","floor":33,"turns":11},{"damage":0,"enemies":"3 Darklings","floor":35,"turns":1},{"damage":55,"enemies":"Orin","floor":37,"turns":8}],"seed_played":"-5402134373805826465","potions_obtained":[{"floor":5.0,"key":"Fruit Juice"},{"floor":10.0,"key":"EssenceOfSteel"},{"floor":18,"key":"PowerPotion"},{"floor":30,"key":"CunningPotion"}],"is_trial":false,"path_per_floor":["M","$","?","?","M","R","E","$","T","E","?","R","M","T","R","B",null,"M","?","?","M","$","R","?","R","T","M","E","R","M","$","R","B",null,"M","$","?"],"character_chosen":"THE_SILENT","items_purchased":["PreservedInsect","Ninja Scroll"],"campfire_rested":1,"item_purchase_floors":[8,22],"current_hp_per_floor":[64,64,69,69,67,67,18,18,18,5,25,58,56,56,65,42,80,80,80,56,51,51,56,56,56,56,56,38,50,52,52,56,15,56,56,56,6,6],"gold":81,"neow_bonus":"ONE_RARE_RELIC","is_daily":false,"chose_seed":false,"campfire_upgraded":6,"win_rate":0.0,"timestamp":1608773388,"path_taken":["M","$","?","?","M","R","E","$","T","E","?","R","M","?","R","BOSS","M","?","?","M","$","R","?","R","T","M","E","R","M","?","R","BOSS","M","$","?"],"items_purchased_type":["Relic","Relic"],"build_version":"2020-12-22","purchased_purges":3,"victory":false,"max_hp_per_floor":[70,70,75,75,75,75,80,80,80,80,80,80,80,80,80,80,80,80,80,56,56,56,56,56,56,56,56,56,56,56,56,56,56,56,56,56,56,56],"card_choices":[{"not_picked":["Outmaneuver","Underhanded Strike"],"picked":"Flying Knee","floor":1.0},{"not_picked":["Endless Agony","Quick Slash"],"picked":"PiercingWail","floor":5.0},{"not_picked":["Deflect","Endless Agony"],"picked":"Blur","floor":7.0},{"not_picked":["Outmaneuver","Dodge and Roll"],"picked":"Well Laid Plans","floor":10.0},{"not_picked":["Endless Agony","Deflect"],"picked":"Backstab","floor":13.0},{"not_picked":["Die Die Die","Burst"],"picked":"Venomology","floor":16.0},{"not_picked":[],"picked":"Bouncing Flask+1","floor":18},{"not_picked":["Deflect"],"picked":"SKIP","floor":21},{"not_picked":[],"picked":"Bouncing Flask","floor":27},{"not_picked":["Dagger Spray"],"picked":"SKIP","floor":28},{"not_picked":[],"picked":"Prepared","floor":30},{"not_picked":[],"picked":"Glass Knife","floor":33}],"player_experience":211587,"relics_obtained":[{"floor":7.0,"key":"Eternal Feather"},{"floor":9.0,"key":"Kunai"},{"floor":10.0,"key":"Gremlin Horn"},{"floor":14.0,"key":"Whetstone"},{"floor":26,"key":"Omamori"},{"floor":28,"key":"Centennial Puzzle"}],"event_choices":[{"damage_healed":0.0,"max_hp_gain":5.0,"max_hp_loss":0.0,"gold_gain":0.0,"event_name":"Big Fish","player_choice":"Donut","floor":3.0,"gold_loss":0.0,"damage_taken":0.0},{"damage_healed":0.0,"max_hp_gain":0.0,"max_hp_loss":0.0,"gold_gain":0.0,"event_name":"Golden Idol","player_choice":"Ignored","floor":4.0,"gold_loss":0.0,"damage_taken":0.0},{"damage_healed":20.0,"max_hp_gain":0.0,"max_hp_loss":0.0,"gold_gain":0.0,"event_name":"The Cleric","player_choice":"Healed","floor":11.0,"gold_loss":35.0,"damage_taken":0.0},{"damage_healed":0,"gold_gain":0,"player_choice":"Opened","damage_taken":0,"relics_obtained":["Nunchaku"],"max_hp_gain":0,"max_hp_loss":0,"event_name":"The Mausoleum","floor":19,"gold_loss":0,"cards_obtained":["Writhe"]},{"damage_healed":0,"gold_gain":0,"player_choice":"Became a vampire","damage_taken":0,"max_hp_gain":0,"max_hp_loss":24,"event_name":"Vampires","floor":20,"gold_loss":0,"cards_obtained":["Bite","Bite","Bite","Bite","Bite"]},{"damage_healed":0,"gold_gain":0,"player_choice":"Stole Relic","damage_taken":0,"relics_obtained":["Smiling Mask"],"max_hp_gain":0,"max_hp_loss":0,"event_name":"Addict","floor":24,"gold_loss":0,"cards_obtained":["Shame"]},{"damage_healed":0,"gold_gain":0,"player_choice":"Fight","damage_taken":0,"max_hp_gain":0,"max_hp_loss":0,"event_name":"OrinTheCat","floor":37,"gold_loss":0}],"is_beta":false,"boss_relics":[{"not_picked":["Velvet Choker","Philosopher\u0027s Stone"],"picked":"Busted Crown"},{"not_picked":["Empty Cage","Fusion Hammer"],"picked":"Cursed Key"}],"items_purged_floors":[2,31,36],"is_endless":false,"potions_floor_spawned":[5,10,18,30,35],"killed_by":"Orin","ascension_level":3}}