{"host":"7tvb1em0d2fx72q7","time":1608772989,"event":{"mods":["BaseMod","Challenge The Spire","Minty Spire (QoL Compilation)","StSLib","everything is the same but u backflip on backflip"],"gold_per_floor":[118,137,137,165,192,227,152,152,161,161,209,209,261,288,288,288,288],"floor_reached":16,"playtime":1163,"items_purged":[],"score":240,"play_id":"f73004f9-b7c1-4cf4-86d4-37c66e987646","local_time":"20201223202309","is_ascension_mode":true,"campfire_choices":[{"floor":10,"key":"REST"},{"floor":12,"key":"REST"},{"data":"Sever Soul","floor":15,"key":"SMITH"}],"circlet_count":0,"master_deck":["AscendersBane","Strike_R","Strike_R","Strike_R","Strike_R","Defend_R","Defend_R","Defend_R","Defend_R","Bash","Cleave","Sever Soul+1","True Grit","Thunderclap","Ghostly Armor","Doubt","Battle Trance","Impervious","Ghostly Armor"],"relics":["Cursed Key","CeramicFish","Ice Cream","Golden Idol","Eternal Feather","Bottled Flame","Thread and Needle"],"acts_visited":["Exordium"],"potions_floor_usage":[6,16],"damage_taken":[{"damage":3.0,"enemies":"2 Louse","floor":1.0,"turns":2.0},{"damage":7.0,"enemies":"Jaw Worm","floor":2.0,"turns":2.0},{"damage":6.0,"enemies":"Cultist","floor":4.0,"turns":3.0},{"damage":15.0,"enemies":"Exordium Thugs","floor":5.0,"turns":5.0},{"damage":18,"enemies":"Lagavulin","floor":6,"turns":5},{"damage":32,"enemies":"Gremlin Nob","floor":11,"turns":4},{"damage":22,"enemies":"Lagavulin","floor":13,"turns":6},{"damage":0,"enemies":"Lots of Slimes","floor":14,"turns":1},{"damage":31,"enemies":"Slime Boss","floor":16,"turns":9}],"seed_played":"-7635015151625619859","potions_obtained":[{"floor":1.0,"key":"Strength Potion"},{"floor":2.0,"key":"BlessingOfTheForge"},{"floor":14,"key":"Explosive Potion"}],"is_trial":false,"path_per_floor":["M","M","?","M","M","E","?","?","T","R","E","R","E","M","R","B"],"character_chosen":"IRONCLAD","items_purchased":[],"campfire_rested":2,"item_purchase_floors":[],"current_hp_per_floor":[65,58,53,47,32,14,14,14,14,43,11,40,18,18,27,0,0],"gold":288,"neow_bonus":"BOSS_RELIC","is_daily":false,"chose_seed":false,"campfire_upgraded":1,"win_rate":0.0,"timestamp":1608772989,"path_taken":["M","M","?","M","M","E","?","?","T","R","E","R","E","M","R","BOSS"],"items_purchased_type":[],"build_version":"2020-12-22","purchased_purges":0,"victory":false,"max_hp_per_floor":[75,75,75,75,75,75,75,68,68,68,68,68,68,68,68,68,68],"card_choices":[{"not_picked":["Disarm","Burning Pact"],"picked":"Cleave","floor":1.0},{"not_picked":["Pommel Strike","Heavy Blade"],"picked":"Sever Soul","floor":2.0},{"not_picked":["Battle Trance","Twin Strike"],"picked":"True Grit","floor":4.0},{"not_picked":["Combust","Headbutt"],"picked":"Thunderclap","floor":5.0},{"not_picked":["Feel No Pain","Shrug It Off"],"picked":"Ghostly Armor","floor":6},{"not_picked":["Searing Blow","Warcry"],"picked":"Battle Trance","floor":11},{"not_picked":["Pommel Strike","Clothesline"],"picked":"Impervious","floor":13},{"not_picked":["Reckless Charge","Power Through"],"picked":"Ghostly Armor","floor":14}],"player_experience":1878811,"relics_obtained":[{"floor":6,"key":"Ice Cream"},{"floor":9,"key":"Eternal Feather"},{"floor":11,"key":"Bottled Flame"},{"floor":13,"key":"Thread and Needle"}],"event_choices":[{"damage_healed":0.0,"max_hp_gain":0.0,"max_hp_loss":0.0,"gold_gain":0.0,"event_name":"Scrap Ooze","player_choice":"Success","floor":3.0,"gold_loss":0.0,"damage_taken":5.0,"relics_obtained":["CeramicFish"]},{"cards_removed":["Strike_R"],"damage_healed":0,"gold_gain":0,"player_choice":"Card Removal","damage_taken":0,"max_hp_gain":0,"max_hp_loss":0,"event_name":"The Cleric","floor":7,"gold_loss":75},{"damage_healed":0,"gold_gain":0,"player_choice":"Lose Max HP","damage_taken":0,"relics_obtained":["Golden Idol"],"max_hp_gain":0,"max_hp_loss":7,"event_name":"Golden Idol","floor":8,"gold_loss":0}],"is_beta":false,"boss_relics":[],"items_purged_floors":[],"is_endless":false,"potions_floor_spawned":[1,2,14],"killed_by":"Slime Boss","ascension_level":20}}