{"host":"1bmpebsu0h6jmm2g","time":1608815508,"event":{"mods":["BaseMod","Colored Map","DeckTracker","Highlight Path","Keyboard Shortcuts","Minty Spire (QoL Compilation)","Permanent Neow","Quick Restart","Relic Stats","Slay the Relics Exporter","StSLib","SuperFastMode"],"gold_per_floor":[116,41,6,6,19,51,51,85,85,116,163,178,203,230,242,328,340,365,295,324,227,227,227,252,268,317,340,111,144,159,174,174,174,174],"floor_reached":33,"playtime":752,"items_purged":["Strike_R"],"score":676,"play_id":"79f1de02-6abe-4230-adf9-790f9b89a2dc","local_time":"20201224221148","is_ascension_mode":true,"campfire_choices":[{"data":"Perfected Strike","floor":15.0,"key":"SMITH"},{"data":"Perfected Strike","floor":23.0,"key":"SMITH"},{"data":"Perfected Strike","floor":32.0,"key":"SMITH"}],"circlet_count":0,"master_deck":["AscendersBane","Strike_R","Strike_R","Strike_R","Strike_R","Defend_R","Defend_R","Defend_R","Bash","Disarm","Perfected Strike+1","Seeing Red","Shrug It Off","Perfected Strike+1","Perfected Strike+1","Wild Strike","Pommel Strike","Burning Pact+1"],"relics":["Burning Blood","NeowsBlessing","Bird Faced Urn","Thread and Needle","Lizard Tail","Pantograph","Centennial Puzzle","MawBank","Velvet Choker","Mummified Hand","Enchiridion","Bag of Preparation","Potion Belt","Membership Card","Blue Candle"],"acts_visited":["TheCity"],"potions_floor_usage":[33,33],"damage_taken":[{"damage":0.0,"enemies":"Cultist","floor":1.0,"turns":1.0},{"damage":0.0,"enemies":"Small Slimes","floor":5.0,"turns":1.0},{"damage":0.0,"enemies":"Gremlin Nob","floor":6.0,"turns":1.0},{"damage":36.0,"enemies":"Lagavulin","floor":8.0,"turns":6.0},{"damage":26.0,"enemies":"Gremlin Nob","floor":10.0,"turns":4.0},{"damage":0.0,"enemies":"2 Louse","floor":12.0,"turns":3.0},{"damage":22.0,"enemies":"Lagavulin","floor":13.0,"turns":8.0},{"damage":11.0,"enemies":"Exordium Wildlife","floor":14.0,"turns":6.0},{"damage":83.0,"enemies":"The Guardian","floor":16.0,"turns":20.0},{"damage":6.0,"enemies":"3 Byrds","floor":18.0,"turns":6.0},{"damage":0.0,"enemies":"Chosen","floor":20.0,"turns":3.0},{"damage":12.0,"enemies":"Slavers","floor":24.0,"turns":4.0},{"damage":9.0,"enemies":"Shelled Parasite and Fungi","floor":25.0,"turns":3.0},{"damage":30.0,"enemies":"Gremlin Leader","floor":29.0,"turns":7.0},{"damage":0.0,"enemies":"Snecko","floor":30.0,"turns":3.0},{"damage":8.0,"enemies":"Snake Plant","floor":31.0,"turns":3.0},{"damage":66,"enemies":"Collector","floor":33,"turns":7}],"seed_played":"-7653483379133770883","potions_obtained":[{"floor":1.0,"key":"CultistPotion"},{"floor":6.0,"key":"SteroidPotion"},{"floor":10.0,"key":"BloodPotion"},{"floor":12.0,"key":"AttackPotion"},{"floor":18.0,"key":"PowerPotion"},{"floor":24.0,"key":"Dexterity Potion"},{"floor":30.0,"key":"Weak Potion"}],"is_trial":false,"path_per_floor":["M","$","?","?","M","E","?","E","T","E","T","M","E","M","R","B",null,"M","?","M","$","?","R","E","M","T","T","$","E","M","M","R","B"],"character_chosen":"IRONCLAD","items_purchased":["Wild Strike","Block Potion","Membership Card","Pommel Strike","Fruit Juice"],"campfire_rested":0,"item_purchase_floors":[21,21,28,28,28],"current_hp_per_floor":[74,74,75,75,75,75,68,38,38,18,18,24,8,18,18,33,65,65,65,71,71,50,50,46,45,45,45,45,25,33,33,33,0,0],"gold":174,"neow_bonus":"THREE_ENEMY_KILL","is_daily":false,"chose_seed":false,"campfire_upgraded":3,"win_rate":0.0,"timestamp":1608815508,"path_taken":["M","$","?","?","M","E","?","E","T","E","?","M","E","M","R","BOSS","M","?","M","?","?","R","E","M","T","?","$","E","M","M","R","BOSS"],"items_purchased_type":["Card","Potion","Relic","Card","Potion"],"build_version":"2020-12-22","purchased_purges":1,"victory":false,"max_hp_per_floor":[75,75,75,75,75,75,75,75,75,75,75,75,75,75,75,75,75,75,75,75,75,75,75,75,75,75,75,75,75,75,75,75,80,80],"relic_stats":{"Lizard Tail":37,"Centennial Puzzle":[21],"counters":[9,56],"Mummified Hand":[10],"Bird Faced Urn":[14],"Pantograph":50,"Blue Candle":[0],"Bag of Preparation":[10],"MawBank":72,"obtain_stats":[{"Potion Belt":26,"NeowsBlessing":0,"Blue Candle":29,"Velvet Choker":17,"Enchiridion":22,"Thread and Needle":0,"Bag of Preparation":24,"MawBank":0,"Burning Blood":0,"Lizard Tail":0,"Centennial Puzzle":0,"Mummified Hand":19,"Bird Faced Urn":0,"Pantograph":0,"Membership Card":28},{"Potion Belt":5,"NeowsBlessing":0,"Blue Candle":6,"Velvet Choker":1,"Enchiridion":3,"Thread and Needle":0,"Bag of Preparation":4,"MawBank":0,"Burning Blood":0,"Lizard Tail":0,"Centennial Puzzle":0,"Mummified Hand":2,"Bird Faced Urn":0,"Pantograph":0,"Membership Card":5},{"Potion Belt":36,"NeowsBlessing":0,"Blue Candle":43,"Velvet Choker":20,"Enchiridion":29,"Thread and Needle":0,"Bag of Preparation":33,"MawBank":0,"Burning Blood":0,"Lizard Tail":0,"Centennial Puzzle":0,"Mummified Hand":26,"Bird Faced Urn":0,"Pantograph":0,"Membership Card":36}],"Burning Blood":48},"card_choices":[{"not_picked":["Pummel","Havoc"],"picked":"Disarm","floor":1.0},{"not_picked":["Entrench","Twin Strike"],"picked":"Perfected Strike","floor":5.0},{"not_picked":["Dark Embrace","Anger","Havoc"],"picked":"SKIP","floor":6.0},{"not_picked":["Bloodletting","Cleave"],"picked":"Seeing Red","floor":8.0},{"not_picked":["Body Slam","Bloodletting"],"picked":"Shrug It Off","floor":10.0},{"not_picked":["Entrench","Wild Strike"],"picked":"Perfected Strike","floor":12.0},{"not_picked":["Berserk","Shrug It Off","Rupture"],"picked":"SKIP","floor":13.0},{"not_picked":["Second Wind","Thunderclap","Warcry"],"picked":"SKIP","floor":14.0},{"not_picked":["Havoc","Clothesline"],"picked":"Perfected Strike","floor":18.0},{"not_picked":["Warcry","True Grit+1","Sword Boomerang"],"picked":"SKIP","floor":20.0},{"not_picked":["Rupture","Limit Break","Body Slam"],"picked":"SKIP","floor":24.0},{"not_picked":["Iron Wave","Flex","Clash"],"picked":"SKIP","floor":25.0},{"not_picked":["Cleave","Metallicize"],"picked":"Burning Pact+1","floor":29.0},{"not_picked":["Flame Barrier","True Grit","Infernal Blade"],"picked":"SKIP","floor":30.0},{"not_picked":["Iron Wave","Disarm","Inflame"],"picked":"SKIP","floor":31.0}],"player_experience":475704,"relics_obtained":[{"floor":6.0,"key":"Bird Faced Urn"},{"floor":8.0,"key":"Thread and Needle"},{"floor":9.0,"key":"Lizard Tail"},{"floor":10.0,"key":"Pantograph"},{"floor":11.0,"key":"Centennial Puzzle"},{"floor":13.0,"key":"MawBank"},{"floor":22.0,"key":"Enchiridion"},{"floor":24.0,"key":"Bag of Preparation"},{"floor":26.0,"key":"Potion Belt"},{"floor":29.0,"key":"Blue Candle"}],"event_choices":[{"damage_healed":18.0,"max_hp_gain":0.0,"max_hp_loss":0.0,"gold_gain":0.0,"event_name":"The Cleric","player_choice":"Healed","floor":3.0,"gold_loss":35.0,"damage_taken":0.0},{"damage_healed":0.0,"max_hp_gain":0.0,"max_hp_loss":0.0,"gold_gain":0.0,"event_name":"Liars Game","player_choice":"Ignored","floor":4.0,"gold_loss":0.0,"damage_taken":0.0},{"cards_removed":["Defend_R"],"damage_healed":0.0,"max_hp_gain":0.0,"max_hp_loss":0.0,"gold_gain":0.0,"event_name":"Golden Wing","player_choice":"Card Removal","floor":7.0,"gold_loss":0.0,"damage_taken":7.0},{"damage_healed":0.0,"max_hp_gain":0.0,"max_hp_loss":0.0,"gold_gain":0.0,"event_name":"WeMeetAgain","player_choice":"Paid Gold","floor":19.0,"gold_loss":82.0,"damage_taken":0.0,"relics_obtained":["Mummified Hand"]},{"damage_healed":0.0,"max_hp_gain":0.0,"max_hp_loss":0.0,"gold_gain":0.0,"event_name":"Cursed Tome","player_choice":"Obtained Book","floor":22.0,"gold_loss":0.0,"damage_taken":21.0}],"is_beta":false,"boss_relics":[{"not_picked":["Mark of Pain","Sozu"],"picked":"Velvet Choker"}],"items_purged_floors":[2],"is_endless":false,"potions_floor_spawned":[1,6,10,12,18,24,30],"killed_by":"Collector","ascension_level":20}}