{"host":"59ckh7bj2z84pzgo","time":1608796405,"event":{"mods":["BaseMod","Better Vampires","Marked Mod","Minty Spire (QoL Compilation)","Replay The Spire","Spicy Shops","StSLib","TestMod","【遗物卡牌】REMEMod"],"gold_per_floor":[111,128,141,156,168,168,197,209,246,318,330,492,520,557,569,655,667,699,727,752,782,1194,1206,1246,474,474,474,510,425,425,453,453,538,538,553,579,597,633,633,633,633,685,685,685,709,750,101,143,143,182,212,212,212,49,92,137],"floor_reached":57,"playtime":4953,"items_purged":["Strike_G","Strike_G"],"score":2548,"play_id":"9ae3c9ac-be41-40ec-be2f-a8576da932a4","local_time":"20201224155325","is_ascension_mode":true,"campfire_choices":[{"data":"Replay:Bag of Tricks","floor":6.0,"key":"SMITH"},{"data":"Neutralize","floor":8.0,"key":"SMITH"},{"floor":15.0,"key":"REST"},{"floor":23.0,"key":"REST"},{"floor":27.0,"key":"REST"},{"floor":30.0,"key":"REST"},{"data":"Wraith Form v2","floor":32.0,"key":"SMITH"},{"data":"Finisher","floor":41.0,"key":"SMITH"},{"floor":44.0,"key":"RECALL"},{"data":"Blade Dance","floor":49.0,"key":"SMITH"},{"data":"Wraith Form v2","floor":53.0,"key":"SMITH"}],"circlet_count":0,"master_deck":["AscendersBane","Strike_G","Strike_G","Defend_G","Defend_G","Defend_G+1","Defend_G+1","Defend_G","Survivor","Neutralize+1","Tools of the Trade+1","ReplayTheSpireMod:Private Reserves","PiercingWail","Underhanded Strike","Underhanded Strike","Prepared","Replay:Bag of Tricks+1","Calculated Gamble","Acrobatics+1","Prepared","Terror","Accuracy","Wraith Form v2+1","Accuracy","Infinite Blades","Catalyst+1","Dagger Spray+1","Blade Dance","Blade Dance+1","REME_Flogging","Blind","Trip","Backflip+1","Finisher+1","Wraith Form v2+1"],"relics":["Ring of the Snake","REME_ComplimentaryCards","testmod-Maize","MawBank","Vajra","Omamori","Gremlin Food","Runic Pyramid","Nunchaku","Ninja Scroll","Oddly Smooth Stone","ReplayTheSpireMod:ShopPack","Paper Crane","CeramicFish","Darkstone Periapt","Replay:Grab Bag","Philosopher\u0027s Stone","Busted Crown","testmod-DeterminationOfClimber","testmod-SaigiyounoYou","testmod-AssaultLearning","Mummified Hand","Bottled Lightning","Replay:Wax Seal","War Paint","White Beast Statue"],"acts_visited":["Exordium","TheCity","TheBeyond","TheEnding"],"potions_floor_usage":[],"damage_taken":[{"damage":8.0,"enemies":"Cultist","floor":1.0,"turns":5.0},{"damage":2.0,"enemies":"Jaw Worm","floor":2.0,"turns":5.0},{"damage":1.0,"enemies":"Small Slimes","floor":3.0,"turns":4.0},{"damage":15.0,"enemies":"Blue Slaver","floor":4.0,"turns":4.0},{"damage":18.0,"enemies":"Exordium Thugs","floor":5.0,"turns":5.0},{"damage":0.0,"enemies":"Replay:BlueRogue","floor":7.0,"turns":7.0},{"damage":3.0,"enemies":"Gremlin Nob","floor":10.0,"turns":3.0},{"damage":5.0,"enemies":"Exordium Wildlife","floor":13.0,"turns":3.0},{"damage":3.0,"enemies":"Replay:BlueRogue","floor":14.0,"turns":4.0},{"damage":3.0,"enemies":"The Guardian","floor":16.0,"turns":8.0},{"damage":1.0,"enemies":"Spheric Guardian","floor":18.0,"turns":6.0},{"damage":1.0,"enemies":"2 Thieves","floor":19.0,"turns":4.0},{"damage":9.0,"enemies":"Centurion and Healer","floor":20.0,"turns":7.0},{"damage":13.0,"enemies":"Chosen and Byrds","floor":21.0,"turns":7.0},{"damage":44.0,"enemies":"Slavers","floor":24.0,"turns":7.0},{"damage":0.0,"enemies":"Gremlin Leader","floor":28.0,"turns":3.0},{"damage":0.0,"enemies":"Cultist and Chosen","floor":31.0,"turns":3.0},{"damage":18.0,"enemies":"Champ","floor":33.0,"turns":7.0},{"damage":0.0,"enemies":"3 Shapes","floor":35.0,"turns":2.0},{"damage":0.0,"enemies":"3 Darklings","floor":36.0,"turns":1.0},{"damage":0.0,"enemies":"Sphere and 2 Shapes","floor":37.0,"turns":1.0},{"damage":0.0,"enemies":"Writhing Mass","floor":38.0,"turns":2.0},{"damage":0.0,"enemies":"Transient","floor":42.0,"turns":1.0},{"damage":0.0,"enemies":"Sphere and 2 Shapes","floor":45.0,"turns":1.0},{"damage":0.0,"enemies":"R_Hoarder","floor":46.0,"turns":3.0},{"damage":0.0,"enemies":"Nemesis","floor":48.0,"turns":1.0},{"damage":0.0,"enemies":"Replay:Hell Engine","floor":50.0,"turns":2.0},{"damage":12.0,"enemies":"Time Eater","floor":51.0,"turns":5.0},{"damage":0,"enemies":"Shield and Spear","floor":55,"turns":1},{"damage":56,"enemies":"The Heart","floor":56,"turns":4}],"seed_played":"-4365208468845831995","potions_obtained":[{"floor":5.0,"key":"Block Potion"},{"floor":7.0,"key":"REME_GoldPotion"},{"floor":13.0,"key":"Adrenaline Potion"},{"floor":14.0,"key":"CunningPotion"},{"floor":18.0,"key":"ColorlessPotion"},{"floor":31.0,"key":"BlessingOfTheForge"},{"floor":35.0,"key":"AttackPotion"},{"floor":37.0,"key":"testmod-SpacePotion"},{"floor":46.0,"key":"AttackPotion"},{"floor":55,"key":"Regen Potion"}],"is_trial":false,"path_per_floor":["M","M","M","M","M","R","E","R","T","E","?","?","M","E","R","B",null,"M","M","M","M","?","R","E","$","T","R","E","?","R","M","R","B",null,"M","M","M","M","?","?","R","M","T","R","M","E","$","E","R","B","B",null,"R","$","E","B",null],"character_chosen":"THE_SILENT","items_purchased":["Ninja Scroll","Blade Dance","Oddly Smooth Stone","ReplayTheSpireMod:ShopPack","Block Potion","Mummified Hand","Bottled Lightning","War Paint"],"campfire_rested":4,"item_purchase_floors":[25,25,25,25,25,47,47,54],"current_hp_per_floor":[51,49,48,33,15,15,15,15,15,12,12,12,7,4,23,20,55,54,53,44,31,31,50,6,6,6,25,25,25,44,44,44,26,56,66,66,66,66,66,66,66,66,66,66,66,66,66,66,66,66,66,66,66,66,66,65],"gold":137,"neow_bonus":"RANDOM_COLORLESS","is_daily":false,"chose_seed":false,"campfire_upgraded":6,"win_rate":0.0,"timestamp":1608796405,"path_taken":["M","M","M","M","M","R","E","R","T","E","?","?","M","E","R","BOSS","M","M","M","M","?","R","E","$","T","R","E","?","R","M","R","BOSS","M","M","M","M","?","?","R","M","T","R","M","E","$","E","R","BOSS","BOSS","R","$","E","BOSS"],"items_purchased_type":["Relic","Card","Relic","Relic","Potion","Relic","Relic","Relic"],"build_version":"2020-12-22","purchased_purges":2,"victory":true,"max_hp_per_floor":[66,66,66,66,66,66,66,66,66,66,66,66,66,66,66,66,66,66,66,66,66,66,66,66,66,66,66,66,66,66,66,66,66,66,66,66,66,66,66,66,66,66,66,66,66,66,66,66,66,66,66,66,66,66,66,66],"card_choices":[{"not_picked":["REME_TwoStrings","testmod-WeaknessCounterattack"],"picked":"ReplayTheSpireMod:Private Reserves","floor":0.0},{"not_picked":["Outmaneuver","Expertise"],"picked":"PiercingWail","floor":1.0},{"not_picked":["Bane","Outmaneuver"],"picked":"Underhanded Strike","floor":2.0},{"not_picked":["Slice","Poisoned Stab"],"picked":"Underhanded Strike","floor":3.0},{"not_picked":["Poisoned Stab","Deadly Poison"],"picked":"Prepared","floor":4.0},{"not_picked":["Acrobatics","Underhanded Strike"],"picked":"Replay:Bag of Tricks","floor":5.0},{"not_picked":["Masterful Stab","Infinite Blades"],"picked":"Calculated Gamble","floor":7.0},{"not_picked":["Replay:Poison Smokescreen","Cloak And Dagger"],"picked":"Acrobatics","floor":10.0},{"not_picked":["Blade Dance","ReplayTheSpireMod:The Works"],"picked":"Terror","floor":13.0},{"not_picked":["Terror","Acrobatics"],"picked":"Accuracy","floor":14.0},{"not_picked":["Envenom","REME_ShadowForm"],"picked":"Wraith Form v2","floor":16.0},{"not_picked":["Caltrops","Dodge and Roll"],"picked":"Accuracy","floor":18.0},{"not_picked":["PiercingWail","Slice","Hidden Blade"],"picked":"SKIP","floor":19.0},{"not_picked":["Prepared","Hidden Blade"],"picked":"Infinite Blades","floor":20.0},{"not_picked":["Underhanded Strike","Flying Knee"],"picked":"Catalyst","floor":21.0},{"not_picked":["Slice","Poison Darts"],"picked":"Dagger Spray+1","floor":24.0},{"not_picked":["testmod-Librarian","Master of Strategy"],"picked":"REME_Flogging","floor":25.0},{"not_picked":["Survey Options","ReplayTheSpireMod:Uncanny Aura"],"picked":"Blind","floor":25.0},{"not_picked":["REME_MagicPocketWatch","PanicButton"],"picked":"Trip","floor":25.0},{"not_picked":["Flying Knee","Fluid Movement"],"picked":"Backflip","floor":28.0},{"not_picked":["Dagger Throw","Flying Knee"],"picked":"Finisher","floor":31.0},{"not_picked":["REME_SpectralBlade","Die Die Die"],"picked":"Wraith Form v2","floor":33.0},{"not_picked":["Dodge and Roll+1"],"picked":"SKIP","floor":35.0},{"not_picked":["Deadly Poison"],"picked":"SKIP","floor":36.0},{"not_picked":["Sucker Punch"],"picked":"SKIP","floor":37.0},{"not_picked":["Slice"],"picked":"SKIP","floor":38.0},{"not_picked":["Dagger Spray+1"],"picked":"SKIP","floor":42.0},{"not_picked":["Cloak And Dagger"],"picked":"SKIP","floor":45.0},{"not_picked":["Replay:Poison Smokescreen"],"picked":"SKIP","floor":46.0},{"not_picked":["Outmaneuver"],"picked":"SKIP","floor":48.0},{"not_picked":["Catalyst"],"picked":"SKIP","floor":55}],"player_experience":164041,"relics_obtained":[{"floor":7.0,"key":"MawBank"},{"floor":9.0,"key":"Vajra"},{"floor":10.0,"key":"Omamori"},{"floor":14.0,"key":"Gremlin Food"},{"floor":24.0,"key":"Nunchaku"},{"floor":26.0,"key":"Paper Crane"},{"floor":28.0,"key":"CeramicFish"},{"floor":46.0,"key":"testmod-AssaultLearning"},{"floor":48.0,"key":"Replay:Wax Seal"},{"floor":55,"key":"White Beast Statue"}],"event_choices":[{"damage_healed":0.0,"max_hp_gain":0.0,"max_hp_loss":0.0,"gold_gain":0.0,"cards_transformed":["Strike_G"],"event_name":"Living Wall","player_choice":"Change","floor":11.0,"gold_loss":0.0,"damage_taken":0.0,"cards_obtained":["Prepared"]},{"damage_healed":0.0,"max_hp_gain":0.0,"max_hp_loss":0.0,"gold_gain":150.0,"event_name":"Liars Game","player_choice":"AGREE","floor":12.0,"gold_loss":0.0,"damage_taken":0.0,"cards_obtained":["Doubt"]},{"damage_healed":0.0,"max_hp_gain":0.0,"max_hp_loss":0.0,"gold_gain":400.0,"event_name":"恩洛斯的盘子","player_choice":"Sell","floor":22.0,"relics_lost":["testmod-TestBox"],"gold_loss":0.0,"damage_taken":0.0},{"damage_healed":0.0,"max_hp_gain":0.0,"max_hp_loss":0.0,"gold_gain":0.0,"event_name":"Addict","player_choice":"Obtained Relic","floor":29.0,"gold_loss":85.0,"damage_taken":0.0,"relics_obtained":["Darkstone Periapt"]},{"damage_healed":0.0,"max_hp_gain":0.0,"max_hp_loss":0.0,"gold_gain":0.0,"event_name":"SensoryStone","player_choice":"Memory 1","floor":39.0,"gold_loss":0.0,"damage_taken":0.0},{"damage_healed":0.0,"max_hp_gain":0.0,"max_hp_loss":0.0,"gold_gain":0.0,"event_name":"Tomb of Lord Red Mask","player_choice":"Ignored","floor":40.0,"gold_loss":0.0,"damage_taken":0.0}],"is_beta":false,"boss_relics":[{"not_picked":["REME_ChargedStone","Ring of the Serpent"],"picked":"Runic Pyramid"},{"not_picked":["Black Star","testmod-CardMagician"],"picked":"Replay:Grab Bag"},{"not_picked":["Coffee Dripper","Velvet Choker"],"picked":"Philosopher\u0027s Stone"},{"not_picked":["Sozu","Runic Dome"],"picked":"Busted Crown"},{"not_picked":["SacredBark","testmod-BatchProcessingSystem"],"picked":"testmod-DeterminationOfClimber"},{"not_picked":["testmod-Recursion","Snecko Scales"],"picked":"testmod-SaigiyounoYou"}],"items_purged_floors":[25,47],"is_endless":false,"potions_floor_spawned":[5,7,13,14,18,31,33,35,37,46,55],"ascension_level":20}}