{"host":"vfjw5z5u57sxa51v","time":1608768306,"event":{"mods":["AchievementEnabler","Act Like it!","Aspiration","Bard","BaseMod","Beaked The Cultist","Better Altar","Better Match","Better Note","Better Sensory Stone","Better Skull","Better Third Choice","BetterRewards","CCEM","Colored Map","Conspire","Downfall","GifTheSpireLib","Halation","Hallownest","Highlight Path","Hubris","Hunter ??","Infinite Spire","Jedi Mod","Jorbs\u0027s Wanderer Trilogy","Mad Scientist","Marisa????????","Minty Spire (QoL Compilation)","Permanent Neow","Replay The Spire","Shade Mod","Shop Mod","Spicy Shops","StSLib","Stuff the Spire","The Administrix","The Blackbeard","The Bug Knight","The Mystic","The Necromancer","The Runesmith","The Servant 0.9.4","The Spell Scribe","Unceasing Turn Reminder","everything is the same but u backflip on backflip"],"gold_per_floor":[119,119,119,137,157,185,200,200,200,200,220,250,250,283,283,385,385,405,423,423,423,440,440,466,466,491,521,521,227,227,244,244,342,342,352,370,370,388,388,420,0,100,100,111,111,111,33,43,43,43],"floor_reached":51,"playtime":6852,"items_purged":[],"score":708,"play_id":"284feb2f-4e40-4c52-920b-226ce9ac362e","local_time":"20201224010506","is_ascension_mode":false,"campfire_choices":[{"data":"Runesmith:Repurpose","floor":8.0,"key":"SMITH"},{"data":"Runesmith:PoweredAnvil","floor":13.0,"key":"SMITH"},{"data":"Runesmith:Attraction","floor":15.0,"key":"SMITH"},{"floor":23.0,"key":"REST"},{"data":"Runesmith:UnlimitedPower","floor":25.0,"key":"SMITH"},{"data":"Runesmith:CreatorForm","floor":49,"key":"SMITH"}],"circlet_count":0,"master_deck":["Runesmith:Strike_RS","Runesmith:Strike_RS","Runesmith:Strike_RS","Runesmith:Strike_RS","Runesmith:Defend_RS","Runesmith:Defend_RS","Runesmith:Defend_RS","Runesmith:Defend_RS","Runesmith:CraftFirestone","Runesmith:Fortify","Runesmith:FieryHammer","Runesmith:ShiftingStrike","Runesmith:Retool","Runesmith:Repurpose+1","Runesmith:BackupBattery","Runesmith:PoweredAnvil+1","Runesmith:Attraction+1","Runesmith:CraftProtectio","Runesmith:ArcReactor","Runesmith:CraftMagma+1","Runesmith:NanitesCloud","Runesmith:UnlimitedPower+1","Runesmith:PerfectChisel+1","Runesmith:Permafrost","Runesmith:Permafrost","Runesmith:Permafrost","Runesmith:HammerAndChisel","Runesmith:GoWithTheFlow","Runesmith:CraftMedicinae","Runesmith:CreatorForm+1","Runesmith:EarthShield+1","Runesmith:CraftIncendium","Runesmith:LithiumIon"],"relics":["Runesmith:BrokenRuby","aspiration:Nostalgia","HollowMod:VesselMask","halation:LettersToHer","hubris:Towel","infinitespire:Lychee Nut","HornCleat","Blue Doll","beaked:ShinyBauble","Replay:Mystery Machine","aspiration:PoetsPen_weak","Meat on the Bone","ReplayTheSpireMod:Lightbulb","CCEMRelics:WhiteRose","halation:Diary","jedi:heavyjacket","aspiration:SecretTechniqueScroll","hubris:Icosahedron","Question Card","Red Mask","conspire:Dentures","CCEMRelics:TinyMinotavrHorn"],"acts_visited":["Exordium","TheCity","TheBeyond"],"potions_floor_usage":[],"damage_taken":[{"damage":2.0,"enemies":"Cultist","floor":1.0,"turns":4.0},{"damage":8.0,"enemies":"Small Slimes","floor":4.0,"turns":3.0},{"damage":1.0,"enemies":"Jaw Worm","floor":5.0,"turns":3.0},{"damage":35.0,"enemies":"Lagavulin","floor":6.0,"turns":7.0},{"damage":3.0,"enemies":"Blue Slaver","floor":7.0,"turns":4.0},{"damage":0.0,"enemies":"Exordium Wildlife","floor":11.0,"turns":4.0},{"damage":5.0,"enemies":"Gremlin Nob","floor":12.0,"turns":4.0},{"damage":18.0,"enemies":"Lagavulin","floor":14.0,"turns":6.0},{"damage":10.0,"enemies":"Fading Forest","floor":16.0,"turns":11.0},{"damage":7.0,"enemies":"Shell Parasite","floor":18.0,"turns":8.0},{"damage":35.0,"enemies":"3 Cultists","floor":19.0,"turns":6.0},{"damage":0.0,"enemies":"Centurion and Healer","floor":22.0,"turns":7.0},{"damage":10.0,"enemies":"Gremlin Leader","floor":24.0,"turns":5.0},{"damage":12.0,"enemies":"Book of Stabbing","floor":27.0,"turns":5.0},{"damage":2.0,"enemies":"Snake Plant","floor":31.0,"turns":4.0},{"damage":6.0,"enemies":"Champ","floor":33.0,"turns":8.0},{"damage":7.0,"enemies":"3 Darklings","floor":35.0,"turns":6.0},{"damage":30.0,"enemies":"3 Shapes","floor":36.0,"turns":3.0},{"damage":0,"enemies":"Maw","floor":38,"turns":7},{"damage":1,"enemies":"Nemesis","floor":40,"turns":8},{"damage":0,"enemies":"3 Darklings","floor":44,"turns":5},{"damage":0,"enemies":"Spire Growth","floor":48,"turns":5},{"damage":32,"enemies":"Awakened One","floor":50,"turns":10}],"seed_played":"4015155873599277065","potions_obtained":[{"floor":1.0,"key":"FearPotion"},{"floor":7.0,"key":"SpeedPotion"},{"floor":14.0,"key":"AttackPotion"},{"floor":16.0,"key":"SpeedPotion"},{"floor":21.0,"key":"jedi:hoardpotion"},{"floor":21.0,"key":"Cursed Concoction"},{"floor":21.0,"key":"DistilledChaos"},{"floor":24.0,"key":"jedi:tentaclejuice"}],"is_trial":false,"path_per_floor":["M","?","?","M","M","E","M","R","T","?","M","E","R","E","R","B",null,"M","M","?","?","M","R","E","R","T","E","R","$","?","M","R","B",null,"M","M","?","M","?","E","?","?","T","M","T","R","$","M","R","B",null],"character_chosen":"RUNESMITH_CLASS","items_purchased":["halation:Diary","Runesmith:Permafrost","Runesmith:HammerAndChisel","Runesmith:GoWithTheFlow","Runesmith:LithiumIon"],"campfire_rested":1,"item_purchase_floors":[29,29,29,29,47],"current_hp_per_floor":[68,56,56,48,47,12,15,15,15,28,34,35,35,23,23,29,52,48,18,18,18,24,38,34,34,34,28,28,28,28,32,32,32,49,49,36,36,48,48,49,49,49,49,49,49,49,49,49,49,32],"gold":43,"neow_bonus":"NOSTALGIA","is_daily":false,"chose_seed":false,"campfire_upgraded":5,"win_rate":0.0,"timestamp":1608768306,"path_taken":["M","?","?","M","?","E","M","R","T","?","M","E","R","E","R","BOSS","M","M","?","?","M","R","E","R","T","E","R","$","?","?","R","BOSS","M","M","?","M","?","E","?","?","T","?","?","R","?","M","R","BOSS"],"items_purchased_type":["Relic","Card","Card","Card","Card"],"build_version":"2020-12-22","purchased_purges":0,"victory":true,"max_hp_per_floor":[70,70,70,70,70,52,52,52,52,52,52,52,52,52,52,52,52,52,52,49,49,49,49,49,49,49,49,49,49,49,49,49,49,49,49,49,49,49,49,49,49,49,49,49,49,49,49,49,49,49],"card_choices":[{"not_picked":["Runesmith:HeatExchange","Runesmith:CraftMagma"],"picked":"Runesmith:FieryHammer","floor":1.0},{"not_picked":["Runesmith:MakeshiftArmor","Runesmith:Repurpose"],"picked":"Runesmith:ShiftingStrike","floor":4.0},{"not_picked":["Runesmith:CraftMedicinae","Runesmith:StaticCage"],"picked":"Runesmith:Retool","floor":5.0},{"not_picked":["Runesmith:Reinforce","Runesmith:Electrocute"],"picked":"Runesmith:Repurpose","floor":6.0},{"not_picked":["Runesmith:LithiumIon","Runesmith:EnergizedChisel"],"picked":"Runesmith:BackupBattery","floor":7.0},{"not_picked":["Runesmith:Superposition","Runesmith:ShiftingStrike"],"picked":"Runesmith:PoweredAnvil","floor":11.0},{"not_picked":["Runesmith:ChargedHammer","Runesmith:Overpower"],"picked":"Runesmith:Attraction","floor":12.0},{"not_picked":["Runesmith:CraftVitae","Runesmith:Discharge"],"picked":"Runesmith:CraftProtectio","floor":14.0},{"not_picked":["Runesmith:MetallurgicalResearch","Runesmith:Supernova"],"picked":"Runesmith:ArcReactor","floor":16.0},{"not_picked":["Runesmith:Overpower","Runesmith:Repurpose+1"],"picked":"Runesmith:CraftMagma+1","floor":18.0},{"not_picked":["Runesmith:HeatExchange","Runesmith:BackupBattery+1"],"picked":"Runesmith:NanitesCloud","floor":19.0},{"not_picked":["Runesmith:BackupBattery","Runesmith:HeatExchange"],"picked":"Runesmith:UnlimitedPower","floor":22.0},{"not_picked":["Runesmith:Superposition","Runesmith:StaticCage+1"],"picked":"Runesmith:PerfectChisel+1","floor":24.0},{"not_picked":["Runesmith:HeatExchange","Runesmith:HammerTime+1"],"picked":"Runesmith:Permafrost","floor":27.0},{"not_picked":["Runesmith:NegativeSpace","Runesmith:UnstableHammer","Runesmith:FissionHammer"],"picked":"SKIP","floor":31.0},{"not_picked":["Runesmith:DuctTape","Runesmith:GenerateForcefield"],"picked":"Runesmith:CraftMedicinae","floor":33.0},{"not_picked":["Runesmith:UnstableHammer","Runesmith:HeatedChisel","Runesmith:HeatExchange+1"],"picked":"SKIP","floor":35.0},{"not_picked":["Runesmith:CraftProtectio+1","Runesmith:HeatedChisel+1"],"picked":"Runesmith:CreatorForm","floor":36},{"not_picked":["Runesmith:ElementalConversion","Runesmith:Grindstone"],"picked":"Runesmith:EarthShield+1","floor":38},{"not_picked":["Runesmith:BackupBattery","Runesmith:Malloc","Runesmith:ChargedHammer"],"picked":"SKIP","floor":40},{"not_picked":["Runesmith:ChargedHammer","Runesmith:EarthShield","Runesmith:ChiselStab+1"],"picked":"Runesmith:CraftIncendium","floor":44},{"not_picked":["Runesmith:NanitesCloud","Runesmith:FissionHammer","Runesmith:CraftReservo+1","Runesmith:UnstableHammer+1"],"picked":"SKIP","floor":48}],"player_experience":24224,"relics_obtained":[{"floor":6.0,"key":"infinitespire:Lychee Nut"},{"floor":9.0,"key":"HornCleat"},{"floor":9.0,"key":"Blue Doll"},{"floor":12.0,"key":"beaked:ShinyBauble"},{"floor":14.0,"key":"Replay:Mystery Machine"},{"floor":24.0,"key":"Meat on the Bone"},{"floor":26.0,"key":"halation:LettersToHer"},{"floor":26.0,"key":"ReplayTheSpireMod:Lightbulb"},{"floor":27.0,"key":"CCEMRelics:WhiteRose"},{"floor":40,"key":"Question Card"},{"floor":43,"key":"conspire:Dentures"},{"floor":43,"key":"halation:LettersToHer"},{"floor":45,"key":"CCEMRelics:TinyMinotavrHorn"},{"floor":45,"key":"halation:LettersToHer"}],"event_choices":[{"damage_healed":0.0,"max_hp_gain":0.0,"max_hp_loss":0.0,"gold_gain":0.0,"event_name":"betterThird:BetterScrap","player_choice":"Relic ","floor":2.0,"gold_loss":0.0,"damage_taken":12.0,"cards_obtained":["StuffTheSpire:FinalStruggle"]},{"damage_healed":13.0,"max_hp_gain":0.0,"max_hp_loss":0.0,"gold_gain":0.0,"event_name":"Mushrooms","player_choice":"Healed and dodged fight","floor":10.0,"gold_loss":0.0,"damage_taken":0.0,"cards_obtained":["Parasite"]},{"cards_removed":["Parasite"],"damage_healed":0.0,"max_hp_gain":0.0,"max_hp_loss":0.0,"gold_gain":0.0,"event_name":"Purifier","player_choice":"Purged","floor":20.0,"gold_loss":0.0,"damage_taken":0.0},{"damage_healed":0.0,"max_hp_gain":0.0,"max_hp_loss":0.0,"gold_gain":0.0,"event_name":"Lab","player_choice":"Got Potions","floor":21.0,"gold_loss":0.0,"damage_taken":0.0},{"damage_healed":0,"gold_gain":0,"player_choice":"Paid","damage_taken":0,"relics_obtained":["Red Mask"],"max_hp_gain":0,"max_hp_loss":0,"event_name":"Tomb of Lord Red Mask","floor":41,"gold_loss":420},{"damage_healed":0,"gold_gain":100,"player_choice":"Pray","damage_taken":0,"max_hp_gain":0,"max_hp_loss":0,"event_name":"Golden Shrine","floor":42,"gold_loss":0}],"is_beta":false,"boss_relics":[{"not_picked":["Philosopher\u0027s Stone","jedi:paperlyon"],"picked":"aspiration:PoetsPen_weak"},{"not_picked":["Cursed Key","aspiration:RitualDagger"],"picked":"aspiration:SecretTechniqueScroll"}],"items_purged_floors":[],"is_endless":false,"potions_floor_spawned":[1,7,14,16,24,31,33,35,38,40],"ascension_level":0}}