{"host":"hspm0s97xpvpwopl","time":1608846001,"event":{"mods":["BaseMod","Better Third Choice","Colored Map","Colored Powertips","Curses Come First","Downfall","Hermit","Minty Spire (QoL Compilation)","Relic Stats","Robot Space Explorer","Shop Mod","Spicy Shops","StSLib","The Alterego","The Cursed","The Runesmith"],"gold_per_floor":[112,112,130,32,32,32,57,57,110,110,131,147,187,92,92,217,217,231,231,80,80,101,101,119,119,119,159,183,183,31,45,45,45,45],"floor_reached":33,"playtime":2261,"items_purged":[],"score":290,"play_id":"d10f9dd1-832d-403d-a930-2504f0046ae7","local_time":"20201224154001","is_ascension_mode":false,"campfire_choices":[{"data":"hermit:Desperado","floor":6.0,"key":"SMITH"},{"data":"hermit:Manifest","floor":8.0,"key":"SMITH"},{"data":"hermit:Covet","floor":10.0,"key":"SMITH"},{"floor":15.0,"key":"REST"},{"floor":23.0,"key":"REST"},{"floor":25.0,"key":"REST"},{"floor":32,"key":"REST"}],"circlet_count":0,"master_deck":["hermit:Strike_Hermit","hermit:Strike_Hermit","hermit:Strike_Hermit","hermit:Strike_Hermit","hermit:Defend_Hermit","hermit:Defend_Hermit","hermit:Defend_Hermit","hermit:Defend_Hermit","hermit:Snapshot+1","hermit:Covet+1","hermit:Dive","hermit:Desperado+1","Injury","hermit:Manifest+1","hermit:ShadowCloak","hermit:Desperado","hermit:Headshot","hermit:BlackWind","hermit:Horror+1","hermit:Deadeye+1","hermit:FlashPowder+1","hermit:CalledShot","hermit:Ricochet","hermit:NoHoldsBarred"],"relics":["hermit:Momento","Golden Idol","Vajra","Mango","Enchiridion","Nunchaku","Darkstone Periapt","Strawberry","Strange Spoon"],"acts_visited":[],"potions_floor_usage":[33,33,33,33,33],"damage_taken":[{"damage":6.0,"enemies":"Jaw Worm","floor":1.0,"turns":4.0},{"damage":2.0,"enemies":"2 Louse","floor":3.0,"turns":3.0},{"damage":0.0,"enemies":"Small Slimes","floor":7.0,"turns":2.0},{"damage":0.0,"enemies":"3 Louse","floor":11.0,"turns":2.0},{"damage":0.0,"enemies":"Red Slaver","floor":12.0,"turns":3.0},{"damage":30.0,"enemies":"Gremlin Nob","floor":13.0,"turns":5.0},{"damage":38.0,"enemies":"Hexaghost","floor":16.0,"turns":11.0},{"damage":22.0,"enemies":"Shell Parasite","floor":18.0,"turns":6.0},{"damage":0.0,"enemies":"Chosen","floor":22.0,"turns":3.0},{"damage":14.0,"enemies":"Centurion and Healer","floor":24.0,"turns":5.0},{"damage":76.0,"enemies":"Book of Stabbing","floor":27.0,"turns":7.0},{"damage":2,"enemies":"Cultist and Chosen","floor":28,"turns":3},{"damage":0,"enemies":"Colosseum Slavers","floor":29,"turns":3},{"damage":0,"enemies":"Snecko","floor":31,"turns":2},{"damage":110,"enemies":"Automaton","floor":33,"turns":10}],"seed_played":"1208614291775002845","potions_obtained":[{"floor":0.0,"key":"Swift Potion"},{"floor":0.0,"key":"EssenceOfSteel"},{"floor":0.0,"key":"hexamod:EctoCoolerPotion"},{"floor":3.0,"key":"Regen Potion"},{"floor":7.0,"key":"Block Potion"},{"floor":16.0,"key":"Block Potion"},{"floor":28,"key":"Energy Potion"}],"is_trial":false,"path_per_floor":["M","?","M","$","?","R","M","R","T","R","M","M","E","$","R","B",null,"M","?","$","?","M","R","M","R","T","E","M","?","$","M","R","B"],"character_chosen":"HERMIT","items_purchased":["FairyPotion","EntropicBrew","Nunchaku","Strange Spoon"],"campfire_rested":4,"item_purchase_floors":[4,14,20,30],"current_hp_per_floor":[69,69,67,67,67,67,67,67,67,67,67,67,56,56,82,44,89,67,51,51,51,51,77,63,89,89,20,18,18,18,18,46,0,0],"gold":45,"neow_bonus":"THREE_SMALL_POTIONS","is_daily":false,"chose_seed":false,"campfire_upgraded":3,"win_rate":0.0,"timestamp":1608846001,"path_taken":["M","?","M","$","?","R","M","R","T","R","M","M","E","$","R","BOSS","M","?","$","?","M","R","M","R","T","E","M","?","$","M","R","BOSS"],"items_purchased_type":["Potion","Potion","Relic","Relic"],"build_version":"2020-12-22","purchased_purges":0,"victory":false,"max_hp_per_floor":[75,75,75,75,75,75,75,75,75,75,75,75,89,89,89,89,89,89,89,89,89,89,89,89,89,89,96,96,96,96,96,96,96,96],"relic_stats":{"Darkstone Periapt":0,"Strange Spoon":[6],"Nunchaku":[6],"counters":[15,69],"Golden Idol":72,"obtain_stats":[{"Darkstone Periapt":26,"Strange Spoon":30,"Nunchaku":20,"Golden Idol":5,"Strawberry":27,"Vajra":9,"Enchiridion":19,"Mango":13,"hermit:Momento":0},{"Darkstone Periapt":10,"Strange Spoon":13,"Nunchaku":8,"Golden Idol":2,"Strawberry":11,"Vajra":3,"Enchiridion":8,"Mango":6,"hermit:Momento":0},{"Darkstone Periapt":44,"Strange Spoon":57,"Nunchaku":36,"Golden Idol":7,"Strawberry":51,"Vajra":9,"Enchiridion":36,"Mango":19,"hermit:Momento":0}]},"card_choices":[{"not_picked":["hermit:LowProfile","hermit:Feint"],"picked":"hermit:Dive","floor":1.0},{"not_picked":["hermit:Ricochet","hermit:Snipe"],"picked":"hermit:Desperado","floor":3.0},{"not_picked":["hermit:HighCaliber","hermit:Combo"],"picked":"hermit:Manifest","floor":7.0},{"not_picked":["hermit:SprayPray","hermit:TakeAim"],"picked":"hermit:ShadowCloak","floor":11.0},{"not_picked":["hermit:GhostlyPresence","hermit:Snipe"],"picked":"hermit:Desperado","floor":12.0},{"not_picked":["hermit:Showdown","hermit:LuckOfTheDraw"],"picked":"hermit:Headshot","floor":13.0},{"not_picked":["hermit:Gambit","hermit:EternalForm"],"picked":"hermit:BlackWind","floor":16.0},{"not_picked":["hermit:SprayPray","hermit:Ricochet"],"picked":"hermit:Horror+1","floor":18.0},{"not_picked":["hermit:Feint","hermit:Scavenge"],"picked":"hermit:Deadeye+1","floor":22.0},{"not_picked":["hermit:ItchyTrigger","hermit:FullyLoaded"],"picked":"hermit:FlashPowder+1","floor":24.0},{"not_picked":["hermit:TakeAim","hermit:Midnight"],"picked":"hermit:CalledShot","floor":27.0},{"not_picked":["hermit:BodyArmor","hermit:Dive"],"picked":"hermit:Ricochet","floor":28},{"not_picked":["hermit:Virtue","hermit:LowProfile"],"picked":"hermit:NoHoldsBarred","floor":31}],"player_experience":225457,"relics_obtained":[{"floor":9.0,"key":"Vajra"},{"floor":13.0,"key":"Mango"},{"floor":19.0,"key":"Enchiridion"},{"floor":26.0,"key":"Darkstone Periapt"},{"floor":27.0,"key":"Strawberry"}],"event_choices":[{"damage_healed":0.0,"max_hp_gain":0.0,"max_hp_loss":0.0,"gold_gain":0.0,"event_name":"Living Wall","player_choice":"Grow","floor":2.0,"gold_loss":0.0,"damage_taken":0.0,"cards_upgraded":["hermit:Snapshot"]},{"damage_healed":0.0,"max_hp_gain":0.0,"max_hp_loss":0.0,"gold_gain":0.0,"event_name":"Golden Idol","player_choice":"Take Wound","floor":5.0,"gold_loss":0.0,"damage_taken":0.0,"relics_obtained":["Golden Idol"],"cards_obtained":["Injury"]},{"damage_healed":0.0,"max_hp_gain":0.0,"max_hp_loss":0.0,"gold_gain":0.0,"event_name":"Cursed Tome","player_choice":"Obtained Book","floor":19.0,"gold_loss":0.0,"damage_taken":16.0},{"damage_healed":0,"gold_gain":0,"player_choice":"Fight","damage_taken":0,"max_hp_gain":0,"max_hp_loss":0,"event_name":"Colosseum","floor":29,"gold_loss":0},{"damage_healed":0,"gold_gain":0,"player_choice":"Fled From Nobs","damage_taken":0,"max_hp_gain":0,"max_hp_loss":0,"event_name":"Colosseum","floor":29,"gold_loss":0}],"is_beta":false,"boss_relics":[{"not_picked":["Fusion Hammer","Philosopher\u0027s Stone","Runic Pyramid"]}],"items_purged_floors":[],"is_endless":false,"potions_floor_spawned":[3,7,12,16,18,28,31],"killed_by":"Automaton","ascension_level":0}}