{"host":"9nt1zhl3k8mtcf72","time":1608787094,"event":{"mods":["Aspiration","BaseMod","BetterRewards","Conjunction","Conspire","Downfall","Energized Spire","Friendly Minions","GifTheSpireLib","Halation","Hubris","Infinite Spire","Jedi Mod","Mimic Mod","Minty Spire (QoL Compilation)","RatMod","Replay The Spire","Spikes Relics","StSLib","Stuff the Spire","Trackpad","Useless Jewels Mod","Wandering Minibosses","vexMod"],"gold_per_floor":[99,113,126,401,411,91,124,156,167,167,167,167],"floor_reached":10,"playtime":735,"items_purged":["Regret"],"score":68,"play_id":"5d17baa9-cd01-4ef7-91bc-e0d710dc8c9b","local_time":"20201224001814","is_ascension_mode":false,"campfire_choices":[{"floor":1,"key":"RECALL"}],"circlet_count":0,"master_deck":["hexamod:Strike","hexamod:Strike","hexamod:Strike","hexamod:Strike","hexamod:Defend","hexamod:Defend","hexamod:Defend","hexamod:Defend","hexamod:Sear","hexamod:Float","hexamod:NightmareGuise","hexamod:NightmareGuise","hexamod:GhostLash","hexamod:ApocalypseNow","hexamod:UnleashSpirits","hexamod:ThirdSeal","hexamod:Hexaguard","hexamod:RadiantFlame","hexamod:UnleashSpirits","hexamod:DynamicBlow"],"relics":["vexMod:CursedCompass","Juzu Bracelet","hubris:64BitClover"],"acts_visited":["Exordium"],"potions_floor_usage":[10,10,10],"damage_taken":[{"damage":15,"enemies":"2 Louse","floor":2,"turns":8},{"damage":0,"enemies":"Cultist","floor":3,"turns":3},{"damage":3,"enemies":"Jaw Worm","floor":5,"turns":5},{"damage":2,"enemies":"downfall:FleeingMerchant","floor":6,"turns":4},{"damage":10,"enemies":"Gremlin Gang","floor":7,"turns":7},{"damage":18,"enemies":"3 Sentries","floor":8,"turns":11},{"damage":0,"enemies":"Gremlin Gang","floor":9,"turns":5},{"damage":29,"enemies":"Gremlin Nob","floor":10,"turns":5}],"seed_played":"6722692547763450321","potions_obtained":[{"floor":3,"key":"Dexterity Potion"},{"floor":5,"key":"PowerPotion"},{"floor":8,"key":"Dexterity Potion"}],"is_trial":false,"path_per_floor":["R","M","M","?","M","$","MIM","E","M","E"],"character_chosen":"THE_SPIRIT","items_purchased":["hexamod:UnleashSpirits","hexamod:ThirdSeal"],"campfire_rested":0,"item_purchase_floors":[6,6],"current_hp_per_floor":[70,55,55,55,52,50,40,22,22,0,0,0],"gold":167,"neow_bonus":"BOSS_RELIC","is_daily":false,"chose_seed":false,"campfire_upgraded":0,"win_rate":0.0,"timestamp":1608787094,"path_taken":["R","M","M","?","M","$","MIM","E","M","E"],"items_purchased_type":["Card","Card"],"build_version":"2020-12-22","purchased_purges":1,"victory":false,"max_hp_per_floor":[70,70,70,70,70,70,70,70,70,70,70,70],"card_choices":[{"not_picked":["hexamod:FastForward","hexamod:NecessarySacrifice"],"picked":"hexamod:NightmareGuise","floor":2},{"not_picked":["hexamod:Firestarter","hexamod:ShieldOfDarkness"],"picked":"hexamod:NightmareGuise","floor":3},{"not_picked":["hexamod:FastForward","hexamod:CatchUp"],"picked":"hexamod:GhostLash","floor":5},{"not_picked":["hexamod:RainOfEmbers","hexamod:RetreatToShadows"],"picked":"hexamod:ApocalypseNow","floor":6},{"not_picked":["hexamod:GhostOfSpirePast","hexamod:AdvancingGuard"],"picked":"hexamod:Hexaguard","floor":7},{"not_picked":["hexamod:ThermalTransfer","hexamod:SpectralAdrenaline"],"picked":"hexamod:RadiantFlame","floor":8},{"not_picked":["hexamod:InspiringFlames","hexamod:GhostOfSpireFuture","hexamod:RetreatToShadows"],"picked":"SKIP","floor":8},{"not_picked":["hexamod:HeatMetal","hexamod:BacktrackSmack"],"picked":"hexamod:UnleashSpirits","floor":9},{"not_picked":["hexamod:SwordOfDarkness","hexamod:AdvancingGuard"],"picked":"hexamod:DynamicBlow","floor":9}],"player_experience":453297,"relics_obtained":[{"floor":7,"key":"Juzu Bracelet"},{"floor":8,"key":"hubris:64BitClover"}],"event_choices":[],"is_beta":false,"boss_relics":[],"items_purged_floors":[6],"is_endless":false,"potions_floor_spawned":[3,5,8,9],"killed_by":"Gremlin Nob","ascension_level":0}}