{"host":"i1ibt4vxe0effuru","time":1608783419,"event":{"mods":["AchievementEnabler","BaseMod","Card Forge","Minty Spire (QoL Compilation)","Quick Restart","Shop Mod","StSLib"],"gold_per_floor":[115,181,8,158,158,186,186,221,275,275,287,304,304,323,323,402,402,414,252,252,252,252,281,281,307,307,336,336,336,364,377,377,448,448,462,488,504,529,529,557,61,91,117,135,162,175,175,191,191,191],"floor_reached":51,"playtime":925,"items_purged":[],"score":2421,"play_id":"72262bc7-c0ce-435d-bc79-7dc69074a780","local_time":"20201224141659","is_ascension_mode":true,"campfire_choices":[{"floor":7,"key":"REST"},{"floor":15,"key":"REST"},{"floor":24,"key":"DIG"},{"floor":32,"key":"DIG"},{"floor":47,"key":"DIG"},{"floor":49,"key":"DIG"}],"circlet_count":0,"master_deck":["AscendersBane","Reflex+1","Skewer+1","Tactician+1","Concentrate+1","Prepared+1"],"relics":["Ring of the Snake","Hammer of Thor","Seething Fire","Anvil of the Gods","NeowsBlessing","Dream Catcher","Kunai","Juzu Bracelet","Tiny Chest","HoveringKite","Bag of Preparation","Shovel","Paper Crane","Anchor","Meat on the Bone","Nunchaku","Peace Pipe","WarpedTongs","Blood Vial","Pear","Sozu","Ancient Tea Set","Dead Branch","Ginger","Chemical X","FossilizedHelix","Art of War","Pen Nib","Oddly Smooth Stone","Happy Flower"],"acts_visited":["Exordium","TheCity","TheBeyond"],"potions_floor_usage":[],"damage_taken":[{"damage":0,"enemies":"Cultist","floor":1,"turns":1},{"damage":0,"enemies":"Lagavulin","floor":6,"turns":1},{"damage":0,"enemies":"3 Sentries","floor":8,"turns":1},{"damage":0,"enemies":"Jaw Worm","floor":11,"turns":1},{"damage":0,"enemies":"Small Slimes","floor":12,"turns":1},{"damage":0,"enemies":"2 Fungi Beasts","floor":14,"turns":1},{"damage":0,"enemies":"The Guardian","floor":16,"turns":1},{"damage":0,"enemies":"3 Byrds","floor":18,"turns":1},{"damage":0,"enemies":"Book of Stabbing","floor":23,"turns":1},{"damage":0,"enemies":"Slavers","floor":25,"turns":1},{"damage":0,"enemies":"Book of Stabbing","floor":27,"turns":1},{"damage":0,"enemies":"Gremlin Leader","floor":30,"turns":1},{"damage":0,"enemies":"2 Thieves","floor":31,"turns":1},{"damage":0,"enemies":"Champ","floor":33,"turns":1},{"damage":0,"enemies":"3 Darklings","floor":35,"turns":1},{"damage":0,"enemies":"Orb Walker","floor":37,"turns":1},{"damage":0,"enemies":"Mind Bloom Boss Battle","floor":38,"turns":1},{"damage":0,"enemies":"Giant Head","floor":40,"turns":1},{"damage":0,"enemies":"Reptomancer","floor":42,"turns":1},{"damage":0,"enemies":"Maw","floor":44,"turns":1},{"damage":0,"enemies":"Giant Head","floor":45,"turns":1},{"damage":32,"enemies":"4 Shapes","floor":46,"turns":1},{"damage":0,"enemies":"Writhing Mass","floor":48,"turns":1},{"damage":0,"enemies":"Awakened One","floor":50,"turns":2}],"seed_played":"-9083365893084433153","potions_obtained":[{"floor":6,"key":"LiquidBronze"},{"floor":11,"key":"Regen Potion"}],"is_trial":false,"path_per_floor":["M","?","$","?","?","E","R","E","T","?","M","M","?","M","R","B",null,"M","$","?","T","?","E","R","E","T","E","?","?","E","M","R","B",null,"M","T","M","?","?","E","$","E","T","M","E","M","R","M","R","B",null],"character_chosen":"THE_SILENT","items_purchased":["Dream Catcher","Bag of Preparation","Chemical X","FossilizedHelix"],"campfire_rested":2,"item_purchase_floors":[3,19,41,41],"current_hp_per_floor":[59,59,59,59,59,59,66,66,66,66,66,66,66,66,66,66,66,66,66,66,66,66,66,66,66,66,66,66,66,66,66,76,76,76,76,76,76,76,76,76,76,76,76,76,76,44,44,46,46,48],"gold":191,"neow_bonus":"THREE_ENEMY_KILL","is_daily":false,"chose_seed":false,"campfire_upgraded":0,"win_rate":0.0,"timestamp":1608783419,"path_taken":["M","?","?","?","?","E","R","E","T","?","M","M","?","M","R","BOSS","M","$","?","?","?","E","R","E","T","E","?","?","E","M","R","BOSS","M","?","M","?","?","E","?","E","T","M","E","M","R","M","R","BOSS"],"items_purchased_type":["Relic","Relic","Relic","Relic"],"build_version":"2020-12-22","purchased_purges":0,"victory":true,"max_hp_per_floor":[66,66,66,66,66,66,66,66,66,66,66,66,66,66,66,66,66,66,66,66,66,66,66,66,66,66,66,66,66,66,66,76,76,76,76,76,76,76,76,76,76,76,76,76,76,76,76,76,76,76],"card_choices":[{"not_picked":["Flying Knee","Cloak And Dagger","Reflex"],"picked":"SKIP","floor":1},{"not_picked":["Concentrate","Choke","Acrobatics"],"picked":"SKIP","floor":6},{"not_picked":["PiercingWail","Escape Plan","Deflect"],"picked":"SKIP","floor":8},{"not_picked":["Setup","Sucker Punch","Flying Knee"],"picked":"SKIP","floor":11},{"not_picked":["Dagger Throw","Quick Slash","Cloak And Dagger"],"picked":"SKIP","floor":12},{"not_picked":["PiercingWail","Tactician","Underhanded Strike"],"picked":"SKIP","floor":14},{"not_picked":["Dagger Spray","Deflect","Underhanded Strike+1"],"picked":"SKIP","floor":18},{"not_picked":["Underhanded Strike","Dodge and Roll","Prepared"],"picked":"SKIP","floor":23},{"not_picked":["Calculated Gamble","Eviscerate","Noxious Fumes"],"picked":"SKIP","floor":25},{"not_picked":["Backflip","Deflect","Finisher"],"picked":"SKIP","floor":27},{"not_picked":["Dagger Spray","Endless Agony","Poisoned Stab"],"picked":"SKIP","floor":30},{"not_picked":["Dodge and Roll","Leg Sweep","Flechettes"],"picked":"SKIP","floor":31},{"not_picked":["PiercingWail+1","Flying Knee","Backstab"],"picked":"SKIP","floor":35},{"not_picked":["Acrobatics","Backflip","Dagger Throw"],"picked":"SKIP","floor":37},{"not_picked":["Poisoned Stab","Slice","Setup"],"picked":"SKIP","floor":40},{"not_picked":["Dagger Throw","Catalyst","Predator"],"picked":"SKIP","floor":42},{"not_picked":["Eviscerate+1","Choke","Slice+1"],"picked":"SKIP","floor":44},{"not_picked":["Cloak And Dagger","Infinite Blades+1","Burst"],"picked":"SKIP","floor":45},{"not_picked":["Setup","Backflip+1","PiercingWail"],"picked":"SKIP","floor":46},{"not_picked":["Predator","Flechettes","Backflip"],"picked":"SKIP","floor":48}],"player_experience":167311,"relics_obtained":[{"floor":6,"key":"Kunai"},{"floor":8,"key":"Juzu Bracelet"},{"floor":9,"key":"Tiny Chest"},{"floor":21,"key":"Paper Crane"},{"floor":23,"key":"Anchor"},{"floor":24,"key":"Meat on the Bone"},{"floor":25,"key":"Nunchaku"},{"floor":27,"key":"Peace Pipe"},{"floor":30,"key":"Blood Vial"},{"floor":32,"key":"Pear"},{"floor":36,"key":"Ancient Tea Set"},{"floor":38,"key":"Dead Branch"},{"floor":40,"key":"Ginger"},{"floor":43,"key":"Art of War"},{"floor":45,"key":"Pen Nib"},{"floor":47,"key":"Oddly Smooth Stone"},{"floor":49,"key":"Happy Flower"}],"event_choices":[{"damage_healed":0,"gold_gain":66,"player_choice":"Gained Gold","damage_taken":0,"max_hp_gain":0,"max_hp_loss":0,"event_name":"Golden Wing","floor":2,"gold_loss":0},{"damage_healed":0,"gold_gain":150,"player_choice":"AGREE","damage_taken":0,"max_hp_gain":0,"max_hp_loss":0,"event_name":"Liars Game","floor":4,"gold_loss":0,"cards_obtained":["Doubt"]},{"damage_healed":0,"gold_gain":0,"player_choice":"Ignored","damage_taken":0,"max_hp_gain":0,"max_hp_loss":0,"event_name":"Shining Light","floor":5,"gold_loss":0},{"cards_removed":["Concentrate"],"damage_healed":0,"gold_gain":0,"player_choice":"Forget","damage_taken":0,"max_hp_gain":0,"max_hp_loss":0,"event_name":"Living Wall","floor":10,"gold_loss":0},{"cards_removed":["Prepared"],"damage_healed":5,"gold_gain":0,"player_choice":"Offered Common","damage_taken":0,"max_hp_gain":0,"max_hp_loss":0,"event_name":"Bonfire Elementals","floor":13,"gold_loss":0},{"cards_removed":["Prepared"],"damage_healed":5,"gold_gain":0,"player_choice":"Offered Special","damage_taken":0,"max_hp_gain":0,"max_hp_loss":0,"event_name":"Bonfire Elementals","floor":13,"gold_loss":0},{"damage_healed":0,"gold_gain":0,"player_choice":"Opened","damage_taken":0,"relics_obtained":["Shovel"],"max_hp_gain":0,"max_hp_loss":0,"event_name":"The Mausoleum","floor":20,"gold_loss":0,"cards_obtained":["Writhe"]},{"damage_healed":0,"gold_gain":0,"player_choice":"Ignored","damage_taken":0,"max_hp_gain":0,"max_hp_loss":0,"event_name":"Vampires","floor":22,"gold_loss":0},{"damage_healed":13,"gold_gain":0,"player_choice":"Heal","damage_taken":0,"max_hp_gain":0,"max_hp_loss":0,"event_name":"The Library","floor":28,"gold_loss":0},{"damage_healed":0,"gold_gain":0,"player_choice":"Rummage","damage_taken":0,"relics_obtained":["WarpedTongs"],"max_hp_gain":0,"max_hp_loss":0,"event_name":"Accursed Blacksmith","floor":29,"gold_loss":0,"cards_obtained":["Pain"]},{"damage_healed":0,"gold_gain":0,"player_choice":"Fight","damage_taken":0,"max_hp_gain":0,"max_hp_loss":0,"event_name":"MindBloom","floor":38,"gold_loss":0},{"damage_healed":15,"gold_gain":0,"player_choice":"Writhe","damage_taken":0,"max_hp_gain":0,"max_hp_loss":0,"event_name":"Winding Halls","floor":39,"gold_loss":0,"cards_obtained":["Writhe"]}],"is_beta":false,"boss_relics":[{"not_picked":["Ectoplasm","Velvet Choker"],"picked":"HoveringKite"},{"not_picked":["Runic Dome","Snecko Eye"],"picked":"Sozu"}],"items_purged_floors":[],"is_endless":false,"potions_floor_spawned":[6,11,14,18,27,31,33,35,44,45,46,48],"ascension_level":16}}