{"host":"sc0o2qwpf9j16a4i","time":1608851405,"event":{"mods":["AchievementEnabler","BaseMod","BetterRewards","Block Reminder","Colored Map","Colored Powertips","Custom Start","Highlight Path","Minty Spire (QoL Compilation)","Relic Stats"],"gold_per_floor":[115,265,265,283,300,300,300,300],"floor_reached":7,"playtime":189,"items_purged":["Strike_B"],"score":82,"play_id":"7d0dfe7c-5c17-4a81-8dc0-47d9ede770bc","local_time":"20201225011005","is_ascension_mode":true,"campfire_choices":[{"data":"Zap","floor":6,"key":"SMITH"}],"circlet_count":0,"master_deck":["AscendersBane","Strike_B","Strike_B","Strike_B","Defend_B","Defend_B","Defend_B","Defend_B","Zap+1","Dualcast","Chill","Doubt","Hologram","Self Repair"],"relics":["Cracked Core","Membership Card","Anchor"],"acts_visited":["Exordium"],"potions_floor_usage":[7],"damage_taken":[{"damage":4,"enemies":"Small Slimes","floor":1,"turns":4},{"damage":12,"enemies":"Cultist","floor":4,"turns":6},{"damage":1,"enemies":"2 Louse","floor":5,"turns":3},{"damage":76,"enemies":"Gremlin Nob","floor":7,"turns":4}],"seed_played":"5751225301808509762","potions_obtained":[{"floor":4,"key":"Fruit Juice"}],"is_trial":false,"path_per_floor":["M","?","?","M","M","R","E"],"character_chosen":"DEFECT","items_purchased":["Membership Card","Anchor"],"campfire_rested":0,"item_purchase_floors":[0,0],"current_hp_per_floor":[47,47,71,59,58,58,0,0],"gold":300,"neow_bonus":"","is_daily":false,"chose_seed":false,"campfire_upgraded":1,"win_rate":0.0,"timestamp":1608851405,"path_taken":["M","?","?","M","M","R","E"],"items_purchased_type":["Relic","Relic"],"build_version":"2020-12-22","purchased_purges":1,"victory":false,"max_hp_per_floor":[71,71,71,71,71,71,76,76],"relic_stats":{"counters":[16,63],"obtain_stats":[{"Girya":9,"Anchor":0,"Astrolabe":17,"MealTicket":0,"Membership Card":0,"Cracked Core":0,"Meat on the Bone":7},{"Girya":5,"Anchor":12,"Astrolabe":9,"MealTicket":0,"Membership Card":12,"Cracked Core":0,"Meat on the Bone":5},{"Girya":19,"Anchor":46,"Astrolabe":32,"MealTicket":0,"Membership Card":46,"Cracked Core":0,"Meat on the Bone":19}]},"card_choices":[{"not_picked":["Redo","Steam"],"picked":"Chill","floor":1},{"not_picked":["Streamline","Blizzard"],"picked":"Hologram","floor":4},{"not_picked":["Go for the Eyes","Hologram"],"picked":"Self Repair","floor":5}],"player_experience":362339,"relics_obtained":[],"event_choices":[{"damage_healed":0,"gold_gain":150,"player_choice":"AGREE","damage_taken":0,"max_hp_gain":0,"max_hp_loss":0,"event_name":"Liars Game","floor":2,"gold_loss":0,"cards_obtained":["Doubt"]},{"damage_healed":24,"gold_gain":0,"player_choice":"Full Heal","damage_taken":0,"max_hp_gain":0,"max_hp_loss":0,"event_name":"Wheel of Change","floor":3,"gold_loss":0}],"is_beta":false,"boss_relics":[],"items_purged_floors":[0],"is_endless":false,"potions_floor_spawned":[4],"killed_by":"Gremlin Nob","ascension_level":20}}