{"host":"ci7ivtocgfxh0ueo","time":1608811806,"event":{"mods":["BaseMod","GifTheSpireLib","Minty Spire (QoL Compilation)","StSLib"],"gold_per_floor":[115,125,275,275,350,350,45,61,86,99,99,134,134,134,134,210,260,273,273,273,14,14,14,48,61,61,61,61],"floor_reached":27,"playtime":661,"items_purged":["Doubt"],"score":420,"play_id":"b08f8bea-9858-4c51-888c-6f83fb4bb55e","local_time":"20201224201006","is_ascension_mode":true,"campfire_choices":[{"floor":6,"key":"REST"},{"data":"Dash","floor":11,"key":"SMITH"},{"floor":15,"key":"REST"},{"data":"Dash","floor":23,"key":"SMITH"}],"circlet_count":0,"master_deck":["AscendersBane","Strike_G","Strike_G+1","Strike_G","Strike_G","Strike_G","Defend_G+1","Defend_G+1","Defend_G","Defend_G","Defend_G","Survivor","Neutralize+1","Dash+1","Quick Slash","Riddle With Holes","Dash+1","Dash"],"relics":["Ring of the Snake","Akabeko","Omamori","Bronze Scales","Singing Bowl","WarpedTongs","Tiny House","Membership Card","Mummified Hand","Ancient Tea Set","StrikeDummy"],"acts_visited":["Exordium","TheCity"],"potions_floor_usage":[12,16,16,24,24],"damage_taken":[{"damage":10,"enemies":"Cultist","floor":1,"turns":5},{"damage":0,"enemies":"Jaw Worm","floor":2,"turns":3},{"damage":0,"enemies":"2 Louse","floor":8,"turns":2},{"damage":0,"enemies":"Exordium Wildlife","floor":10,"turns":4},{"damage":4,"enemies":"3 Sentries","floor":12,"turns":7},{"damage":36,"enemies":"Slime Boss","floor":16,"turns":17},{"damage":0,"enemies":"3 Byrds","floor":18,"turns":4},{"damage":18,"enemies":"Gremlin Leader","floor":24,"turns":8},{"damage":13,"enemies":"Spheric Guardian","floor":25,"turns":4},{"damage":38,"enemies":"Slavers","floor":27,"turns":3}],"seed_played":"-1576812601465530521","potions_obtained":[{"floor":8,"key":"SkillPotion"},{"floor":12,"key":"SkillPotion"},{"floor":17,"key":"PowerPotion"},{"floor":18,"key":"GamblersBrew"}],"is_trial":false,"path_per_floor":["M","M","?","?","?","R","$","M","T","M","R","E","?","?","R","B",null,"M","?","?","$","?","R","E","M","T","E"],"character_chosen":"THE_SILENT","items_purchased":["Omamori","PowerPotion","Membership Card","DistilledChaos","Dash"],"campfire_rested":2,"item_purchase_floors":[7,7,21,21,21],"current_hp_per_floor":[49,49,49,29,18,37,37,37,37,37,37,33,33,33,52,18,63,65,65,65,65,65,65,49,36,36,0,0],"gold":61,"neow_bonus":"RANDOM_COMMON_RELIC","is_daily":false,"chose_seed":false,"campfire_upgraded":2,"win_rate":0.0,"timestamp":1608811806,"path_taken":["M","?","?","?","?","R","$","M","T","?","R","E","?","?","R","BOSS","M","?","?","$","?","R","E","M","T","E"],"items_purchased_type":["Relic","Potion","Relic","Potion","Card"],"build_version":"2020-12-22","purchased_purges":1,"victory":false,"max_hp_per_floor":[66,66,66,66,66,66,66,66,66,66,66,66,66,66,66,68,75,77,77,77,77,77,77,79,79,79,79,79],"card_choices":[{"not_picked":["Deadly Poison","Heel Hook"],"picked":"Dash","floor":1},{"not_picked":["Deflect","Bane"],"picked":"Quick Slash","floor":2},{"not_picked":["Concentrate","Blade Dance","Deflect"],"picked":"SKIP","floor":8},{"not_picked":["Acrobatics","Flechettes","Skewer"],"picked":"SKIP","floor":10},{"not_picked":["Masterful Stab","Poisoned Stab"],"picked":"Riddle With Holes","floor":12},{"not_picked":["Malaise","Tools of the Trade","Night Terror"],"picked":"Singing Bowl","floor":16},{"not_picked":["Catalyst","Bouncing Flask","Noxious Fumes"],"picked":"Singing Bowl","floor":17},{"not_picked":["Prepared","Flying Knee","Riddle With Holes"],"picked":"Singing Bowl","floor":18},{"not_picked":["Eviscerate","PiercingWail","Endless Agony"],"picked":"Singing Bowl","floor":24},{"not_picked":["Backstab","Dodge and Roll"],"picked":"Dash","floor":25}],"player_experience":1288389,"relics_obtained":[{"floor":9,"key":"Bronze Scales"},{"floor":12,"key":"Singing Bowl"},{"floor":24,"key":"Ancient Tea Set"},{"floor":26,"key":"StrikeDummy"}],"event_choices":[{"damage_healed":0,"gold_gain":150,"player_choice":"AGREE","damage_taken":0,"max_hp_gain":0,"max_hp_loss":0,"event_name":"Liars Game","floor":3,"gold_loss":0,"cards_obtained":["Doubt"]},{"damage_healed":0,"gold_gain":0,"player_choice":"Entered Light","damage_taken":20,"max_hp_gain":0,"max_hp_loss":0,"event_name":"Shining Light","floor":4,"gold_loss":0,"cards_upgraded":["Defend_G","Defend_G"]},{"damage_healed":0,"gold_gain":75,"player_choice":"Gather Gold","damage_taken":11,"max_hp_gain":0,"max_hp_loss":0,"event_name":"World of Goop","floor":5,"gold_loss":0},{"damage_healed":0,"gold_gain":0,"player_choice":"Grow","damage_taken":0,"max_hp_gain":0,"max_hp_loss":0,"event_name":"Living Wall","floor":13,"gold_loss":0,"cards_upgraded":["Neutralize"]},{"damage_healed":0,"gold_gain":0,"player_choice":"Rummage","damage_taken":0,"relics_obtained":["WarpedTongs"],"max_hp_gain":0,"max_hp_loss":0,"event_name":"Accursed Blacksmith","floor":14,"gold_loss":0,"cards_obtained":["Pain"]},{"damage_healed":0,"gold_gain":0,"player_choice":"Ignored","damage_taken":0,"max_hp_gain":0,"max_hp_loss":0,"event_name":"Ghosts","floor":19,"gold_loss":0},{"damage_healed":0,"gold_gain":0,"player_choice":"Ignored","damage_taken":0,"max_hp_gain":0,"max_hp_loss":0,"event_name":"Cursed Tome","floor":20,"gold_loss":0},{"damage_healed":0,"gold_gain":0,"player_choice":"Stole Relic","damage_taken":0,"relics_obtained":["Mummified Hand"],"max_hp_gain":0,"max_hp_loss":0,"event_name":"Addict","floor":22,"gold_loss":0,"cards_obtained":["Shame"]}],"is_beta":false,"boss_relics":[{"not_picked":["Runic Pyramid","Coffee Dripper"],"picked":"Tiny House"}],"items_purged_floors":[7],"is_endless":false,"potions_floor_spawned":[8,12,18],"killed_by":"Slavers","ascension_level":17}}