{"host":"z5ys1wbqpsyqmecy","time":1608837567,"event":{"mods":["BaseMod","Colored Map","Colored Powertips","Minty Spire (QoL Compilation)","Relic Stats"],"gold_per_floor":[118,47,59,59,77,77,109,109,109,122,141,141,141,158,158,256,256,269,280,379,39,49,75,75,87,162,162,175,188,221,221,221,221,221],"floor_reached":33,"playtime":2805,"items_purged":[],"score":316,"play_id":"0b492b96-6414-4765-8b8c-25938b43c13d","local_time":"20201224111927","is_ascension_mode":false,"campfire_choices":[{"data":"Infinite Blades","floor":6,"key":"SMITH"},{"data":"Infinite Blades","floor":8,"key":"SMITH"},{"floor":15,"key":"REST"},{"floor":24,"key":"REST"},{"floor":32,"key":"REST"}],"circlet_count":0,"master_deck":["Strike_G","Strike_G","Strike_G","Strike_G","Strike_G","Defend_G","Defend_G","Defend_G","Defend_G","Defend_G","Survivor","Neutralize","Infinite Blades+1","Infinite Blades+1","Terror","Predator","Bouncing Flask","Crippling Poison","Infinite Blades","Regret","Noxious Fumes","Die Die Die","Dash+1","Poisoned Stab","Backstab","Outmaneuver","Dagger Throw","Finisher+1","Deadly Poison","Dash+1","Night Terror"],"relics":["Ring of the Snake","NeowsBlessing","Ancient Tea Set","Snake Skull","Pear","Bag of Marbles","WristBlade","PreservedInsect","Medical Kit","FossilizedHelix","HornCleat","Ornamental Fan","Paper Crane"],"acts_visited":["Exordium","TheCity"],"potions_floor_usage":[16,23,29,30,31],"damage_taken":[{"damage":0,"enemies":"Small Slimes","floor":1,"turns":1},{"damage":0,"enemies":"Cultist","floor":3,"turns":1},{"damage":0,"enemies":"2 Louse","floor":5,"turns":2},{"damage":24,"enemies":"Lagavulin","floor":7,"turns":7},{"damage":4,"enemies":"Exordium Wildlife","floor":10,"turns":3},{"damage":22,"enemies":"Gremlin Gang","floor":11,"turns":4},{"damage":7,"enemies":"2 Fungi Beasts","floor":14,"turns":3},{"damage":29,"enemies":"Slime Boss","floor":16,"turns":6},{"damage":10,"enemies":"Chosen","floor":18,"turns":4},{"damage":12,"enemies":"3 Byrds","floor":19,"turns":5},{"damage":35,"enemies":"Centurion and Healer","floor":22,"turns":5},{"damage":13,"enemies":"Gremlin Leader","floor":23,"turns":3},{"damage":0,"enemies":"Snake Plant","floor":25,"turns":3},{"damage":29,"enemies":"Chosen and Byrds","floor":28,"turns":5},{"damage":0,"enemies":"Snecko","floor":29,"turns":3},{"damage":0,"enemies":"Slavers","floor":30,"turns":5},{"damage":0,"enemies":"Shelled Parasite and Fungi","floor":31,"turns":1},{"damage":49,"enemies":"Automaton","floor":33,"turns":6}],"seed_played":"5167162930797560095","potions_obtained":[{"floor":1,"key":"Explosive Potion"},{"floor":10,"key":"CunningPotion"},{"floor":22,"key":"Explosive Potion"},{"floor":23,"key":"PowerPotion"},{"floor":29,"key":"PowerPotion"},{"floor":30,"key":"SmokeBomb"}],"is_trial":false,"path_per_floor":["M","$","M","?","M","R","E","R","T","M","M","?","?","M","R","B",null,"M","M","?","$","M","E","R","M","T","?","M","M","E","M","R","B"],"character_chosen":"THE_SILENT","items_purchased":["Infinite Blades","Backstab","PreservedInsect","Medical Kit"],"campfire_rested":3,"item_purchase_floors":[2,21,21,21],"current_hp_per_floor":[70,70,70,70,70,70,46,46,56,52,30,30,30,23,47,18,80,70,58,58,58,23,10,34,34,34,34,5,5,5,5,29,0,0],"gold":221,"neow_bonus":"THREE_ENEMY_KILL","is_daily":false,"chose_seed":false,"campfire_upgraded":2,"win_rate":0.0,"timestamp":1608837567,"path_taken":["M","$","M","?","?","R","E","R","T","M","M","?","?","?","R","BOSS","M","?","?","$","M","E","R","M","T","?","M","M","E","M","R","BOSS"],"items_purchased_type":["Card","Card","Relic","Relic"],"build_version":"2020-12-22","purchased_purges":0,"victory":false,"max_hp_per_floor":[70,70,70,70,70,70,70,70,80,80,80,80,80,80,80,80,80,80,80,80,80,80,80,80,80,80,80,80,80,80,80,80,80,80],"relic_stats":{"counters":[18,67],"Ornamental Fan":[36],"Snake Skull":[70],"PreservedInsect":82,"Medical Kit":[0],"obtain_stats":[{"Pear":9,"NeowsBlessing":0,"Snake Skull":7,"PreservedInsect":21,"Paper Crane":30,"Ancient Tea Set":4,"Medical Kit":21,"HornCleat":26,"WristBlade":17,"Ornamental Fan":27,"Bag of Marbles":13,"FossilizedHelix":23,"Ring of the Snake":0},{"Pear":4,"NeowsBlessing":0,"Snake Skull":4,"PreservedInsect":10,"Paper Crane":16,"Ancient Tea Set":2,"Medical Kit":10,"HornCleat":13,"WristBlade":8,"Ornamental Fan":13,"Bag of Marbles":6,"FossilizedHelix":12,"Ring of the Snake":0},{"Pear":11,"NeowsBlessing":0,"Snake Skull":11,"PreservedInsect":36,"Paper Crane":60,"Ancient Tea Set":2,"Medical Kit":36,"HornCleat":47,"WristBlade":27,"Ornamental Fan":47,"Bag of Marbles":18,"FossilizedHelix":44,"Ring of the Snake":0}],"Ring of the Snake":[36]},"card_choices":[{"not_picked":["PiercingWail","Slice"],"picked":"Infinite Blades","floor":1},{"not_picked":["Dagger Throw","Poisoned Stab"],"picked":"Terror","floor":3},{"not_picked":["Eviscerate","Dodge and Roll"],"picked":"Predator","floor":5},{"not_picked":["Sucker Punch","Prepared"],"picked":"Bouncing Flask","floor":7},{"not_picked":["Heel Hook","Dagger Spray"],"picked":"Crippling Poison","floor":10},{"not_picked":["Dash","Riddle With Holes"],"picked":"Infinite Blades","floor":11},{"not_picked":["Dodge and Roll","Poisoned Stab"],"picked":"Noxious Fumes","floor":14},{"not_picked":["Malaise","Envenom"],"picked":"Die Die Die","floor":16},{"not_picked":["Dodge and Roll","Bane+1"],"picked":"Dash+1","floor":18},{"not_picked":["Eviscerate","Bane"],"picked":"Poisoned Stab","floor":19},{"not_picked":["Terror","Infinite Blades"],"picked":"Outmaneuver","floor":22},{"not_picked":["Dagger Spray","Predator"],"picked":"Dagger Throw","floor":23},{"not_picked":["Flying Knee+1","Outmaneuver"],"picked":"Finisher+1","floor":25},{"not_picked":["Crippling Poison+1","Outmaneuver"],"picked":"Deadly Poison","floor":28},{"not_picked":["Slice","Dagger Throw"],"picked":"Dash+1","floor":29},{"not_picked":["Backflip","Bane"],"picked":"Night Terror","floor":30}],"player_experience":7991,"relics_obtained":[{"floor":7,"key":"Snake Skull"},{"floor":9,"key":"Pear"},{"floor":23,"key":"FossilizedHelix"},{"floor":26,"key":"HornCleat"},{"floor":30,"key":"Paper Crane"}],"event_choices":[{"damage_healed":0,"gold_gain":0,"player_choice":"Gave Potion","damage_taken":0,"relics_obtained":["Ancient Tea Set"],"max_hp_gain":0,"max_hp_loss":0,"event_name":"WeMeetAgain","floor":4,"gold_loss":0},{"damage_healed":0,"gold_gain":0,"player_choice":"Ignored","damage_taken":0,"max_hp_gain":0,"max_hp_loss":0,"event_name":"Liars Game","floor":12,"gold_loss":0},{"damage_healed":0,"gold_gain":0,"player_choice":"Box","damage_taken":0,"relics_obtained":["Bag of Marbles"],"max_hp_gain":0,"max_hp_loss":0,"event_name":"Big Fish","floor":13,"gold_loss":0,"cards_obtained":["Regret"]},{"damage_healed":0,"gold_gain":99,"player_choice":"Stole From Cult","damage_taken":0,"max_hp_gain":0,"max_hp_loss":0,"event_name":"Nest","floor":20,"gold_loss":0},{"damage_healed":0,"gold_gain":0,"player_choice":"Opened","damage_taken":0,"relics_obtained":["Ornamental Fan"],"max_hp_gain":0,"max_hp_loss":0,"event_name":"The Mausoleum","floor":27,"gold_loss":0}],"is_beta":false,"boss_relics":[{"not_picked":["Sozu","Ectoplasm"],"picked":"WristBlade"}],"items_purged_floors":[],"is_endless":false,"potions_floor_spawned":[1,10,22,23,29,30],"killed_by":"Automaton","ascension_level":0}}