{"host":"qjr2x8lg4bxz99yh","time":1608843119,"event":{"mods":["Act Like it!","BaseMod","Colored Powertips","Downfall","Friendly Minions","Hallownest","Hermit","Minty Spire (QoL Compilation)","Replay The Spire","StSLib","The Bug Knight","The Cursed","The Disciple","The Hierophant","The Jungle","The Necromancer","The Runesmith","everything is the same but u backflip on backflip"],"gold_per_floor":[112,132,132,132,132,132,152,152,177,191,191,366,385,403,403,421,421,421,421],"floor_reached":18,"playtime":730,"items_purged":[],"score":139,"play_id":"4e56c662-5901-4f4a-8e97-dfcfe0817d10","local_time":"20201224145159","is_ascension_mode":false,"campfire_choices":[{"floor":8,"key":"REST"},{"floor":15,"key":"REST"},{"floor":17,"key":"REST"}],"circlet_count":0,"master_deck":["Strike_B","Strike_B","Strike_B","Strike_B","Defend_B","Defend_B","Defend_B","Defend_B","Zap","Dualcast","The Bomb","BasicCrystalCard+1","Ball Lightning","Regret","Redo","FIFO Queue","Loop","Doubt","Beam Cell","Cold Snap","Loop"],"relics":["Cracked Core","Replay:Accelerometer","Replay:Bottled Flurry","Replay:Bottled Steam"],"acts_visited":["Exordium"],"potions_floor_usage":[9,14,16,18],"damage_taken":[{"damage":2,"enemies":"Small Slimes","floor":1,"turns":3},{"damage":9,"enemies":"2 Louse","floor":2,"turns":3},{"damage":8,"enemies":"Jaw Worm","floor":7,"turns":3},{"damage":14,"enemies":"Gremlin Nob","floor":9,"turns":2},{"damage":18,"enemies":"Looter","floor":10,"turns":3},{"damage":9,"enemies":"3 Louse","floor":13,"turns":3},{"damage":4,"enemies":"Blue Slaver","floor":14,"turns":2},{"damage":21,"enemies":"Gremlin Gang","floor":16,"turns":5},{"damage":46,"enemies":"The Guardian","floor":18,"turns":5}],"seed_played":"-2450038866686203398","potions_obtained":[{"floor":1,"key":"Death Potion"},{"floor":9,"key":"PowerPotion"},{"floor":13,"key":"DistilledChaos"},{"floor":16,"key":"Dexterity Potion"}],"is_trial":false,"path_per_floor":["M","M","?","PTL","PTL","?","M","R","E","M","T","?","M","M","R","M","R","B"],"character_chosen":"DEFECT","items_purchased":[],"campfire_rested":3,"item_purchase_floors":[],"current_hp_per_floor":[66,57,57,57,57,57,49,68,54,36,36,36,27,23,43,22,42,0,0],"gold":421,"neow_bonus":"RANDOM_COLORLESS_2","is_daily":false,"chose_seed":false,"campfire_upgraded":0,"win_rate":0.0,"timestamp":1608843119,"path_taken":["M","M","?","PTL","PTL","?","M","R","E","M","T","?","M","?","R","M","R","BOSS"],"items_purchased_type":[],"build_version":"2020-12-22","purchased_purges":0,"victory":false,"max_hp_per_floor":[68,68,68,68,68,68,68,68,68,68,68,68,68,68,68,68,68,68,68],"card_choices":[{"not_picked":["expansioncontent:Corrupt","Secret Technique"],"picked":"The Bomb","floor":0},{"not_picked":["Sweeping Beam","Go for the Eyes"],"picked":"BasicCrystalCard","floor":1},{"not_picked":["BasicCrystalCard","Redo"],"picked":"Ball Lightning","floor":2},{"not_picked":["Panic Button","ReplayTheSpireMod:Reroute Power"],"picked":"Redo","floor":7},{"not_picked":["Gash","Redo"],"picked":"FIFO Queue","floor":9},{"not_picked":["Self Repair","Conserve Battery"],"picked":"Loop","floor":10},{"not_picked":["Loop","Stack"],"picked":"Beam Cell","floor":13},{"not_picked":["Barrage","Sweeping Beam"],"picked":"Cold Snap","floor":14},{"not_picked":["Cold Snap","Beam Cell"],"picked":"Loop","floor":16}],"player_experience":29708,"relics_obtained":[{"floor":9,"key":"Replay:Bottled Flurry"},{"floor":11,"key":"Replay:Bottled Steam"}],"event_choices":[{"damage_healed":0,"gold_gain":0,"player_choice":"Grow","damage_taken":0,"max_hp_gain":0,"max_hp_loss":0,"event_name":"Living Wall","floor":3,"gold_loss":0,"cards_upgraded":["BasicCrystalCard"]},{"damage_healed":0,"gold_gain":0,"player_choice":"Box","damage_taken":0,"relics_obtained":["Replay:Accelerometer"],"max_hp_gain":0,"max_hp_loss":0,"event_name":"Big Fish","floor":6,"gold_loss":0,"cards_obtained":["Regret"]},{"damage_healed":0,"gold_gain":175,"player_choice":"AGREE","damage_taken":0,"max_hp_gain":0,"max_hp_loss":0,"event_name":"Liars Game","floor":12,"gold_loss":0,"cards_obtained":["Doubt"]}],"is_beta":false,"boss_relics":[],"items_purged_floors":[],"is_endless":false,"potions_floor_spawned":[1,9,13,16],"killed_by":"The Guardian","ascension_level":0}}