{"host":"nk1hwk2qadwaubm5","time":1608810681,"event":{"mods":["BaseMod","Hermit","Infinite Spire","Marisa????????","Minty Spire (QoL Compilation)","Replay The Spire","StSLib","The Animator","The Cursed","The Jungle","The Servant 0.9.4"],"gold_per_floor":[109,29,29,29,204,204,236,236,313,329,363,27,58,76,76,172,172,192,203,203,218,236,261,261,261,315,315,315,165,183,194,194,193,193,213,213,263,281,296,327,341,341,367,367,400,418,431,459,459,459,459,459,27,57,57],"floor_reached":56,"playtime":45386,"items_purged":["Doubt","Strike_G"],"score":1425,"play_id":"ccba1acc-0256-4bc9-bc6d-19ca2bc00e58","local_time":"20201224125121","is_ascension_mode":false,"campfire_choices":[{"data":"All Out Attack","floor":6,"key":"SMITH"},{"data":"Neutralize","floor":8,"key":"SMITH"},{"data":"Flechettes","floor":24,"key":"SMITH"},{"data":"Footwork","floor":28,"key":"SMITH"},{"data":"Footwork","floor":32,"key":"SMITH"},{"floor":42,"key":"RECALL"},{"floor":49,"key":"REST"},{"floor":52,"key":"REST"}],"circlet_count":0,"master_deck":["Strike_G","Defend_G","Defend_G","Defend_G","Defend_G","Defend_G+1","Survivor","Neutralize+1","ReplayTheSpireMod:Speed Training","All Out Attack+1","Flechettes+1","Blade Dance+1","Well Laid Plans+1","Leg Sweep","Unload","Backflip+1","infinitespire:Execution","Footwork+1","Glass Knife","Footwork+1","Masterful Stab","Backflip","Dash+1","Quick Slash+1","Backflip","Blur","Parasite","Voices","Flechettes+1","Replay:Poison Smokescreen","Replay:Poison Smokescreen","Finesse","Backflip","Backflip","Crippling Poison+1"],"relics":["Ring of the Snake","NeowsBlessing","infinitespire:ShieldingShard","infinitespire:WardingShard","ReplayFunnel","Gremlin Food","Eternal Feather","Cursed Key","infinitespire:CursedDice","Lantern","Replay:Rubber Ducky","Replay:Grab Bag","Fusion Hammer","Velvet Choker","Empty Cage","SacredBark","infinitespire:Lychee Nut","Pantograph","Snack Pack","Anchor","DollysMirror","Bottled Tornado"],"acts_visited":["Exordium","Exordium","TheBeyond","TheEnding"],"potions_floor_usage":[22,45,50,55],"damage_taken":[{"damage":0,"enemies":"Small Slimes","floor":1,"turns":1},{"damage":0,"enemies":"Gremlin Nob","floor":7,"turns":1},{"damage":0,"enemies":"2 Louse","floor":10,"turns":1},{"damage":5,"enemies":"Replay:BlueRogue","floor":11,"turns":6},{"damage":0,"enemies":"3 Sentries","floor":13,"turns":5},{"damage":0,"enemies":"Jaw Worm","floor":14,"turns":3},{"damage":1,"enemies":"The Guardian","floor":16,"turns":14},{"damage":0,"enemies":"theJungle:5_Spyders","floor":18,"turns":7},{"damage":0,"enemies":"theJungle:MUSHROOMGANG","floor":19,"turns":4},{"damage":0,"enemies":"theJungle:Snecko_Cultist_And_Trap","floor":21,"turns":6},{"damage":2,"enemies":"theJungle:2_Flameangoes","floor":22,"turns":7},{"damage":8,"enemies":"theJungle:MamaSnecko","floor":23,"turns":6},{"damage":0,"enemies":"theJungle:Lyon","floor":30,"turns":5},{"damage":0,"enemies":"theJungle:SlimyTreeVines","floor":31,"turns":5},{"damage":12,"enemies":"theJungle:TotemBoss","floor":33,"turns":12},{"damage":0,"enemies":"3 Shapes","floor":35,"turns":5},{"damage":5,"enemies":"Mind Bloom Boss Battle","floor":37,"turns":7},{"damage":0,"enemies":"Orb Walker","floor":38,"turns":3},{"damage":0,"enemies":"Maw","floor":39,"turns":7},{"damage":0,"enemies":"R_Hoarder","floor":40,"turns":7},{"damage":0,"enemies":"Writhing Mass","floor":41,"turns":7},{"damage":6,"enemies":"Reptomancer","floor":45,"turns":7},{"damage":0,"enemies":"4 Shapes","floor":46,"turns":9},{"damage":0,"enemies":"3 Darklings","floor":47,"turns":6},{"damage":0,"enemies":"Nemesis","floor":48,"turns":9},{"damage":0,"enemies":"Donu and Deca","floor":50,"turns":17},{"damage":16,"enemies":"Shield and Spear","floor":54,"turns":10},{"damage":14,"enemies":"The Heart","floor":55,"turns":11}],"seed_played":"-3820031869961395858","potions_obtained":[{"floor":7,"key":"Block Potion"},{"floor":11,"key":"EssenceOfSteel"},{"floor":13,"key":"SpeedPotion"},{"floor":23,"key":"GhostInAJar"},{"floor":41,"key":"DuplicationPotion"},{"floor":48,"key":"SteroidPotion"}],"is_trial":false,"path_per_floor":["M","$","?","?","?","R","E","R","T","M","E","$","E","M","R","B",null,"M","M","AVR","M","M","E","R","?","T","?","R","$","M","M","R","B",null,"M","?","?","M","M","E","M","R","T","?","E","M","M","E","R","B",null,"R","$","E","B",null],"character_chosen":"THE_SILENT","items_purchased":["All Out Attack","Blade Dance+1","Gremlin Food","Well Laid Plans","Footwork","Masterful Stab","Anchor","DollysMirror","Finesse","Backflip"],"campfire_rested":2,"item_purchase_floors":[2,12,12,12,29,29,53,53,53,53],"current_hp_per_floor":[70,70,75,68,68,68,68,68,68,68,63,63,63,63,57,56,75,75,75,75,75,73,65,75,70,70,70,80,80,80,80,80,68,80,80,76,57,57,57,57,57,57,57,57,52,57,57,57,57,57,57,57,57,41,45],"gold":57,"neow_bonus":"THREE_ENEMY_KILL","is_daily":false,"chose_seed":false,"campfire_upgraded":5,"win_rate":0.0,"timestamp":1608810681,"path_taken":["M","$","?","?","?","R","E","R","T","?","E","$","E","M","R","BOSS","M","M","AVR","M","M","E","R","?","T","?","R","$","?","M","R","BOSS","M","?","?","M","M","E","M","R","T","?","E","?","M","E","R","BOSS","R","$","E","BOSS"],"items_purchased_type":["Card","Card","Relic","Card","Card","Card","Relic","Relic","Card","Card"],"build_version":"2020-12-22","purchased_purges":2,"victory":true,"max_hp_per_floor":[70,70,75,75,75,75,75,75,75,75,75,75,75,75,75,75,75,75,75,75,75,75,75,75,80,80,80,80,80,80,80,80,80,80,80,76,57,57,57,57,57,57,57,57,57,57,57,57,57,57,57,57,57,57,57],"card_choices":[{"not_picked":["Slice","Choke"],"picked":"ReplayTheSpireMod:Speed Training","floor":1},{"not_picked":["Prepared","Caltrops","Slice"],"picked":"SKIP","floor":7},{"not_picked":["Backflip","Outmaneuver"],"picked":"Flechettes","floor":10},{"not_picked":["PiercingWail","Sucker Punch","Acrobatics"],"picked":"SKIP","floor":11},{"not_picked":["Blur","Escape Plan"],"picked":"Leg Sweep","floor":13},{"not_picked":["Underhanded Strike","Flying Knee","ReplayTheSpireMod:Speed Training"],"picked":"SKIP","floor":14},{"not_picked":["Die Die Die","Doppelganger"],"picked":"Unload","floor":16},{"not_picked":["Dagger Spray","Bouncing Flask"],"picked":"Backflip","floor":18},{"not_picked":["Toxin Wave","Hidden Blade","Deflect"],"picked":"SKIP","floor":19},{"not_picked":["Underhanded Strike","Dagger Spray"],"picked":"Footwork","floor":21},{"not_picked":["Hidden Blade+1","Outmaneuver","Underhanded Strike"],"picked":"SKIP","floor":22},{"not_picked":["Deflect+1","Blade Dance"],"picked":"Glass Knife","floor":23},{"not_picked":["Poisoned Stab","PiercingWail+1"],"picked":"Backflip","floor":30},{"not_picked":["ReplayTheSpireMod:Tripwire+1","Infinite Blades"],"picked":"Dash","floor":31},{"not_picked":["Acrobatics+1","Underhanded Strike+1"],"picked":"Quick Slash+1","floor":35},{"not_picked":["Dodge and Roll","Underhanded Strike+1","Well Laid Plans"],"picked":"SKIP","floor":38},{"not_picked":["Deflect","PiercingWail"],"picked":"Backflip","floor":39},{"not_picked":["All Out Attack","Bouncing Flask"],"picked":"Blur","floor":40},{"not_picked":["Backstab+1","Sucker Punch","Dagger Throw+1"],"picked":"SKIP","floor":41},{"not_picked":["Expertise","Slice","Dagger Throw"],"picked":"SKIP","floor":45},{"not_picked":["Backflip","Deadly Poison","Deflect"],"picked":"SKIP","floor":46},{"not_picked":["ReplayTheSpireMod:Speed Training+1","Tools of the Trade","Dodge and Roll"],"picked":"SKIP","floor":47},{"not_picked":["Noxious Fumes","Deadly Poison+1"],"picked":"Replay:Poison Smokescreen","floor":48},{"not_picked":["Eviscerate","Noxious Fumes"],"picked":"Crippling Poison+1","floor":54}],"player_experience":238391,"relics_obtained":[{"floor":7,"key":"infinitespire:ShieldingShard"},{"floor":9,"key":"infinitespire:WardingShard"},{"floor":11,"key":"ReplayFunnel"},{"floor":13,"key":"Eternal Feather"},{"floor":23,"key":"Lantern"},{"floor":26,"key":"Replay:Rubber Ducky"},{"floor":37,"key":"infinitespire:Lychee Nut"},{"floor":40,"key":"Pantograph"},{"floor":45,"key":"Snack Pack"},{"floor":54,"key":"Bottled Tornado"}],"event_choices":[{"damage_healed":0,"gold_gain":0,"player_choice":"Donut","damage_taken":0,"max_hp_gain":5,"max_hp_loss":0,"event_name":"Big Fish","floor":3,"gold_loss":0},{"cards_removed":["Strike_G"],"damage_healed":0,"gold_gain":0,"player_choice":"Card Removal","damage_taken":7,"max_hp_gain":0,"max_hp_loss":0,"event_name":"Golden Wing","floor":4,"gold_loss":0},{"damage_healed":0,"gold_gain":175,"player_choice":"AGREE","damage_taken":0,"max_hp_gain":0,"max_hp_loss":0,"event_name":"Liars Game","floor":5,"gold_loss":0,"cards_obtained":["Doubt"]},{"damage_healed":0,"gold_gain":0,"player_choice":"Entered Light","damage_taken":15,"max_hp_gain":0,"max_hp_loss":0,"event_name":"Shining Light","floor":15,"gold_loss":0,"cards_upgraded":["Defend_G","Well Laid Plans"]},{"damage_healed":0,"gold_gain":0,"player_choice":"Bought 0 Potions","damage_taken":0,"max_hp_gain":0,"max_hp_loss":0,"event_name":"The Woman in Blue","floor":27,"gold_loss":0},{"damage_healed":0,"gold_gain":0,"player_choice":"Max HP","damage_taken":0,"max_hp_gain":0,"max_hp_loss":4,"event_name":"Winding Halls","floor":36,"gold_loss":0},{"damage_healed":0,"gold_gain":0,"player_choice":"Fight","damage_taken":0,"max_hp_gain":0,"max_hp_loss":0,"event_name":"MindBloom","floor":37,"gold_loss":0},{"damage_healed":0,"gold_gain":0,"player_choice":"Copied","damage_taken":0,"max_hp_gain":0,"max_hp_loss":0,"event_name":"Duplicator","floor":44,"gold_loss":0,"cards_obtained":["Flechettes"]}],"is_beta":false,"boss_relics":[{"not_picked":["Black Star","Honey Jar"],"picked":"Cursed Key"},{"not_picked":["Replay:Ancient Bell","Snecko Heart"],"picked":"Replay:Grab Bag"},{"not_picked":["Runic Dome","Replay:Bronze Core"],"picked":"Fusion Hammer"},{"not_picked":["Painkiller Herb","Replay:Wanted Poster"],"picked":"Velvet Choker"},{"not_picked":["Calling Bell","WristBlade"],"picked":"Empty Cage"},{"not_picked":["Snecko Scales","Kintsugi"],"picked":"SacredBark"}],"items_purged_floors":[12,20],"is_endless":false,"potions_floor_spawned":[7,11,13,18,21,23,33,35,38,40,41,48],"ascension_level":0}}