{"host":"ilxricga2547gmyy","time":1608818500,"event":{"mods":["AchievementEnabler","BaseMod","Minty Spire (QoL Compilation)","Quick Restart","StSLib"],"gold_per_floor":[159,172,187,137,412,412,445,445,468,485,485,59,84,13,13,115,115,131,148,73,91,91,126,126,155,155,170,195,195,227,244,244,244,244],"floor_reached":33,"playtime":1001,"items_purged":["Regret"],"score":592,"play_id":"66b10aa8-883a-4bd5-bd6a-2236656cd677","local_time":"20201224150140","is_ascension_mode":true,"campfire_choices":[{"data":"Sword Boomerang","floor":6,"key":"SMITH"},{"data":"Limit Break","floor":8,"key":"SMITH"},{"data":"Shockwave","floor":11,"key":"SMITH"},{"floor":15,"key":"REST"},{"floor":24,"key":"REST"},{"data":"Reaper","floor":29,"key":"SMITH"},{"floor":32,"key":"REST"}],"circlet_count":0,"master_deck":["Strike_R","Strike_R","Strike_R","Strike_R+1","Defend_R","Defend_R","Defend_R+1","Defend_R","Bash","Spot Weakness","Thunderclap+1","Sword Boomerang+1","Cleave","Limit Break+1","Shockwave+1","Spot Weakness","Reaper+1","Pummel","Pummel","Offering","Demon Form","Headbutt","Headbutt+1","Armaments+1","Cleave","Iron Wave+1","Dropkick","Exhume+1","Uppercut"],"relics":["Tiny House","Strawberry","Blood Vial","Medical Kit","Whetstone","Sozu","Ice Cream","Turnip","Toxic Egg 2","Bottled Flame","Eternal Feather"],"acts_visited":["Exordium","TheCity"],"potions_floor_usage":[7,7,13,16,25],"damage_taken":[{"damage":2,"enemies":"2 Louse","floor":1,"turns":4},{"damage":0,"enemies":"Cultist","floor":2,"turns":4},{"damage":0,"enemies":"Small Slimes","floor":3,"turns":3},{"damage":3,"enemies":"Gremlin Nob","floor":7,"turns":2},{"damage":18,"enemies":"2 Fungi Beasts","floor":10,"turns":3},{"damage":18,"enemies":"3 Sentries","floor":13,"turns":3},{"damage":9,"enemies":"Slime Boss","floor":16,"turns":6},{"damage":12,"enemies":"3 Byrds","floor":18,"turns":3},{"damage":12,"enemies":"Chosen","floor":19,"turns":3},{"damage":7,"enemies":"Centurion and Healer","floor":21,"turns":3},{"damage":56,"enemies":"Slavers","floor":23,"turns":5},{"damage":31,"enemies":"Gremlin Leader","floor":25,"turns":5},{"damage":23,"enemies":"Snecko","floor":27,"turns":4},{"damage":30,"enemies":"Slavers","floor":28,"turns":5},{"damage":29,"enemies":"Book of Stabbing","floor":30,"turns":4},{"damage":40,"enemies":"Shelled Parasite and Fungi","floor":31,"turns":4},{"damage":81,"enemies":"Collector","floor":33,"turns":8}],"seed_played":"-8190258792726963522","potions_obtained":[{"floor":0,"key":"SteroidPotion"},{"floor":1,"key":"SteroidPotion"},{"floor":2,"key":"Fire Potion"},{"floor":13,"key":"Swift Potion"},{"floor":16,"key":"Block Potion"}],"is_trial":false,"path_per_floor":["M","M","M","?","?","R","E","R","T","M","R","$","E","$","R","B",null,"M","M","$","M","$","E","R","E","T","M","E","R","E","M","R","B"],"character_chosen":"IRONCLAD","items_purchased":["Spot Weakness","Medical Kit","Reaper","Pummel","Offering"],"campfire_rested":3,"item_purchase_floors":[12,12,12,12,14],"current_hp_per_floor":[75,75,75,75,75,75,79,79,79,63,63,63,47,47,74,67,86,80,80,80,75,75,36,63,76,76,62,53,53,26,12,54,0,0],"gold":244,"neow_bonus":"BOSS_RELIC","is_daily":false,"chose_seed":false,"campfire_upgraded":4,"win_rate":0.0,"timestamp":1608818500,"path_taken":["M","M","M","?","?","R","E","R","T","?","R","$","E","$","R","BOSS","M","M","$","M","$","E","R","E","T","M","E","R","E","M","R","BOSS"],"items_purchased_type":["Card","Relic","Card","Card","Card"],"build_version":"2020-12-22","purchased_purges":1,"victory":false,"max_hp_per_floor":[85,85,85,85,85,85,92,92,92,92,92,92,92,92,92,92,92,92,92,92,92,92,92,92,92,92,92,92,92,92,92,92,92,92],"card_choices":[{"not_picked":["Armaments","Seeing Red"],"picked":"Spot Weakness","floor":0},{"not_picked":["Pommel Strike","Body Slam"],"picked":"Thunderclap","floor":1},{"not_picked":["Flex","Hemokinesis"],"picked":"Sword Boomerang","floor":2},{"not_picked":["Headbutt","Iron Wave"],"picked":"Cleave","floor":3},{"not_picked":["Headbutt","Warcry"],"picked":"Limit Break","floor":7},{"not_picked":["Thunderclap","True Grit"],"picked":"Shockwave","floor":10},{"not_picked":["Thunderclap","Anger"],"picked":"Pummel","floor":13},{"not_picked":["Offering","Barricade"],"picked":"Demon Form","floor":16},{"not_picked":["Rage","True Grit"],"picked":"Headbutt","floor":18},{"not_picked":["Anger","Heavy Blade"],"picked":"Headbutt+1","floor":19},{"not_picked":["Anger","Havoc"],"picked":"Armaments+1","floor":21},{"not_picked":["Carnage","Havoc+1"],"picked":"Cleave","floor":23},{"not_picked":["Juggernaut","Searing Blow","Barricade"],"picked":"SKIP","floor":25},{"not_picked":["Dark Embrace","True Grit+1"],"picked":"Iron Wave+1","floor":27},{"not_picked":["Warcry+1","Shrug It Off+1"],"picked":"Dropkick","floor":28},{"not_picked":["Carnage","Anger"],"picked":"Exhume+1","floor":30},{"not_picked":["Pommel Strike","Body Slam"],"picked":"Uppercut","floor":31}],"player_experience":247026,"relics_obtained":[{"floor":7,"key":"Strawberry"},{"floor":9,"key":"Blood Vial"},{"floor":13,"key":"Whetstone"},{"floor":23,"key":"Ice Cream"},{"floor":25,"key":"Turnip"},{"floor":26,"key":"Toxic Egg 2"},{"floor":28,"key":"Bottled Flame"},{"floor":30,"key":"Eternal Feather"}],"event_choices":[{"cards_removed":["Strike_R"],"damage_healed":0,"gold_gain":0,"player_choice":"Card Removal","damage_taken":0,"max_hp_gain":0,"max_hp_loss":0,"event_name":"The Cleric","floor":4,"gold_loss":50},{"damage_healed":0,"gold_gain":275,"player_choice":"Desecrate","damage_taken":0,"max_hp_gain":0,"max_hp_loss":0,"event_name":"Golden Shrine","floor":5,"gold_loss":0,"cards_obtained":["Regret"]}],"is_beta":false,"boss_relics":[{"not_picked":["Runic Dome","Pandora\u0027s Box"],"picked":"Sozu"}],"items_purged_floors":[20],"is_endless":false,"potions_floor_spawned":[1,2,13,16,19,21,27,30,31],"killed_by":"Collector","ascension_level":9}}