{"host":"h8l1uc7c2i19r904","time":1608782026,"event":{"mods":["AchievementEnabler","BaseMod","Colored Map","Colored Powertips","Downfall","Minty Spire (QoL Compilation)","Quick Restart","Replay The Spire","StSLib","SuperFastMode"],"gold_per_floor":[114,114,18,33,53,83,83,115,138,138,156,32,32,50,50,50,50],"floor_reached":16,"playtime":504,"items_purged":[],"score":112,"play_id":"d26472ab-1089-4531-945f-50d6cc369d1d","local_time":"20201223195346","is_ascension_mode":false,"campfire_choices":[{"floor":7,"key":"RECALL"},{"floor":13,"key":"REST"},{"data":"Enlightenment","floor":15,"key":"SMITH"}],"circlet_count":0,"master_deck":["Strike_P","Strike_P","Strike_P","Strike_P","Defend_P","Defend_P","Defend_P","Eruption","Vigilance","Replay:Anticipation","Wallop","FollowUp","Violence","Finesse","Enlightenment+1","WheelKick"],"relics":["PureWater","NeowsBlessing","Dream Catcher","Smiling Mask","ReplayTheSpireMod:ShopPack"],"acts_visited":["Exordium"],"potions_floor_usage":[6,6,10],"damage_taken":[{"damage":0,"enemies":"Small Slimes","floor":1,"turns":1},{"damage":0,"enemies":"Cultist","floor":4,"turns":1},{"damage":0,"enemies":"Jaw Worm","floor":5,"turns":1},{"damage":36,"enemies":"3 Sentries","floor":6,"turns":9},{"damage":28,"enemies":"Gremlin Nob","floor":8,"turns":3},{"damage":0,"enemies":"3 Louse","floor":10,"turns":2},{"damage":0,"enemies":"Gremlin Gang","floor":11,"turns":3},{"damage":0,"enemies":"Looter","floor":14,"turns":2},{"damage":33,"enemies":"The Guardian","floor":16,"turns":4}],"seed_played":"-6430466803229546402","potions_obtained":[{"floor":1,"key":"Block Potion"},{"floor":5,"key":"SmokeBomb"}],"is_trial":false,"path_per_floor":["M","?","$","M","M","E","R","E","T","M","M","$","R","M","R","B"],"character_chosen":"WATCHER","items_purchased":["Ambrosia","ReplayTheSpireMod:ShopPack"],"campfire_rested":1,"item_purchase_floors":[3,12],"current_hp_per_floor":[72,72,72,72,72,36,36,8,8,8,8,8,29,29,29,0,0],"gold":50,"neow_bonus":"THREE_ENEMY_KILL","is_daily":false,"chose_seed":false,"campfire_upgraded":1,"win_rate":0.0,"timestamp":1608782026,"path_taken":["M","?","$","M","?","E","R","E","T","M","M","?","R","M","R","BOSS"],"items_purchased_type":["Potion","Relic"],"build_version":"2020-12-22","purchased_purges":0,"victory":false,"max_hp_per_floor":[72,72,72,72,72,72,72,72,72,72,72,72,72,72,72,72,72],"card_choices":[{"not_picked":["JustLucky","EmptyFist"],"picked":"Replay:Anticipation","floor":1},{"not_picked":["Replay:ManipulateFuture","Vengeance"],"picked":"Wallop","floor":4},{"not_picked":["Replay:Vibes","Halt","FlurryOfBlows"],"picked":"SKIP","floor":5},{"not_picked":["CutThroughFate","Nirvana"],"picked":"FollowUp","floor":6},{"not_picked":["Consecrate","Study","DeceiveReality"],"picked":"SKIP","floor":8},{"not_picked":["Collect","CrushJoints","Nirvana"],"picked":"SKIP","floor":11},{"not_picked":["HandOfGreed","ReplayTheSpireMod:Brewmster"],"picked":"Violence","floor":12},{"not_picked":["Replay:SS_forest_6","Dramatic Entrance"],"picked":"Finesse","floor":12},{"not_picked":["Replay:SS_fish_3","expansioncontent:Sear"],"picked":"Enlightenment","floor":12},{"not_picked":["Consecrate","BowlingBash"],"picked":"WheelKick","floor":14}],"player_experience":137073,"relics_obtained":[{"floor":6,"key":"Dream Catcher"},{"floor":8,"key":"Smiling Mask"}],"event_choices":[{"cards_removed":["Defend_P"],"damage_healed":0,"gold_gain":0,"player_choice":"Card Removal","damage_taken":0,"max_hp_gain":0,"max_hp_loss":0,"event_name":"Wheel of Change","floor":2,"gold_loss":0}],"is_beta":false,"boss_relics":[],"items_purged_floors":[],"is_endless":false,"potions_floor_spawned":[1,5,10],"killed_by":"The Guardian","ascension_level":0}}