{"host":"49pjgf1q9ev52n8z","time":1608782211,"event":{"mods":["BaseMod","Bestiary","Colored Map","Minty Spire (QoL Compilation)","Practice Mode","Relic Stats","StSLib"],"gold_per_floor":[116,16,30,89,89,89,115,115,189,206,235,247,48,68,68,147,147,167,167,247,264,282,282,282,310,310,328,345,370,370,12,12,87,87,104,120,120,120,134,134,168,183,260,287,22,47,47,66,66,66],"floor_reached":51,"playtime":6945,"items_purged":["Shame"],"score":1354,"play_id":"d453769e-363c-458f-b7d8-78245c4c9edd","local_time":"20201223195651","is_ascension_mode":true,"campfire_choices":[{"floor":6.0,"key":"REST"},{"floor":8.0,"key":"REST"},{"data":"Neutralize","floor":15.0,"key":"SMITH"},{"floor":23.0,"key":"REST"},{"floor":30.0,"key":"REST"},{"floor":32.0,"key":"REST"},{"data":"Blade Dance","floor":40.0,"key":"SMITH"},{"data":"Well Laid Plans","floor":47.0,"key":"SMITH"},{"floor":49.0,"key":"REST"}],"circlet_count":0,"master_deck":["AscendersBane","Strike_G+1","Strike_G+1","Strike_G+1","Strike_G+1","Strike_G+1","Defend_G+1","Defend_G+1","Defend_G+1","Defend_G+1","Defend_G+1","Survivor","Neutralize+1","Backstab","Dodge and Roll","Flying Knee","Deadly Poison","All Out Attack","Prepared","Blade Dance+1","Backflip","Crippling Poison","Envenom","Flechettes","Terror","Leg Sweep","Acrobatics","Cloak And Dagger","Backstab","Finisher","PiercingWail","Corpse Explosion","Dodge and Roll+1","Infinite Blades","Dodge and Roll+1","Calculated Gamble","Blur","Well Laid Plans+1","Skewer","Endless Agony","Predator"],"relics":["Ring of the Snake","Tough Bandages","Paper Crane","InkBottle","Membership Card","Philosopher\u0027s Stone","Shuriken","Blood Vial","PreservedInsect","Omamori","Kunai","Mango","Sozu","Bag of Marbles","Mummified Hand","Anchor","Ninja Scroll","Thread and Needle"],"acts_visited":["Exordium","TheCity","TheBeyond"],"potions_floor_usage":[],"damage_taken":[{"damage":9.0,"enemies":"Jaw Worm","floor":1.0,"turns":7.0},{"damage":0.0,"enemies":"2 Louse","floor":3.0,"turns":3.0},{"damage":27.0,"enemies":"Gremlin Nob","floor":7.0,"turns":5.0},{"damage":0.0,"enemies":"Cultist","floor":10.0,"turns":3.0},{"damage":19.0,"enemies":"Lagavulin","floor":11.0,"turns":6.0},{"damage":0.0,"enemies":"Blue Slaver","floor":12.0,"turns":4.0},{"damage":1.0,"enemies":"3 Louse","floor":14.0,"turns":3.0},{"damage":28.0,"enemies":"Hexaghost","floor":16.0,"turns":10.0},{"damage":19.0,"enemies":"Spheric Guardian","floor":18.0,"turns":5.0},{"damage":0.0,"enemies":"Chosen","floor":21.0,"turns":4.0},{"damage":31.0,"enemies":"Sentry and Sphere","floor":22.0,"turns":5.0},{"damage":12.0,"enemies":"Book of Stabbing","floor":25.0,"turns":6.0},{"damage":10.0,"enemies":"Snake Plant","floor":27.0,"turns":5.0},{"damage":6.0,"enemies":"Centurion and Healer","floor":28.0,"turns":6.0},{"damage":6.0,"enemies":"Slavers","floor":29.0,"turns":3.0},{"damage":34.0,"enemies":"Automaton","floor":33.0,"turns":11.0},{"damage":3.0,"enemies":"3 Darklings","floor":35.0,"turns":2.0},{"damage":0.0,"enemies":"3 Shapes","floor":36.0,"turns":7.0},{"damage":6.0,"enemies":"Writhing Mass","floor":39.0,"turns":9.0},{"damage":12.0,"enemies":"Giant Head","floor":41.0,"turns":6.0},{"damage":4.0,"enemies":"Sphere and 2 Shapes","floor":42.0,"turns":5.0},{"damage":20.0,"enemies":"Reptomancer","floor":44.0,"turns":5.0},{"damage":0.0,"enemies":"Mind Bloom Boss Battle","floor":46.0,"turns":5.0},{"damage":0.0,"enemies":"Spire Growth","floor":48.0,"turns":2.0},{"damage":5,"enemies":"Awakened One","floor":50,"turns":13}],"seed_played":"5505292037875506343","potions_obtained":[{"floor":3.0,"key":"BlessingOfTheForge"},{"floor":7.0,"key":"GamblersBrew"},{"floor":11.0,"key":"Fire Potion"},{"floor":25.0,"key":"Weak Potion"},{"floor":27.0,"key":"Dexterity Potion"},{"floor":29.0,"key":"LiquidBronze"}],"is_trial":false,"path_per_floor":["M","$","M","?","?","R","E","R","T","M","E","M","$","M","R","B",null,"M","?","T","M","M","R","?","E","T","M","M","E","R","$","R","B",null,"M","M","?","?","M","R","E","M","T","E","$","?","R","M","R","B",null],"character_chosen":"THE_SILENT","items_purchased":["Dodge and Roll","Membership Card","Backflip","Kunai","Mango","Regen Potion","PiercingWail","Ninja Scroll","Blur","Well Laid Plans","Skewer"],"campfire_rested":6,"item_purchase_floors":[2,13,13,31,31,31,31,45,45,45,45],"current_hp_per_floor":[62,62,62,62,39,62,35,58,58,58,39,39,39,38,38,10,61,42,42,42,42,11,34,34,22,22,14,10,6,29,43,70,53,82,81,83,83,83,79,79,69,67,67,49,49,51,51,53,80,77],"gold":66,"neow_bonus":"TWENTY_PERCENT_HP_BONUS","is_daily":false,"chose_seed":false,"campfire_upgraded":3,"win_rate":0.0,"timestamp":1608782211,"path_taken":["M","$","M","?","?","R","E","R","T","M","E","M","$","M","R","BOSS","M","?","?","?","M","R","?","E","T","M","M","E","R","$","R","BOSS","M","M","?","?","M","R","E","?","T","E","$","?","R","M","R","BOSS"],"items_purchased_type":["Card","Relic","Card","Relic","Relic","Potion","Card","Relic","Card","Card","Card"],"build_version":"2020-12-22","purchased_purges":1,"victory":true,"max_hp_per_floor":[78,78,78,78,78,78,78,78,78,78,78,78,78,78,78,78,78,78,78,78,78,78,78,78,78,78,78,78,78,78,92,92,92,92,92,92,92,92,92,92,92,92,92,92,92,92,92,92,92,92],"relic_stats":{"Blood Vial":26,"Sozu":5,"Tough Bandages":[207],"counters":[25,140],"Shuriken":[61],"Mummified Hand":[4],"PreservedInsect":230,"Kunai":[44],"obtain_stats":[{"Mango":31,"Thread and Needle":46,"PreservedInsect":26,"Omamori":29,"Paper Crane":9,"Blood Vial":25,"Sozu":34,"Tough Bandages":7,"Anchor":44,"Shuriken":20,"Mummified Hand":43,"Ninja Scroll":45,"Philosopher\u0027s Stone":17,"Bag of Marbles":41,"Membership Card":13,"Kunai":31,"InkBottle":11,"Ring of the Snake":0},{"Mango":15,"Thread and Needle":23,"PreservedInsect":12,"Omamori":15,"Paper Crane":3,"Blood Vial":12,"Sozu":16,"Tough Bandages":3,"Anchor":22,"Shuriken":9,"Mummified Hand":21,"Ninja Scroll":22,"Philosopher\u0027s Stone":8,"Bag of Marbles":20,"Membership Card":6,"Kunai":15,"InkBottle":5,"Ring of the Snake":0},{"Mango":75,"Thread and Needle":125,"PreservedInsect":61,"Omamori":75,"Paper Crane":15,"Blood Vial":61,"Sozu":86,"Tough Bandages":15,"Anchor":120,"Shuriken":46,"Mummified Hand":115,"Ninja Scroll":120,"Philosopher\u0027s Stone":41,"Bag of Marbles":110,"Membership Card":28,"Kunai":75,"InkBottle":24,"Ring of the Snake":0}],"InkBottle":[62],"Ring of the Snake":[50]},"card_choices":[{"not_picked":["Dagger Throw","Outmaneuver"],"picked":"Backstab","floor":1.0},{"not_picked":["All Out Attack","Outmaneuver"],"picked":"Flying Knee","floor":3.0},{"not_picked":["Reflex","Blade Dance"],"picked":"Deadly Poison","floor":7.0},{"not_picked":["Dagger Throw","Flying Knee"],"picked":"All Out Attack","floor":10.0},{"not_picked":["Poisoned Stab","Finisher"],"picked":"Prepared","floor":11.0},{"not_picked":["Flying Knee","Masterful Stab"],"picked":"Blade Dance","floor":12.0},{"not_picked":["Dodge and Roll","Deflect"],"picked":"Crippling Poison","floor":14.0},{"not_picked":["Wraith Form v2","Malaise"],"picked":"Envenom","floor":16.0},{"not_picked":["Outmaneuver","Deflect"],"picked":"Flechettes","floor":18.0},{"not_picked":["Expertise","Masterful Stab"],"picked":"Terror","floor":21.0},{"not_picked":["PiercingWail","Quick Slash"],"picked":"Leg Sweep","floor":22.0},{"not_picked":["Prepared","Dagger Spray"],"picked":"Acrobatics","floor":25.0},{"not_picked":["Bane+1","Deflect"],"picked":"Cloak And Dagger","floor":27.0},{"not_picked":["Blur","Calculated Gamble"],"picked":"Backstab","floor":28.0},{"not_picked":["Poisoned Stab","Dagger Spray+1"],"picked":"Finisher","floor":29.0},{"not_picked":["After Image","Die Die Die"],"picked":"Corpse Explosion","floor":33.0},{"not_picked":["Deflect","Outmaneuver"],"picked":"Dodge and Roll+1","floor":35.0},{"not_picked":["Prepared","Masterful Stab"],"picked":"Infinite Blades","floor":36.0},{"not_picked":["Heel Hook","Quick Slash"],"picked":"Dodge and Roll+1","floor":39.0},{"not_picked":["PiercingWail+1","Masterful Stab","Acrobatics"],"picked":"SKIP","floor":41.0},{"not_picked":["Deflect+1","Choke","Poisoned Stab"],"picked":"SKIP","floor":42.0},{"not_picked":["Dagger Throw","Deadly Poison"],"picked":"Calculated Gamble","floor":44.0},{"not_picked":["Doppelganger","Bouncing Flask"],"picked":"Endless Agony","floor":46.0},{"not_picked":["Poisoned Stab","Dodge and Roll"],"picked":"Predator","floor":48.0}],"player_experience":619917,"relics_obtained":[{"floor":7.0,"key":"Tough Bandages"},{"floor":9.0,"key":"Paper Crane"},{"floor":11.0,"key":"InkBottle"},{"floor":20.0,"key":"Shuriken"},{"floor":25.0,"key":"Blood Vial"},{"floor":26.0,"key":"PreservedInsect"},{"floor":29.0,"key":"Omamori"},{"floor":41.0,"key":"Bag of Marbles"},{"floor":43.0,"key":"Mummified Hand"},{"floor":44.0,"key":"Anchor"},{"floor":46.0,"key":"Thread and Needle"}],"event_choices":[{"damage_healed":0.0,"max_hp_gain":0.0,"max_hp_loss":0.0,"gold_gain":59.0,"event_name":"Golden Wing","player_choice":"Gained Gold","floor":4.0,"gold_loss":0.0,"damage_taken":0.0},{"damage_healed":0.0,"max_hp_gain":0.0,"max_hp_loss":0.0,"gold_gain":0.0,"event_name":"Shining Light","player_choice":"Entered Light","floor":5.0,"gold_loss":0.0,"damage_taken":23.0,"cards_upgraded":["Strike_G","Defend_G"]},{"damage_healed":0.0,"max_hp_gain":0.0,"max_hp_loss":0.0,"gold_gain":0.0,"event_name":"Back to Basics","player_choice":"Simplicity","floor":19.0,"gold_loss":0.0,"damage_taken":0.0,"cards_upgraded":["Strike_G","Strike_G","Strike_G","Strike_G","Defend_G","Defend_G","Defend_G","Defend_G"]},{"damage_healed":0.0,"max_hp_gain":0.0,"max_hp_loss":0.0,"gold_gain":0.0,"event_name":"Forgotten Altar","player_choice":"Smashed Altar","floor":24.0,"gold_loss":0.0,"damage_taken":0.0,"cards_obtained":["Decay"]},{"damage_healed":0.0,"max_hp_gain":0.0,"max_hp_loss":0.0,"gold_gain":0.0,"event_name":"SensoryStone","player_choice":"Memory 1","floor":37.0,"gold_loss":0.0,"damage_taken":0.0},{"cards_removed":["Decay"],"damage_healed":0.0,"max_hp_gain":0.0,"max_hp_loss":0.0,"gold_gain":0.0,"event_name":"Fountain of Cleansing","player_choice":"Removed Curses","floor":38.0,"gold_loss":0.0,"damage_taken":0.0},{"damage_healed":0.0,"max_hp_gain":0.0,"max_hp_loss":0.0,"gold_gain":0.0,"event_name":"MindBloom","player_choice":"Fight","floor":46.0,"gold_loss":0.0,"damage_taken":0.0}],"is_beta":false,"boss_relics":[{"not_picked":["Ectoplasm","SacredBark"],"picked":"Philosopher\u0027s Stone"},{"not_picked":["Pandora\u0027s Box","Snecko Eye"],"picked":"Sozu"}],"items_purged_floors":[2],"is_endless":false,"potions_floor_spawned":[3,7,11,25,27,29,39,41,42,44,48],"ascension_level":17}}