{"host":"zksvs3x2ysy9npnz","time":1608815656,"event":{"mods":["Aspiration","BaseMod","Beaked The Cultist","BetterRewards","Clockwork Mod","Conspire","Downfall","Energized Spire","Fiend Mod","Friendly Minions","Gremlin Mod","Halation","Hermit","Highlight Path","Hubris","Hunter ??","Infinite Spire","Jedi Mod","Minty Spire (QoL Compilation)","Permanent Neow","Quick Restart","Relic Stats","Replay The Spire","Shop Mod","StSLib","SuperFastMode","The Blackbeard","The Bladedancer","The Construct","thorton"],"gold_per_floor":[115,39,62,79,79,119,119,119,119,119,4,31,63,95,95,215,215,238,238,238,20,58,58,83,83,108,108,108,128,128,128],"floor_reached":29,"playtime":1918,"items_purged":["Normality","thethorton:Strike","thethorton:Strike"],"score":279,"play_id":"dd30e98e-44ba-461a-92a9-c12322aa88e2","local_time":"20201224141416","is_ascension_mode":true,"campfire_choices":[{"floor":8.0,"key":"REST"},{"floor":10.0,"key":"REST"},{"data":"thethorton:Fish","floor":15.0,"key":"SMITH"},{"floor":23,"key":"REST"},{"floor":25,"key":"REST"},{"data":"thethorton:BusinessCard","floor":27,"key":"SMITH"}],"circlet_count":0,"master_deck":["thethorton:Strike","thethorton:Strike","thethorton:Defend","thethorton:Defend","thethorton:Defend","thethorton:Defend","thethorton:Heckle+1","thethorton:CreditCard","thethorton:LongTermPayoff","thethorton:BusinessCard+1","thethorton:FearfulRun","thethorton:BoardroomBlast","thethorton:GoldBuffer","thethorton:GoldBuffer","thethorton:Fish+1","thethorton:BusinessCard","thethorton:CompoundInterest","thethorton:ShoutAndRun","ReplayTheSpireMod:Black Plague","thethorton:GoldBuffer","thethorton:LastDitchEffort","thethorton:DockPay+1"],"relics":["thethorton:CouragePotion","Gremlin Horn","hubris:Icosahedron","conspire:DeflatedDodgeball","hubris:CuriousFeather","aspiration:RitualDagger","hubris:AstralHammer","Simple Rune","halation:SelfBoilingWater","Membership Card","Replay:Rubber Ducky","Ginger","hubris:TenFootPole","Toy Ornithopter","infinitespire:Bottled Soul","Torii","Bag of Marbles"],"acts_visited":["Exordium","TheCity"],"potions_floor_usage":[18,24],"damage_taken":[{"damage":8.0,"enemies":"Small Slimes","floor":1.0,"turns":6.0},{"damage":6.0,"enemies":"Cultist","floor":3.0,"turns":4.0},{"damage":12.0,"enemies":"Jaw Worm","floor":4.0,"turns":6.0},{"damage":33.0,"enemies":"Gremlin Nob","floor":6.0,"turns":5.0},{"damage":2.0,"enemies":"2 Fungi Beasts","floor":12.0,"turns":4.0},{"damage":12.0,"enemies":"Blue Slaver","floor":13.0,"turns":6.0},{"damage":2.0,"enemies":"Exordium Wildlife","floor":14.0,"turns":6.0},{"damage":41.0,"enemies":"Hexaghost","floor":16.0,"turns":11.0},{"damage":44,"enemies":"Chosen","floor":18,"turns":6},{"damage":67,"enemies":"conspire:FuzzyDice","floor":22,"turns":10},{"damage":25,"enemies":"Snecko","floor":24,"turns":6},{"damage":76,"enemies":"Cultist and Chosen","floor":29,"turns":8}],"seed_played":"-3253427699492481993","potions_obtained":[{"floor":3.0,"key":"Energy Potion"},{"floor":12.0,"key":"SpeedPotion"},{"floor":14.0,"key":"PowerPotion"},{"floor":16.0,"key":"Dexterity Potion"},{"floor":22,"key":"AttackPotion"}],"is_trial":false,"path_per_floor":["M","?","M","M","?","E","?","R","T","R","$","M","M","M","R","B",null,"M","AVR","?","$","M","R","M","R","T","R","?","M"],"character_chosen":"THE_THORT","items_purchased":["thethorton:GoldBuffer","Membership Card","thethorton:GoldBuffer"],"campfire_rested":4,"item_purchase_floors":[11,21,21],"current_hp_per_floor":[60,60,54,42,42,9,16,36,36,56,56,68,62,60,60,19,56,12,12,12,12,23,43,28,48,48,48,48,0,0,0],"gold":128,"neow_bonus":"UPGRADE_CARD","is_daily":false,"chose_seed":false,"campfire_upgraded":2,"win_rate":0.0,"timestamp":1608815656,"path_taken":["M","?","M","?","?","E","?","R","T","R","$","M","?","M","R","BOSS","M","AVR","?","$","?","R","M","R","T","R","?","?"],"items_purchased_type":["Card","Relic","Card"],"build_version":"2020-12-22","purchased_purges":3,"victory":false,"max_hp_per_floor":[68,68,68,68,68,68,68,68,68,68,68,68,68,68,68,68,68,68,68,68,68,68,68,68,68,68,68,68,68,68,68],"relic_stats":{"Gremlin Horn":[4,4],"Torii":6,"counters":[12,77],"Ginger":[6],"obtain_stats":[{"jedi:command_uncommon":28,"Gremlin Horn":2,"Torii":29,"Ginger":22,"halation:SelfBoilingWater":20,"Replay:Rubber Ducky":22,"hubris:Icosahedron":5,"hubris:AstralHammer":18,"infinitespire:Bottled Soul":28,"Simple Rune":19,"hubris:CuriousFeather":16,"thethorton:CouragePotion":0,"hubris:TenFootPole":24,"Bag of Marbles":29,"aspiration:RitualDagger":17,"Membership Card":21,"conspire:DeflatedDodgeball":6,"Toy Ornithopter":26},{"jedi:command_uncommon":11,"Gremlin Horn":1,"Torii":12,"Ginger":10,"halation:SelfBoilingWater":9,"Replay:Rubber Ducky":10,"hubris:Icosahedron":3,"hubris:AstralHammer":9,"infinitespire:Bottled Soul":11,"Simple Rune":9,"hubris:CuriousFeather":8,"thethorton:CouragePotion":0,"hubris:TenFootPole":11,"Bag of Marbles":12,"aspiration:RitualDagger":8,"Membership Card":9,"conspire:DeflatedDodgeball":4,"Toy Ornithopter":11},{"jedi:command_uncommon":69,"Gremlin Horn":6,"Torii":70,"Ginger":56,"halation:SelfBoilingWater":53,"Replay:Rubber Ducky":54,"hubris:Icosahedron":16,"hubris:AstralHammer":49,"infinitespire:Bottled Soul":69,"Simple Rune":53,"hubris:CuriousFeather":39,"thethorton:CouragePotion":0,"hubris:TenFootPole":64,"Bag of Marbles":77,"aspiration:RitualDagger":47,"Membership Card":53,"conspire:DeflatedDodgeball":21,"Toy Ornithopter":69}],"Toy Ornithopter":0},"card_choices":[{"not_picked":["thethorton:TakeAccounts","thethorton:HitAhead"],"picked":"thethorton:LongTermPayoff","floor":1.0},{"not_picked":["thethorton:GoldBuffer","thethorton:AngerMoment"],"picked":"thethorton:BusinessCard","floor":3.0},{"not_picked":["thethorton:BookBash","thethorton:ToxicGreed"],"picked":"thethorton:FearfulRun","floor":4.0},{"not_picked":["thethorton:DownPayment","thethorton:RunningFeint"],"picked":"thethorton:BoardroomBlast","floor":6.0},{"not_picked":["thethorton:DownPayment","thethorton:SicklyRun","thethorton:SeeingDouble"],"picked":"SKIP","floor":12.0},{"not_picked":["thethorton:BookBash","thethorton:TakeAccounts"],"picked":"thethorton:Fish","floor":13.0},{"not_picked":["thethorton:CashBash","thethorton:Investment"],"picked":"thethorton:BusinessCard","floor":14.0},{"not_picked":["thethorton:CallShop","thethorton:BigBreak"],"picked":"thethorton:CompoundInterest","floor":16.0},{"not_picked":["thethorton:CallIn","thethorton:Distance"],"picked":"thethorton:ShoutAndRun","floor":18},{"not_picked":["thethorton:ThickSkin+1","thethorton:SeeingDouble"],"picked":"thethorton:LastDitchEffort","floor":22},{"not_picked":["thethorton:RunningFeint+1","thethorton:DualBap"],"picked":"thethorton:DockPay+1","floor":24}],"player_experience":2029860,"relics_obtained":[{"floor":6.0,"key":"conspire:DeflatedDodgeball"},{"floor":26,"key":"Toy Ornithopter"}],"event_choices":[{"damage_healed":0.0,"max_hp_gain":0.0,"max_hp_loss":0.0,"gold_gain":0.0,"event_name":"WeMeetAgain","player_choice":"Paid Gold","floor":2.0,"gold_loss":76.0,"damage_taken":0.0,"relics_obtained":["Gremlin Horn"]}],"is_beta":false,"boss_relics":[{"not_picked":["halation:PinkAlligatorPlush","halation:ForbiddenBikini"],"picked":"aspiration:RitualDagger"}],"items_purged_floors":[11,19,21],"is_endless":false,"potions_floor_spawned":[3,12,14,16,22],"killed_by":"Cultist and Chosen","ascension_level":5}}