{"host":"6ko66ogg91i6g7xq","time":1608797497,"event":{"mods":["AchievementEnabler","Act Like it!","BaseMod","Colored Map","Colored Powertips","Downfall","Hermit","Minty Spire (QoL Compilation)","Quick Restart","Relic Stats","StSLib","The Jungle","everything is the same but u backflip on backflip"],"gold_per_floor":[111,186,29,39,39,67,79,125,163,202,214,226,238,269,281,423,435,466,492,504,426,456,506,518,565,623,674,721,733,769,804,816,828,828],"floor_reached":33,"playtime":1634,"items_purged":[],"score":413,"play_id":"6776f433-3f83-4348-b673-e7f32c24bf7a","local_time":"20201224031137","is_ascension_mode":true,"campfire_choices":[{"floor":7,"key":"RECALL"},{"floor":11,"key":"REST"},{"data":"Deadly Poison","floor":13,"key":"SMITH"},{"data":"Deadly Poison","floor":15,"key":"SMITH"},{"floor":24,"key":"REST"},{"floor":32,"key":"REST"}],"circlet_count":0,"master_deck":["Strike_G","Strike_G","Strike_G","Defend_G","Defend_G","Defend_G","Defend_G","Survivor","Neutralize","Deadly Poison+1","Deadly Poison+1","Deadly Poison+1","Poisoned Stab+1","Corpse Explosion","Flechettes+1","Adrenaline+1","Caltrops","Poisoned Stab","Deadly Poison"],"relics":["Ring of the Snake","NeowsBlessing","Regal Pillow","MawBank","Lantern","Happy Flower","Singing Bowl","Golden Idol","Astrolabe","HornCleat","Juzu Bracelet","Snake Skull","Bronze Scales","Red Mask"],"acts_visited":["Exordium","TheCity"],"potions_floor_usage":[8,19,19,19,22,28,30,31,33],"damage_taken":[{"damage":0,"enemies":"Cultist","floor":1,"turns":1},{"damage":0,"enemies":"Jaw Worm","floor":4,"turns":1},{"damage":0,"enemies":"3 Sentries","floor":6,"turns":1},{"damage":21,"enemies":"Lagavulin","floor":8,"turns":4},{"damage":17,"enemies":"Gremlin Nob","floor":10,"turns":4},{"damage":0,"enemies":"2 Louse","floor":14,"turns":3},{"damage":13,"enemies":"Hexaghost","floor":16,"turns":7},{"damage":0,"enemies":"Chosen","floor":18,"turns":3},{"damage":2,"enemies":"2 Thieves","floor":19,"turns":3},{"damage":16,"enemies":"Snake Plant","floor":22,"turns":2},{"damage":26,"enemies":"Gremlin Leader","floor":23,"turns":6},{"damage":23,"enemies":"Book of Stabbing","floor":25,"turns":4},{"damage":27,"enemies":"Slavers","floor":27,"turns":3},{"damage":17,"enemies":"Masked Bandits","floor":28,"turns":4},{"damage":0,"enemies":"3 Cultists","floor":30,"turns":2},{"damage":0,"enemies":"Sentry and Sphere","floor":31,"turns":2},{"damage":38,"enemies":"Champ","floor":33,"turns":7}],"seed_played":"-1053581130227143300","potions_obtained":[{"floor":1,"key":"EntropicBrew"},{"floor":4,"key":"champ:CounterPotion"},{"floor":16,"key":"Energy Potion"},{"floor":23,"key":"Swift Potion"},{"floor":27,"key":"SpeedPotion"},{"floor":30,"key":"Slimebound:ThreeZeroPotion"},{"floor":31,"key":"hexamod:EctoCoolerPotion"}],"is_trial":false,"path_per_floor":["M","?","$","M","?","E","R","E","T","E","R","?","R","M","R","B",null,"M","M","?","?","M","E","R","E","T","E","?","?","M","M","R","B"],"character_chosen":"THE_SILENT","items_purchased":["Regal Pillow"],"campfire_rested":3,"item_purchase_floors":[3],"current_hp_per_floor":[70,59,59,59,59,59,59,38,38,23,59,41,41,41,41,28,72,72,70,70,70,56,30,67,46,46,21,6,6,8,10,50,12,12],"gold":828,"neow_bonus":"THREE_ENEMY_KILL","is_daily":false,"chose_seed":false,"campfire_upgraded":2,"win_rate":0.0,"timestamp":1608797497,"path_taken":["M","?","$","M","?","E","R","E","T","E","R","?","R","M","R","BOSS","M","M","?","?","M","E","R","E","T","E","?","?","M","M","R","BOSS"],"items_purchased_type":["Relic"],"build_version":"2020-12-22","purchased_purges":0,"victory":false,"max_hp_per_floor":[70,70,70,70,70,70,70,70,70,72,72,72,72,72,72,72,72,72,72,72,72,74,74,74,76,76,78,80,80,82,84,84,84,84],"relic_stats":{"Regal Pillow":45,"Happy Flower":[16],"Singing Bowl":14,"counters":[17,57],"Golden Idol":81,"Astrolabe":["Flechettes","Adrenaline","Finisher"],"Bronze Scales":[18],"Snake Skull":[28],"Juzu Bracelet":1,"MawBank":324,"obtain_stats":[{"Regal Pillow":3,"Lantern":8,"NeowsBlessing":0,"Happy Flower":9,"Singing Bowl":10,"Golden Idol":12,"Astrolabe":17,"Snake Skull":26,"Juzu Bracelet":25,"MawBank":6,"HornCleat":23,"Bronze Scales":27,"Red Mask":28,"Ring of the Snake":0},{"Regal Pillow":1,"Lantern":4,"NeowsBlessing":0,"Happy Flower":4,"Singing Bowl":5,"Golden Idol":5,"Astrolabe":7,"Snake Skull":12,"Juzu Bracelet":12,"MawBank":3,"HornCleat":11,"Bronze Scales":13,"Red Mask":14,"Ring of the Snake":0},{"Regal Pillow":1,"Lantern":7,"NeowsBlessing":0,"Happy Flower":7,"Singing Bowl":11,"Golden Idol":11,"Astrolabe":21,"Snake Skull":39,"Juzu Bracelet":39,"MawBank":3,"HornCleat":35,"Bronze Scales":42,"Red Mask":46,"Ring of the Snake":0}],"Ring of the Snake":[34]},"card_choices":[{"not_picked":["Deflect","Bane","Eviscerate"],"picked":"SKIP","floor":1},{"not_picked":["Calculated Gamble","Dagger Throw"],"picked":"Deadly Poison","floor":4},{"not_picked":["Night Terror","Outmaneuver"],"picked":"Deadly Poison","floor":6},{"not_picked":["Well Laid Plans","Accuracy"],"picked":"Deadly Poison","floor":8},{"not_picked":["Cloak And Dagger","Well Laid Plans","Footwork"],"picked":"Singing Bowl","floor":10},{"not_picked":["Deflect","Acrobatics"],"picked":"Poisoned Stab","floor":14},{"not_picked":["Glass Knife","Envenom"],"picked":"Corpse Explosion","floor":16},{"not_picked":["Backflip","Dagger Spray"],"picked":"Caltrops","floor":18},{"not_picked":["Dash","Sucker Punch+1"],"picked":"Poisoned Stab","floor":19},{"not_picked":["PiercingWail+1","Sucker Punch","Dagger Throw"],"picked":"Singing Bowl","floor":22},{"not_picked":["Prepared","Finisher"],"picked":"Deadly Poison","floor":23},{"not_picked":["Quick Slash+1","Tools of the Trade","Eviscerate+1"],"picked":"Singing Bowl","floor":25},{"not_picked":["Flechettes","Poisoned Stab","Glass Knife"],"picked":"Singing Bowl","floor":27},{"not_picked":["Dagger Spray","Bouncing Flask","Quick Slash"],"picked":"Singing Bowl","floor":28},{"not_picked":["Choke","Dodge and Roll","Dagger Spray+1"],"picked":"Singing Bowl","floor":30},{"not_picked":["Eviscerate","Underhanded Strike+1","Poisoned Stab+1"],"picked":"Singing Bowl","floor":31}],"player_experience":251205,"relics_obtained":[{"floor":6,"key":"MawBank"},{"floor":8,"key":"Lantern"},{"floor":9,"key":"Happy Flower"},{"floor":10,"key":"Singing Bowl"},{"floor":23,"key":"HornCleat"},{"floor":25,"key":"Juzu Bracelet"},{"floor":26,"key":"Snake Skull"},{"floor":27,"key":"Bronze Scales"},{"floor":28,"key":"Red Mask"}],"event_choices":[{"damage_healed":0,"gold_gain":75,"player_choice":"Gather Gold","damage_taken":11,"max_hp_gain":0,"max_hp_loss":0,"event_name":"World of Goop","floor":2,"gold_loss":0},{"damage_healed":0,"gold_gain":0,"player_choice":"Grow","damage_taken":0,"max_hp_gain":0,"max_hp_loss":0,"event_name":"Living Wall","floor":5,"gold_loss":0,"cards_upgraded":["Deadly Poison"]},{"damage_healed":0,"gold_gain":0,"player_choice":"Take Damage","damage_taken":18,"relics_obtained":["Golden Idol"],"max_hp_gain":0,"max_hp_loss":0,"event_name":"Golden Idol","floor":12,"gold_loss":0},{"cards_removed":["Finisher"],"damage_healed":0,"gold_gain":0,"player_choice":"Upgrade and Remove","damage_taken":0,"max_hp_gain":0,"max_hp_loss":0,"event_name":"Designer","floor":21,"gold_loss":90,"cards_upgraded":["Poisoned Stab"]},{"damage_healed":0,"gold_gain":0,"player_choice":"Fought Bandits","damage_taken":0,"max_hp_gain":0,"max_hp_loss":0,"event_name":"Masked Bandits","floor":28,"gold_loss":0},{"damage_healed":0,"gold_gain":0,"player_choice":"Ignored","damage_taken":0,"max_hp_gain":0,"max_hp_loss":0,"event_name":"Vampires","floor":29,"gold_loss":0}],"is_beta":false,"boss_relics":[{"not_picked":["Snecko Eye","Runic Pyramid"],"picked":"Astrolabe"}],"items_purged_floors":[],"is_endless":false,"potions_floor_spawned":[1,4,16,23,27,30,31],"killed_by":"Champ","ascension_level":1}}