{"host":"3ek78t4i81ecmdy1","time":1608783378,"event":{"mods":["2.2 Compatiblity","AchievementEnabler","BaseMod","Colored Map","DeckTracker","Filter the Spire","Keyboard Shortcuts","Minty Spire (QoL Compilation)","Permanent Neow","Quick Restart","SuperFastMode","everything is the same but u backflip on backflip"],"gold_per_floor":[114,39,39,114,127,127,458,95,147,147,175,188,220,230,230,329,329,341,266,286,286,15,15,27,62,62,62,62,62,74,124,124,227,227,240,96,0,20,20,55,66,99,125,175,226,226,240,270,270,270,270,270,48,80,80,80],"floor_reached":55,"playtime":2913,"items_purged":["Shame","Defend_G","Setup"],"score":945,"play_id":"395ba5bd-169e-4080-8d4a-477eabfbf890","local_time":"20201224131618","is_ascension_mode":true,"campfire_choices":[{"data":"Apotheosis","floor":6,"key":"SMITH"},{"data":"Neutralize","floor":10,"key":"SMITH"},{"floor":15,"key":"REST"},{"floor":23,"key":"RECALL"},{"data":"Venomology","floor":29,"key":"SMITH"},{"floor":32,"key":"REST"},{"floor":49,"key":"REST"},{"floor":52,"key":"REST"}],"circlet_count":0,"master_deck":["Survivor","Neutralize+1","Apotheosis+1","Crippling Poison+1","Underhanded Strike","Blur+1","Slice","Good Instincts","All Out Attack","Reflex","Tactician","Sucker Punch","Venomology+1","Burst","Distraction","Heel Hook","After Image","Venomology","Distraction","PiercingWail","Blade Dance+1","J.A.X.","Endless Agony+1","Dagger Throw+1","Outmaneuver+1","Malaise","Prepared+1","Bane+1","Trip","Blade Dance+1","Finisher+1","Backstab","Footwork"],"relics":["Ring of the Snake","Old Coin","Vajra","Tiny Chest","Odd Mushroom","Boot","Pandora\u0027s Box","PreservedInsect","War Paint","Shuriken","Blood Vial","Fusion Hammer","HandDrill","Red Mask","Ornamental Fan","Dream Catcher","Bag of Preparation","CaptainsWheel","Bronze Scales","Lizard Tail","Anchor","Bag of Marbles"],"acts_visited":["Exordium","TheCity","TheBeyond","TheEnding"],"potions_floor_usage":[13,14,16,18,18,24,25,25,28,28,30,31,31,33,33,33,33,33,35,38,40,40,40,41,42,42,42,44,44,47,48,48,50,50,50,50,54,55,55],"damage_taken":[{"damage":4,"enemies":"2 Louse","floor":1,"turns":5},{"damage":2,"enemies":"Small Slimes","floor":5,"turns":3},{"damage":19,"enemies":"Lagavulin","floor":7,"turns":7},{"damage":6,"enemies":"The Mushroom Lair","floor":11,"turns":3},{"damage":0,"enemies":"Cultist","floor":12,"turns":3},{"damage":0,"enemies":"Gremlin Nob","floor":13,"turns":3},{"damage":1,"enemies":"Large Slime","floor":14,"turns":4},{"damage":16,"enemies":"The Guardian","floor":16,"turns":13},{"damage":4,"enemies":"Chosen","floor":18,"turns":6},{"damage":13,"enemies":"Shell Parasite","floor":20,"turns":8},{"damage":13,"enemies":"Snake Plant","floor":24,"turns":5},{"damage":13,"enemies":"Gremlin Leader","floor":25,"turns":4},{"damage":4,"enemies":"Shelled Parasite and Fungi","floor":28,"turns":2},{"damage":6,"enemies":"Centurion and Healer","floor":30,"turns":5},{"damage":3,"enemies":"Slavers","floor":31,"turns":3},{"damage":49,"enemies":"Automaton","floor":33,"turns":8},{"damage":24,"enemies":"3 Shapes","floor":35,"turns":6},{"damage":13,"enemies":"3 Darklings","floor":38,"turns":6},{"damage":0,"enemies":"Nemesis","floor":40,"turns":4},{"damage":6,"enemies":"Jaw Worm Horde","floor":41,"turns":4},{"damage":3,"enemies":"Reptomancer","floor":42,"turns":3},{"damage":7,"enemies":"Mind Bloom Boss Battle","floor":44,"turns":5},{"damage":1,"enemies":"Sphere and 2 Shapes","floor":47,"turns":5},{"damage":0,"enemies":"Giant Head","floor":48,"turns":6},{"damage":52,"enemies":"Time Eater","floor":50,"turns":13},{"damage":11,"enemies":"Shield and Spear","floor":54,"turns":6},{"damage":129,"enemies":"The Heart","floor":55,"turns":6}],"seed_played":"2301794722815324103","potions_obtained":[{"floor":1,"key":"Explosive Potion"},{"floor":13,"key":"Fruit Juice"},{"floor":14,"key":"Swift Potion"},{"floor":20,"key":"SmokeBomb"},{"floor":30,"key":"Regen Potion"},{"floor":31,"key":"Dexterity Potion"},{"floor":38,"key":"Explosive Potion"},{"floor":47,"key":"Energy Potion"},{"floor":48,"key":"SkillPotion"}],"is_trial":false,"path_per_floor":["M","$","?","?","M","R","E","$","T","R","?","M","E","M","R","B",null,"M","?","M","?","$","R","M","E","T","T","M","R","M","E","R","B",null,"M","$","?","M","$","E","M","E","T","?","T","?","M","E","R","B",null,"R","$","E","B"],"character_chosen":"THE_SILENT","items_purchased":["Vajra","Slice","Good Instincts","PreservedInsect","HandDrill","Anchor","Backstab"],"campfire_rested":4,"item_purchase_floors":[8,8,8,22,36,53,53],"current_hp_per_floor":[66,66,66,55,53,53,34,34,34,34,28,28,28,32,54,38,75,71,71,58,58,58,58,45,32,32,32,28,28,22,28,50,3,75,51,51,51,40,40,42,38,42,42,37,37,32,38,40,62,12,75,75,75,64,0,0],"gold":80,"neow_bonus":"RANDOM_COLORLESS_2","is_daily":false,"chose_seed":false,"campfire_upgraded":3,"win_rate":0.0,"timestamp":1608783378,"path_taken":["M","$","?","?","M","R","E","$","T","R","?","M","E","M","R","BOSS","M","?","M","?","$","R","M","E","T","?","M","R","?","E","R","BOSS","M","$","?","M","$","E","M","E","T","?","?","?","?","E","R","BOSS","R","$","E","BOSS"],"items_purchased_type":["Relic","Card","Card","Relic","Relic","Relic","Card"],"build_version":"2020-12-22","purchased_purges":3,"victory":false,"max_hp_per_floor":[70,70,70,70,70,70,70,70,70,70,70,70,70,75,75,75,75,75,75,75,75,75,75,75,75,75,75,75,75,75,75,75,75,75,75,75,75,75,75,75,75,75,75,75,75,75,75,75,75,75,75,75,75,75,75,75],"card_choices":[{"not_picked":["The Bomb","Magnetism"],"picked":"Apotheosis","floor":0},{"not_picked":["Footwork","Bane"],"picked":"Crippling Poison","floor":1},{"not_picked":["Caltrops","Flying Knee","Expertise"],"picked":"SKIP","floor":5},{"not_picked":["Caltrops","Dodge and Roll"],"picked":"Blur","floor":7},{"not_picked":["Blade Dance","Sucker Punch"],"picked":"All Out Attack","floor":11},{"not_picked":["PiercingWail","Deflect"],"picked":"Reflex","floor":12},{"not_picked":["Dagger Throw","Deflect"],"picked":"Tactician","floor":13},{"not_picked":["Backflip","Predator"],"picked":"Sucker Punch","floor":14},{"not_picked":["Envenom","Unload"],"picked":"Venomology","floor":16},{"not_picked":["Deflect","Distraction"],"picked":"PiercingWail","floor":18},{"not_picked":["Eviscerate","Poisoned Stab"],"picked":"Blade Dance+1","floor":20},{"not_picked":["Sucker Punch","Poisoned Stab","Blade Dance"],"picked":"SKIP","floor":24},{"not_picked":["Bouncing Flask","Dash"],"picked":"Endless Agony+1","floor":25},{"not_picked":["Bouncing Flask","Flechettes"],"picked":"Dagger Throw+1","floor":30},{"not_picked":["PiercingWail","Backflip"],"picked":"Outmaneuver+1","floor":31},{"not_picked":["Unload","After Image"],"picked":"Malaise","floor":33},{"not_picked":["Outmaneuver","Dagger Throw+1"],"picked":"Prepared+1","floor":35},{"not_picked":["Prepared","Backflip"],"picked":"Bane+1","floor":38},{"not_picked":["Leg Sweep+1","Eviscerate+1","Slice"],"picked":"SKIP","floor":40},{"not_picked":["Acrobatics+1","Crippling Poison","Eviscerate"],"picked":"SKIP","floor":41},{"not_picked":["Dash","Cloak And Dagger","Flying Knee+1"],"picked":"SKIP","floor":42},{"not_picked":["Transmutation","Flash of Steel"],"picked":"Trip","floor":46},{"not_picked":["Leg Sweep+1","Bane+1"],"picked":"Blade Dance+1","floor":47},{"not_picked":["Dash","Riddle With Holes+1","Distraction+1"],"picked":"SKIP","floor":48},{"not_picked":["Choke","Slice"],"picked":"Finisher+1","floor":52},{"not_picked":["PiercingWail","Skewer"],"picked":"Footwork","floor":54}],"player_experience":25533,"relics_obtained":[{"floor":7,"key":"Old Coin"},{"floor":9,"key":"Tiny Chest"},{"floor":11,"key":"Odd Mushroom"},{"floor":13,"key":"Boot"},{"floor":25,"key":"War Paint"},{"floor":26,"key":"Shuriken"},{"floor":31,"key":"Blood Vial"},{"floor":40,"key":"Ornamental Fan"},{"floor":42,"key":"Dream Catcher"},{"floor":43,"key":"Bag of Preparation"},{"floor":44,"key":"CaptainsWheel"},{"floor":45,"key":"Bronze Scales"},{"floor":48,"key":"Lizard Tail"},{"floor":54,"key":"Bag of Marbles"}],"event_choices":[{"damage_healed":0,"gold_gain":0,"cards_transformed":["Strike_G"],"player_choice":"Change","damage_taken":0,"max_hp_gain":0,"max_hp_loss":0,"event_name":"Living Wall","floor":3,"gold_loss":0,"cards_obtained":["Underhanded Strike"]},{"damage_healed":0,"gold_gain":75,"player_choice":"Gather Gold","damage_taken":11,"max_hp_gain":0,"max_hp_loss":0,"event_name":"World of Goop","floor":4,"gold_loss":0},{"damage_healed":0,"gold_gain":0,"player_choice":"Fought Mushrooms","damage_taken":0,"max_hp_gain":0,"max_hp_loss":0,"event_name":"Mushrooms","floor":11,"gold_loss":0},{"cards_removed":["Caltrops"],"damage_healed":0,"gold_gain":0,"player_choice":"Gave Gold","damage_taken":0,"max_hp_gain":0,"max_hp_loss":0,"event_name":"Beggar","floor":19,"gold_loss":75},{"damage_healed":0,"gold_gain":0,"player_choice":"Obtain J.A.X.","damage_taken":0,"max_hp_gain":0,"max_hp_loss":0,"event_name":"Drug Dealer","floor":21,"gold_loss":0,"cards_obtained":["J.A.X."]},{"damage_healed":0,"gold_gain":0,"player_choice":"Paid","damage_taken":0,"relics_obtained":["Red Mask"],"max_hp_gain":0,"max_hp_loss":0,"event_name":"Tomb of Lord Red Mask","floor":37,"gold_loss":96},{"damage_healed":0,"gold_gain":0,"player_choice":"Fight","damage_taken":0,"max_hp_gain":0,"max_hp_loss":0,"event_name":"MindBloom","floor":44,"gold_loss":0},{"damage_healed":0,"gold_gain":0,"player_choice":"Memory 2","damage_taken":5,"max_hp_gain":0,"max_hp_loss":0,"event_name":"SensoryStone","floor":46,"gold_loss":0}],"is_beta":false,"boss_relics":[{"not_picked":["Busted Crown","Coffee Dripper"],"picked":"Pandora\u0027s Box"},{"not_picked":["Ring of the Serpent","Sozu"],"picked":"Fusion Hammer"}],"items_purged_floors":[2,8,22],"is_endless":false,"potions_floor_spawned":[1,13,14,20,30,31,38,47,48],"killed_by":"The Heart","ascension_level":1}}