{"host":"sv2o2io561l6x04h","time":1608786122,"event":{"mods":["BaseMod","Bestiary","Better Altar","Better Match","Better Note","Better Sensory Stone","Colored Map","Conspire","Custom Start","DeckTracker","Downfall","Highlight Path","Hubris","Infinite Spire","Minty Spire (QoL Compilation)","Replay The Spire","Shop Mod","StSLib","The Runesmith"],"gold_per_floor":[99,118,28,40,40,56,104,128,53,67,139,155,155,175,190,292,292,292,302,302,302,302,302],"floor_reached":21,"playtime":2151,"items_purged":["Slimebound:Tackle"],"score":196,"play_id":"64bde033-b78f-4683-817b-57fae37b39f4","local_time":"20201224000202","is_ascension_mode":false,"campfire_choices":[{"data":"Slimebound:CorrosiveSpit","floor":1,"key":"SMITH"},{"data":"Slimebound:Gluttony","floor":9,"key":"SMITH"},{"data":"Slimebound:SamplingLick","floor":13,"key":"SMITH"},{"floor":18,"key":"RECALL"}],"circlet_count":0,"master_deck":["Slimebound:Strike_Slimebound","Slimebound:Strike_Slimebound","Slimebound:Defend_Slimebound","Slimebound:Defend_Slimebound","Slimebound:Defend_Slimebound","Slimebound:Defend_Slimebound","Slimebound:Split","Slimebound:CorrosiveSpit+1","Slimebound:GoopSpray","Slimebound:SlimeSlap","Slimebound:SamplingLick+1","Slimebound:Gluttony+1","Pot Of Greed","Pot Of Greed","Slimebound:SpikyOuterGoop","Slimebound:PressTheAttack","Slimebound:SplitMire","Slimebound:MassRepurpose","Slimebound:Repurpose"],"relics":["Slimebound:AbsorbEndCombat","Grinning Jar","downfall:HeartBlessingBlue","Replay:WaspNest","SlaversCollar","infinitespire:PuzzleCube"],"acts_visited":["Exordium","TheCity"],"potions_floor_usage":[14,14,16],"damage_taken":[{"damage":4,"enemies":"Cultist","floor":2,"turns":3},{"damage":4,"enemies":"downfall:FleeingMerchant","floor":3,"turns":4},{"damage":10,"enemies":"Jaw Worm","floor":4,"turns":4},{"damage":6,"enemies":"conspire:RoseBush","floor":6,"turns":3},{"damage":22,"enemies":"Exordium Thugs","floor":10,"turns":6},{"damage":18,"enemies":"3 Louse","floor":12,"turns":3},{"damage":20,"enemies":"Large Slime","floor":14,"turns":3},{"damage":13,"enemies":"Exordium Wildlife","floor":15,"turns":3},{"damage":48,"enemies":"downfall:Silent","floor":16,"turns":4},{"damage":33,"enemies":"Spheric Guardian","floor":19,"turns":4},{"damage":27,"enemies":"Snecko","floor":21,"turns":5}],"seed_played":"-7020207395800002110","potions_obtained":[{"floor":4,"key":"Elixir"},{"floor":10,"key":"Adrenaline Potion"},{"floor":12,"key":"Swift Potion"},{"floor":15,"key":"Regen Potion"}],"is_trial":false,"path_per_floor":["R","M","$","M","?","M","T","T","R","M","T","M","R","M","M","B",null,"R","M","AVR","M"],"character_chosen":"SLIMEBOUND","items_purchased":[],"campfire_rested":0,"item_purchase_floors":[],"current_hp_per_floor":[66,66,66,64,64,66,66,66,76,70,70,60,60,52,51,41,76,76,59,59,50,50,50],"gold":302,"neow_bonus":"TEN_PERCENT_HP_BONUS","is_daily":false,"chose_seed":false,"campfire_upgraded":3,"win_rate":0.0,"timestamp":1608786122,"path_taken":["R","M","?","M","?","?","T","?","R","M","?","M","R","M","M","BOSS","R","M","AVR","M"],"items_purchased_type":[],"build_version":"2020-12-22","purchased_purges":1,"victory":false,"max_hp_per_floor":[66,66,66,66,66,66,66,66,76,76,76,76,76,76,76,76,76,76,76,76,76,76,76],"card_choices":[{"not_picked":["Slimebound:Schlurp","Slimebound:ViciousTackle"],"picked":"Slimebound:GoopSpray","floor":2},{"not_picked":["Slimebound:SplitMire","Slimebound:LeechingTouch"],"picked":"Slimebound:SlimeSlap","floor":3},{"not_picked":["Slimebound:SplitBruiser","Slimebound:Schlurp"],"picked":"Slimebound:SamplingLick","floor":4},{"not_picked":["Slimebound:SplitAcid","Slimebound:Prepare"],"picked":"Slimebound:Gluttony","floor":6},{"not_picked":["Slimebound:BestDefense","Slimebound:Schlurp"],"picked":"Slimebound:SpikyOuterGoop","floor":10},{"not_picked":["Slimebound:Schlurp","Slimebound:SamplingLick"],"picked":"Slimebound:PressTheAttack","floor":12},{"not_picked":["Slimebound:ComboTackle","Slimebound:RollThrough","Slimebound:FinishingTackle"],"picked":"SKIP","floor":14},{"not_picked":["Slimebound:PressTheAttack","Slimebound:RollThrough"],"picked":"Slimebound:SplitMire","floor":15},{"not_picked":["Slimebound:MassFeed","Slimebound:OneTwoCombo"],"picked":"Slimebound:MassRepurpose","floor":16},{"not_picked":["Slimebound:ComboTackle+1","Slimebound:ViciousTackle"],"picked":"Slimebound:Repurpose","floor":19}],"player_experience":257953,"relics_obtained":[{"floor":8,"key":"Grinning Jar"},{"floor":11,"key":"Replay:WaspNest"}],"event_choices":[{"cards_removed":["Slimebound:Strike_Slimebound"],"damage_healed":0,"gold_gain":0,"player_choice":"Card Removal","damage_taken":0,"max_hp_gain":0,"max_hp_loss":0,"event_name":"The Cleric","floor":5,"gold_loss":0}],"is_beta":false,"boss_relics":[{"not_picked":["Busted Crown","Sozu"],"picked":"SlaversCollar"}],"items_purged_floors":[3],"is_endless":false,"potions_floor_spawned":[4,10,12,15],"killed_by":"Snecko","ascension_level":0}}