{"host":"c2og1cp357bgjv9b","time":1608787932,"event":{"mods":["BaseMod","Colored Map","Minty Spire (QoL Compilation)","Replay The Spire","StSLib"],"gold_per_floor":[112,126,321,334,349,349,360,360,360,133,308,326,326,191,191,191,191],"floor_reached":16,"playtime":692,"items_purged":["Defend_R","Defend_R"],"score":92,"play_id":"b73412a9-c29d-4308-be4e-dfa35f771a21","local_time":"20201224133212","is_ascension_mode":false,"campfire_choices":[{"data":"Perfected Strike","floor":6,"key":"SMITH"},{"data":"Clash","floor":8,"key":"SMITH"},{"data":"Defend_R","floor":15,"key":"PURGE"}],"circlet_count":0,"master_deck":["Strike_R","Strike_R","Strike_R","Strike_R","Strike_R","Defend_R","Bash","Dramatic Entrance","Replay:Undeath\u0027s Touch","Replay:Undeath\u0027s Touch","Perfected Strike+1","Clash+1","Pommel Strike","Rage"],"relics":["Burning Blood","Pondfish Scales","Replay:Baseball"],"acts_visited":["Exordium"],"potions_floor_usage":[],"damage_taken":[{"damage":0,"enemies":"2 Louse","floor":1,"turns":2},{"damage":1,"enemies":"Cultist","floor":2,"turns":4},{"damage":2,"enemies":"Small Slimes","floor":4,"turns":2},{"damage":0,"enemies":"3 Louse","floor":5,"turns":2},{"damage":12,"enemies":"Blue Slaver","floor":7,"turns":3},{"damage":6,"enemies":"Exordium Wildlife","floor":12,"turns":2},{"damage":53,"enemies":"The Guardian","floor":16,"turns":6}],"seed_played":"-4374730843596404449","potions_obtained":[{"floor":4,"key":"Dexterity Potion"}],"is_trial":false,"path_per_floor":["M","M","?","M","M","R","M","R","T","$","?","M","?","$","R_BF","B"],"character_chosen":"IRONCLAD","items_purchased":["Replay:Baseball","Rage"],"campfire_rested":0,"item_purchase_floors":[10,14],"current_hp_per_floor":[80,80,48,52,58,58,52,52,52,52,52,52,52,52,52,0,0],"gold":191,"neow_bonus":"RANDOM_COLORLESS","is_daily":false,"chose_seed":false,"campfire_upgraded":2,"win_rate":0.0,"timestamp":1608787932,"path_taken":["M","M","?","M","M","R","M","R","T","?","?","M","?","$","R_BF","BOSS"],"items_purchased_type":["Relic","Card"],"build_version":"2020-12-22","purchased_purges":2,"victory":false,"max_hp_per_floor":[80,80,80,80,80,80,80,80,80,80,80,80,80,80,80,80,80],"card_choices":[{"not_picked":["ReplayTheSpireMod:Private Reserves","Dark Shackles"],"picked":"Dramatic Entrance","floor":0},{"not_picked":["Burning Pact","Wild Strike"],"picked":"Replay:Undeath\u0027s Touch","floor":1},{"not_picked":["Clothesline","Run Through"],"picked":"Replay:Undeath\u0027s Touch","floor":2},{"not_picked":["Disarm","Run Through"],"picked":"Perfected Strike","floor":3},{"not_picked":["Ghostly Armor","Dropkick","Run Through"],"picked":"SKIP","floor":4},{"not_picked":["Reckless Charge","Searing Blow","Burning Pact"],"picked":"SKIP","floor":5},{"not_picked":["Cleave","Blood for Blood"],"picked":"Clash","floor":7},{"not_picked":["Cleave","Headbutt"],"picked":"Pommel Strike","floor":12}],"player_experience":109830,"relics_obtained":[{"floor":9,"key":"Pondfish Scales"}],"event_choices":[{"damage_healed":0,"gold_gain":175,"player_choice":"AGREE","damage_taken":0,"max_hp_gain":0,"max_hp_loss":0,"event_name":"Liars Game","floor":11,"gold_loss":0,"cards_obtained":["Doubt"]},{"cards_removed":["Doubt"],"damage_healed":0,"gold_gain":0,"player_choice":"Forget","damage_taken":0,"max_hp_gain":0,"max_hp_loss":0,"event_name":"Living Wall","floor":13,"gold_loss":0}],"is_beta":false,"boss_relics":[],"items_purged_floors":[10,14],"is_endless":false,"potions_floor_spawned":[4],"killed_by":"The Guardian","ascension_level":0}}