{"host":"thn8o1tmql8xszd5","time":1608824451,"event":{"mods":["AchievementEnabler","Act Like it!","BaseMod","Block Reminder","Colored Map","DeckTracker","Gensokyo","Highlight Path","Minty Spire (QoL Compilation)","Permanent Neow","Quick Restart","Relic Stats","Robot Space Explorer","StSLib","The Animator","The Blue Laboratory"],"gold_per_floor":[118,218,233,255,255,255,290,312,312,312,312],"floor_reached":10,"playtime":1130,"items_purged":[],"score":102,"play_id":"f943983a-e850-4a21-8f23-ab834023066e","local_time":"20201224104051","is_ascension_mode":true,"campfire_choices":[{"data":"animator:Azekura","floor":6,"key":"SMITH"}],"circlet_count":0,"master_deck":["AscendersBane","animator:Strike_Katanagatari","animator:Defend_Katanagatari","animator:Strike","animator:Strike","animator:Strike","animator:Defend","animator:Defend","animator:Defend","animator:Azekura+1","animator:Emonzaemon","animator:YaoHaDucy","animator:YaoHaDucy","animator:Megumin+1","animator:MisaKurobane","animator:Kazuma","animator:Nanami"],"relics":["animator:LivingPicture","animator:TheMissingPiece","MealTicket","Akabeko","Tiny Chest"],"acts_visited":["Exordium"],"potions_floor_usage":[8],"damage_taken":[{"damage":5,"enemies":"Jaw Worm","floor":1,"turns":3},{"damage":10,"enemies":"Cultist","floor":3,"turns":4},{"damage":0,"enemies":"2 Louse","floor":4,"turns":4},{"damage":28,"enemies":"3 Sentries","floor":7,"turns":9},{"damage":0,"enemies":"Lots of Slimes","floor":8,"turns":1},{"damage":20,"enemies":"Lagavulin","floor":10,"turns":6}],"seed_played":"-1095506712887531287","potions_obtained":[{"floor":7,"key":"Swift Potion"},{"floor":8,"key":"CultistPotion"}],"is_trial":false,"path_per_floor":["M","?","M","M","?","R","E","M","T","E"],"character_chosen":"THE_ANIMATOR","items_purchased":[],"campfire_rested":0,"item_purchase_floors":[],"current_hp_per_floor":[54,54,44,44,44,44,17,17,17,0,0],"gold":312,"neow_bonus":"RANDOM_COMMON_RELIC","is_daily":false,"chose_seed":false,"campfire_upgraded":1,"win_rate":0.0,"timestamp":1608824451,"path_taken":["M","?","?","M","?","R","E","M","T","E"],"items_purchased_type":[],"build_version":"2020-12-22","purchased_purges":0,"victory":false,"max_hp_per_floor":[66,66,66,66,66,66,67,67,67,67,67],"relic_stats":{"counters":[6,27],"MealTicket":0,"Tiny Chest":0,"obtain_stats":[{"animator:TheMissingPiece":0,"MealTicket":0,"Tiny Chest":9,"animator:LivingPicture":0,"Akabeko":7},{"animator:TheMissingPiece":0,"MealTicket":0,"Tiny Chest":5,"animator:LivingPicture":0,"Akabeko":4},{"animator:TheMissingPiece":0,"MealTicket":0,"Tiny Chest":21,"animator:LivingPicture":0,"Akabeko":20}]},"card_choices":[{"not_picked":["animator:Yoichi","animator:Vanir"],"picked":"animator:YaoHaDucy","floor":1},{"not_picked":["animator:Konayuki","animator:DwarfShaman"],"picked":"animator:YaoHaDucy","floor":3},{"not_picked":["animator:TsurugaMeisai","animator:Darkness"],"picked":"animator:Megumin","floor":4},{"not_picked":["animator:Verdia","animator:Vanir"],"picked":"animator:Kazuma","floor":7},{"not_picked":["animator:Genos","animator:Gillette"],"picked":"animator:Nanami","floor":8}],"player_experience":700822,"relics_obtained":[{"floor":7,"key":"Akabeko"},{"floor":9,"key":"Tiny Chest"}],"event_choices":[{"damage_healed":0,"gold_gain":100,"player_choice":"Pray","damage_taken":0,"max_hp_gain":0,"max_hp_loss":0,"event_name":"Golden Shrine","floor":2,"gold_loss":0},{"damage_healed":0,"gold_gain":0,"player_choice":"1 cards matched","damage_taken":0,"max_hp_gain":0,"max_hp_loss":0,"event_name":"Match and Keep!","floor":5,"gold_loss":0,"cards_obtained":["animator:MisaKurobane"]}],"is_beta":false,"boss_relics":[],"items_purged_floors":[],"is_endless":false,"potions_floor_spawned":[7,8],"killed_by":"Lagavulin","ascension_level":10}}