{"host":"7gewg82ormp6yt4e","time":1608824809,"event":{"mods":["BaseMod","Block Reminder","Colored Map","Colored Powertips","DeckTracker","Highlight Path","Minty Spire (QoL Compilation)","Relic Stats","StSLib"],"gold_per_floor":[115,115,130,130,142,142,171,171,197,56,85,110,110,137,137,221,221,242,332,352,30,48,48,48,69,93,135,164,164,187,26,26,114,114,130,1147,620,637,637,672,672,702,728,759,775,785,794,808,808,808,808,808,808,29,71,71],"floor_reached":57,"playtime":5149,"items_purged":["Strike_G","Strike_G","Normality","Normality"],"score":2783,"play_id":"517044c4-3a70-427b-a02c-60785b107585","local_time":"20201225004649","is_ascension_mode":true,"campfire_choices":[{"data":"Riddle With Holes","floor":6.0,"key":"SMITH"},{"data":"Footwork","floor":8.0,"key":"SMITH"},{"data":"Footwork","floor":13.0,"key":"SMITH"},{"data":"Dash","floor":15.0,"key":"SMITH"},{"data":"Wraith Form v2","floor":23.0,"key":"SMITH"},{"data":"Bouncing Flask","floor":29.0,"key":"SMITH"},{"data":"Sadistic Nature","floor":32.0,"key":"SMITH"},{"floor":41.0,"key":"RECALL"},{"floor":49.0,"key":"REST"},{"data":"Bouncing Flask","floor":53.0,"key":"SMITH"}],"circlet_count":0,"master_deck":["AscendersBane","Strike_G","Defend_G","Defend_G","Defend_G","Defend_G","Defend_G","Survivor","Neutralize","Sadistic Nature+1","Footwork+1","Dash+1","Riddle With Holes+1","Backflip","Footwork+1","All Out Attack","Well Laid Plans","Venomology","Bouncing Flask+1","Well Laid Plans","Backflip","PiercingWail","Wraith Form v2+1","Leg Sweep","Footwork+1","Predator","Leg Sweep+1","Deadly Poison+1","Doppelganger","Bouncing Flask+1","Envenom","Skewer","Backflip","Catalyst+1"],"relics":["Ring of the Snake","Spirit Poop","MealTicket","CeramicFish","Snecko Eye","TwistedFunnel","Anchor","Red Mask","Bag of Preparation","Busted Crown","Happy Flower","Centennial Puzzle","Nunchaku","Vajra","Meat on the Bone","Chemical X","Pantograph","Pear"],"acts_visited":["Exordium","TheCity","TheBeyond","TheEnding"],"potions_floor_usage":[56,56],"damage_taken":[{"damage":0.0,"enemies":"Small Slimes","floor":1.0,"turns":5.0},{"damage":1.0,"enemies":"Cultist","floor":3.0,"turns":4.0},{"damage":0.0,"enemies":"2 Louse","floor":5.0,"turns":3.0},{"damage":12.0,"enemies":"3 Sentries","floor":7.0,"turns":8.0},{"damage":1.0,"enemies":"Looter","floor":11.0,"turns":2.0},{"damage":1.0,"enemies":"Large Slime","floor":12.0,"turns":6.0},{"damage":12.0,"enemies":"3 Louse","floor":14.0,"turns":3.0},{"damage":29.0,"enemies":"The Guardian","floor":16.0,"turns":16.0},{"damage":23.0,"enemies":"2 Thieves","floor":18.0,"turns":5.0},{"damage":1.0,"enemies":"Chosen","floor":20.0,"turns":7.0},{"damage":1.0,"enemies":"Snecko","floor":25.0,"turns":5.0},{"damage":0.0,"enemies":"Masked Bandits","floor":27.0,"turns":4.0},{"damage":1.0,"enemies":"Centurion and Healer","floor":28.0,"turns":9.0},{"damage":3.0,"enemies":"Shelled Parasite and Fungi","floor":30.0,"turns":6.0},{"damage":0.0,"enemies":"Champ","floor":33.0,"turns":11.0},{"damage":0.0,"enemies":"3 Shapes","floor":35.0,"turns":5.0},{"damage":1.0,"enemies":"Orb Walker","floor":38.0,"turns":3.0},{"damage":2.0,"enemies":"Giant Head","floor":40.0,"turns":8.0},{"damage":5.0,"enemies":"Reptomancer","floor":42.0,"turns":6.0},{"damage":17.0,"enemies":"Nemesis","floor":44.0,"turns":13.0},{"damage":2.0,"enemies":"Transient","floor":45.0,"turns":6.0},{"damage":16.0,"enemies":"Writhing Mass","floor":46.0,"turns":6.0},{"damage":0.0,"enemies":"3 Darklings","floor":48.0,"turns":5.0},{"damage":25.0,"enemies":"Time Eater","floor":50.0,"turns":15.0},{"damage":14.0,"enemies":"Awakened One","floor":51.0,"turns":20.0},{"damage":6.0,"enemies":"Shield and Spear","floor":55.0,"turns":5.0},{"damage":88,"enemies":"The Heart","floor":56,"turns":10}],"seed_played":"8556014688596581569","potions_obtained":[{"floor":1.0,"key":"Ancient Potion"},{"floor":3.0,"key":"Explosive Potion"},{"floor":14.0,"key":"PowerPotion"},{"floor":16.0,"key":"SkillPotion"},{"floor":27.0,"key":"Swift Potion"},{"floor":28.0,"key":"ColorlessPotion"},{"floor":35.0,"key":"GamblersBrew"},{"floor":40.0,"key":"GamblersBrew"},{"floor":46.0,"key":"ColorlessPotion"}],"is_trial":false,"path_per_floor":["M","?","M","$","M","R","E","R","T","$","M","M","R","M","R","B",null,"M","?","M","$","?","R","?","M","T","?","M","R","M","$","R","B",null,"M","?","$","M","?","E","R","E","T","E","M","M","?","M","R","B","B",null,"R","$","E","B",null],"character_chosen":"THE_SILENT","items_purchased":["Footwork","TwistedFunnel","Backflip","PiercingWail","Bag of Preparation","Happy Flower","Bouncing Flask","Centennial Puzzle","Chemical X","Pantograph","Skewer","Regen Potion","Backflip"],"campfire_rested":1,"item_purchase_floors":[10,21,21,21,31,37,37,37,54,54,54,54,54],"current_hp_per_floor":[59,59,58,58,58,58,46,46,46,61,60,59,59,47,47,18,54,31,19,18,33,33,33,33,32,32,44,43,43,40,55,55,55,63,63,63,66,65,65,63,63,58,58,41,39,35,35,35,54,41,39,59,59,66,70,15],"gold":71,"neow_bonus":"RANDOM_COLORLESS_2","is_daily":false,"chose_seed":false,"campfire_upgraded":8,"win_rate":0.0,"timestamp":1608824809,"path_taken":["M","?","M","$","M","R","E","R","T","$","?","M","R","M","R","BOSS","M","?","?","$","?","R","?","M","T","?","M","R","M","$","R","BOSS","M","?","$","M","?","E","R","E","T","E","M","M","?","M","R","BOSS","BOSS","R","$","E","BOSS"],"items_purchased_type":["Card","Relic","Card","Card","Relic","Relic","Card","Relic","Relic","Relic","Card","Potion","Card"],"build_version":"2020-12-22","purchased_purges":4,"victory":true,"max_hp_per_floor":[66,66,66,66,66,66,66,66,66,66,66,66,66,66,66,66,66,66,66,66,66,66,66,66,66,66,66,66,66,66,66,66,66,66,66,66,66,66,66,66,66,66,66,66,66,66,66,66,66,66,66,66,66,66,76,76],"relic_stats":{"Happy Flower":[32],"counters":[27,196],"CeramicFish":207,"Bag of Preparation":[13],"Centennial Puzzle":[30],"Nunchaku":[8],"Busted Crown":18,"Pantograph":6,"Snecko Eye":[293,300,273,296],"MealTicket":55,"Chemical X":[7],"obtain_stats":[{"TwistedFunnel":21,"Pear":55,"Happy Flower":37,"CeramicFish":9,"Spirit Poop":2,"Vajra":42,"Bag of Preparation":31,"Anchor":26,"Centennial Puzzle":37,"Nunchaku":40,"Busted Crown":34,"Pantograph":54,"Snecko Eye":17,"MealTicket":7,"Red Mask":27,"Chemical X":54,"Ring of the Snake":0,"Meat on the Bone":44},{"TwistedFunnel":10,"Pear":26,"Happy Flower":16,"CeramicFish":4,"Spirit Poop":1,"Vajra":19,"Bag of Preparation":14,"Anchor":11,"Centennial Puzzle":16,"Nunchaku":18,"Busted Crown":15,"Pantograph":25,"Snecko Eye":8,"MealTicket":4,"Red Mask":12,"Chemical X":25,"Ring of the Snake":0,"Meat on the Bone":20},{"TwistedFunnel":59,"Pear":186,"Happy Flower":99,"CeramicFish":20,"Spirit Poop":5,"Vajra":116,"Bag of Preparation":83,"Anchor":64,"Centennial Puzzle":99,"Nunchaku":110,"Busted Crown":94,"Pantograph":181,"Snecko Eye":47,"MealTicket":20,"Red Mask":68,"Chemical X":181,"Ring of the Snake":0,"Meat on the Bone":129}],"Ring of the Snake":[54],"Meat on the Bone":48},"card_choices":[{"not_picked":["Metamorphosis","The Bomb"],"picked":"Sadistic Nature","floor":0.0},{"not_picked":["Cloak And Dagger","Slice"],"picked":"Footwork","floor":1.0},{"not_picked":["Slice","Caltrops"],"picked":"Dash","floor":3.0},{"not_picked":["Escape Plan","Quick Slash"],"picked":"Riddle With Holes","floor":5.0},{"not_picked":["Bane","Slice"],"picked":"Backflip","floor":7.0},{"not_picked":["Concentrate","Tactician"],"picked":"Dagger Spray","floor":11.0},{"not_picked":["Accuracy","Choke"],"picked":"All Out Attack","floor":12.0},{"not_picked":["Backstab","Slice"],"picked":"Well Laid Plans","floor":14.0},{"not_picked":["Malaise","Grand Finale"],"picked":"Venomology","floor":16.0},{"not_picked":["Choke","Dash"],"picked":"Bouncing Flask","floor":18.0},{"not_picked":["Bane","Endless Agony"],"picked":"Well Laid Plans","floor":20.0},{"not_picked":["Expertise+1","Crippling Poison"],"picked":"Footwork+1","floor":25.0},{"not_picked":["Deflect","Outmaneuver"],"picked":"Predator","floor":27.0},{"not_picked":["Predator","Underhanded Strike"],"picked":"Leg Sweep+1","floor":28.0},{"not_picked":["Sucker Punch","Bane"],"picked":"Deadly Poison+1","floor":30.0},{"not_picked":["A Thousand Cuts","Adrenaline"],"picked":"Doppelganger","floor":33.0},{"not_picked":["Outmaneuver"],"picked":"SKIP","floor":35.0},{"not_picked":["Heel Hook"],"picked":"SKIP","floor":38.0},{"not_picked":["Quick Slash"],"picked":"SKIP","floor":40.0},{"not_picked":["Die Die Die"],"picked":"SKIP","floor":42.0},{"not_picked":["Terror"],"picked":"SKIP","floor":44.0},{"not_picked":["Poisoned Stab"],"picked":"SKIP","floor":45.0},{"not_picked":["Deflect"],"picked":"SKIP","floor":46.0},{"not_picked":["Finisher"],"picked":"SKIP","floor":48.0},{"not_picked":[],"picked":"Catalyst+1","floor":55.0}],"player_experience":2433559,"relics_obtained":[{"floor":7.0,"key":"MealTicket"},{"floor":9.0,"key":"CeramicFish"},{"floor":26.0,"key":"Anchor"},{"floor":27.0,"key":"Red Mask"},{"floor":40.0,"key":"Nunchaku"},{"floor":42.0,"key":"Vajra"},{"floor":44.0,"key":"Meat on the Bone"},{"floor":55.0,"key":"Pear"}],"event_choices":[{"cards_removed":["Shame"],"damage_healed":0.0,"max_hp_gain":0.0,"max_hp_loss":0.0,"gold_gain":0.0,"event_name":"Bonfire Elementals","player_choice":"Offered Curse","floor":2.0,"gold_loss":0.0,"damage_taken":0.0,"relics_obtained":["Spirit Poop"]},{"damage_healed":0.0,"max_hp_gain":0.0,"max_hp_loss":0.0,"gold_gain":90.0,"event_name":"Knowing Skull","player_choice":"GOLD ","floor":19.0,"potions_obtained":[],"gold_loss":0.0,"damage_taken":12.0,"cards_obtained":[]},{"damage_healed":0.0,"max_hp_gain":0.0,"max_hp_loss":0.0,"gold_gain":0.0,"cards_transformed":["Strike_G","Strike_G"],"event_name":"Drug Dealer","player_choice":"Became Test Subject","floor":22.0,"gold_loss":0.0,"damage_taken":0.0,"cards_obtained":["Wraith Form v2","Leg Sweep"]},{"damage_healed":0.0,"max_hp_gain":0.0,"max_hp_loss":0.0,"gold_gain":0.0,"event_name":"Masked Bandits","player_choice":"Fought Bandits","floor":27.0,"gold_loss":0.0,"damage_taken":0.0},{"damage_healed":0.0,"max_hp_gain":0.0,"max_hp_loss":0.0,"gold_gain":999.0,"event_name":"MindBloom","player_choice":"Gold","floor":36.0,"gold_loss":0.0,"damage_taken":0.0,"cards_obtained":["Normality","Normality"]},{"cards_removed":["Dagger Spray"],"damage_healed":0.0,"max_hp_gain":0.0,"max_hp_loss":0.0,"gold_gain":0.0,"event_name":"Falling","player_choice":"Removed Attack","floor":39.0,"gold_loss":0.0,"damage_taken":0.0},{"damage_healed":0.0,"max_hp_gain":0.0,"max_hp_loss":0.0,"gold_gain":0.0,"event_name":"Match and Keep!","player_choice":"1 cards matched","floor":47.0,"gold_loss":0.0,"damage_taken":0.0,"cards_obtained":["Envenom"]}],"is_beta":false,"boss_relics":[{"not_picked":["Runic Dome","SlaversCollar"],"picked":"Snecko Eye"},{"not_picked":["Velvet Choker","Tiny House"],"picked":"Busted Crown"}],"items_purged_floors":[10,21,37,54],"is_endless":false,"potions_floor_spawned":[1,3,14,16,25,27,28,30,35,40,44,46,55],"ascension_level":20}}