{"host":"ds1yr10zonoc6w4a","time":1608797861,"event":{"mods":["2.2 Compatiblity","AchievementEnabler","Act Like it!","BaseMod","Downfall","Elementarium","Gensokyo","Infinite Spire","Jorbs\u0027s Wanderer Trilogy","Koishi","Menagerie","Minty Spire (QoL Compilation)","Pale of the Ancients","StSLib","The Animator","Wandering Minibosses","[IsaacMod]????"],"gold_per_floor":[115,126,141,141,45,45,843,875,875,875,875],"floor_reached":10,"playtime":2194,"items_purged":[],"score":90,"play_id":"7ebe3541-c4ba-4f81-878b-4b6299c89e06","local_time":"20201224011741","is_ascension_mode":true,"campfire_choices":[{"floor":6,"key":"RECALL"}],"circlet_count":0,"master_deck":["AscendersBane","animator:Strike_Fate","animator:Defend_Fate","animator:Alexander","animator:Rider","animator:Guren","animator:Mikaela","animator:Shalltear","animator:Strike_Fate","animator:Strike_Konosuba","animator:Strike_AccelWorld","animator:Defend_AccelWorld","animator:Defend_HitsugiNoChaika","animator:Defend_Overlord","animator:Assassin"],"relics":["animator:LivingPicture","animator:TheMissingPiece","HushsDoor","animator:PurgingStone","animator:PurgingStone","BookOfRevelations","infinitespire:FocusingShard","wanderingMiniBosses:MasterThiefsPresence","infinitespire:WardingShard"],"acts_visited":["Exordium"],"potions_floor_usage":[7],"damage_taken":[{"damage":6,"enemies":"Cultist","floor":1,"turns":5},{"damage":0,"enemies":"2 Louse","floor":2,"turns":4},{"damage":7,"enemies":"Jaw Worm","floor":3,"turns":3},{"damage":0,"enemies":"Exordium Wildlife","floor":7,"turns":16},{"damage":0,"enemies":"Red Slaver","floor":8,"turns":2},{"damage":42,"enemies":"Lagavulin","floor":10,"turns":15}],"seed_played":"-6738859405895829153","potions_obtained":[{"floor":2,"key":"sneckomod:MuddlingPotion"}],"is_trial":false,"path_per_floor":["M","M","M","?","?","R","M","M","T","E"],"character_chosen":"THE_ANIMATOR","items_purchased":[],"campfire_rested":0,"item_purchase_floors":[],"current_hp_per_floor":[53,53,46,34,34,34,34,34,34,0,0],"gold":875,"neow_bonus":"TRANSFORM_CARD","is_daily":false,"chose_seed":false,"campfire_upgraded":0,"win_rate":0.0,"timestamp":1608797861,"path_taken":["M","?","M","?","?","R","M","M","T","E"],"items_purchased_type":[],"build_version":"2020-12-22","purchased_purges":0,"victory":false,"max_hp_per_floor":[66,66,66,66,66,66,66,66,66,66,66],"card_choices":[{"not_picked":["animator:OrikoMikuni","animator:DwarfShaman"],"picked":"animator:Guren","floor":1},{"not_picked":["animator:Jibril","animator:Illya"],"picked":"animator:Mikaela","floor":2},{"not_picked":["animator:Sebas","animator:Souei"],"picked":"animator:Shalltear","floor":3},{"not_picked":["animator:Yoichi","animator:RoyMustang"],"picked":"animator:Assassin","floor":8}],"player_experience":508452,"relics_obtained":[{"floor":7,"key":"wanderingMiniBosses:MasterThiefsPresence"},{"floor":9,"key":"infinitespire:WardingShard"}],"event_choices":[{"damage_healed":0,"gold_gain":0,"player_choice":"Success","damage_taken":12,"relics_obtained":["infinitespire:FocusingShard"],"max_hp_gain":0,"max_hp_loss":0,"event_name":"Scrap Ooze","floor":4,"gold_loss":0}],"is_beta":false,"boss_relics":[],"items_purged_floors":[],"is_endless":false,"potions_floor_spawned":[2],"killed_by":"Lagavulin","ascension_level":10}}