{"host":"w31as9kcl9qjbzmo","time":1608835171,"event":{"mods":["BaseMod","Friendly Minions","Lobotomy","Minty Spire (QoL Compilation)","StSLib"],"gold_per_floor":[119,119,44,55,70,70,90,105,132,132,132,132,11,11,11,108,108,122,122,222,232,232,232],"floor_reached":22,"playtime":1370,"items_purged":["Strike_B"],"score":174,"play_id":"9b902014-71cc-42f0-aa5b-327d6a7bcf6d","local_time":"20201225033931","is_ascension_mode":false,"campfire_choices":[{"data":"Redo","floor":6,"key":"SMITH"},{"floor":12,"key":"REST"},{"data":"Zap","floor":15,"key":"SMITH"}],"circlet_count":0,"master_deck":["Strike_B","Strike_B","Strike_B","Defend_B","Defend_B","Defend_B","Defend_B","Zap+1","Dualcast","Scarecrow","OSAHOGD","Redo+1","MHz","Coolheaded","Wellcheers","Cold Snap","UniverseFragment","Ball Lightning","Parasite","PunishingBird","GreedKing","Hologram","VoidDream","Sweeping Beam"],"relics":["Cracked Core","CogitoBucket","The Courier","DataDisk","SlaversCollar","SkinProphecy"],"acts_visited":["Exordium","TheCity"],"potions_floor_usage":[8,16,22],"damage_taken":[{"damage":1,"enemies":"Cultist","floor":1,"turns":4},{"damage":3,"enemies":"Jaw Worm","floor":4,"turns":4},{"damage":2,"enemies":"Small Slimes","floor":5,"turns":3},{"damage":17,"enemies":"3 Louse","floor":7,"turns":3},{"damage":23,"enemies":"Exordium Wildlife","floor":8,"turns":7},{"damage":34,"enemies":"Slime Boss","floor":16,"turns":15},{"damage":20,"enemies":"2 Thieves","floor":18,"turns":4},{"damage":16,"enemies":"Shell Parasite","floor":21,"turns":10},{"damage":27,"enemies":"Shelled Parasite and Fungi","floor":22,"turns":2}],"seed_played":"-3992942430067176845","potions_obtained":[{"floor":5,"key":"ColorlessPotion"},{"floor":8,"key":"Fruit Juice"},{"floor":16,"key":"SneckoOil"},{"floor":21,"key":"FocusPotion"}],"is_trial":false,"path_per_floor":["M","?","$","M","M","R","M","M","T","?","T","R","$","?","R","B",null,"M","?","?","M","M"],"character_chosen":"DEFECT","items_purchased":["DataDisk"],"campfire_rested":1,"item_purchase_floors":[13],"current_hp_per_floor":[74,74,74,71,69,69,52,37,37,37,37,61,61,80,80,49,80,60,45,45,28,0,0],"gold":232,"neow_bonus":"","is_daily":false,"chose_seed":false,"campfire_upgraded":2,"win_rate":0.0,"timestamp":1608835171,"path_taken":["M","?","?","?","M","R","M","M","T","?","?","R","$","?","R","BOSS","M","?","?","?","M"],"items_purchased_type":["Relic"],"build_version":"2020-12-22","purchased_purges":1,"victory":false,"max_hp_per_floor":[75,75,75,75,75,75,75,80,80,80,80,80,80,80,80,80,80,80,85,85,87,89,89],"card_choices":[{"not_picked":["CrumblingArmor","Bloodbath"],"picked":"Scarecrow","floor":1},{"not_picked":["Gash","Aggregate","Turbo"],"picked":"SKIP","floor":1},{"not_picked":["BeautyBeast","VoidDream"],"picked":"OSAHOGD","floor":4},{"not_picked":["Hologram","Sweeping Beam"],"picked":"Redo","floor":4},{"not_picked":["LaLuna","OldLady"],"picked":"MHz","floor":5},{"not_picked":["Aggregate","Tempest"],"picked":"Coolheaded","floor":5},{"not_picked":["OldLady","BigBird"],"picked":"Wellcheers","floor":7},{"not_picked":["Leap","Consume"],"picked":"Cold Snap","floor":7},{"not_picked":["MeatLantern","Scorched"],"picked":"UniverseFragment","floor":8},{"not_picked":["Steam","Barrage"],"picked":"Ball Lightning","floor":8},{"not_picked":["Laetitia","BigBird"],"picked":"PunishingBird","floor":16},{"not_picked":["Laetitia","LaLuna"],"picked":"GreedKing","floor":18},{"not_picked":["Streamline","Storm"],"picked":"Hologram","floor":18},{"not_picked":["BeautyBeast","ShyLook"],"picked":"VoidDream","floor":21},{"not_picked":["Streamline+1","Gash"],"picked":"Sweeping Beam","floor":21}],"player_experience":321775,"relics_obtained":[{"floor":11,"key":"The Courier"}],"event_choices":[{"damage_healed":0,"gold_gain":0,"player_choice":"Ignored","damage_taken":0,"max_hp_gain":0,"max_hp_loss":0,"event_name":"NoteForYourself","floor":2,"gold_loss":0},{"damage_healed":0,"gold_gain":0,"player_choice":"Ignored","damage_taken":0,"max_hp_gain":0,"max_hp_loss":0,"event_name":"Shining Light","floor":10,"gold_loss":0},{"damage_healed":20,"gold_gain":0,"player_choice":"Healed and dodged fight","damage_taken":0,"max_hp_gain":0,"max_hp_loss":0,"event_name":"Mushrooms","floor":14,"gold_loss":0,"cards_obtained":["Parasite"]},{"damage_healed":0,"gold_gain":0,"player_choice":"Shed Blood","damage_taken":20,"max_hp_gain":5,"max_hp_loss":0,"event_name":"Forgotten Altar","floor":19,"gold_loss":0},{"damage_healed":0,"gold_gain":100,"player_choice":"Pray","damage_taken":0,"max_hp_gain":0,"max_hp_loss":0,"event_name":"Golden Shrine","floor":20,"gold_loss":0}],"is_beta":false,"boss_relics":[{"not_picked":["Runic Pyramid","Empty Cage"],"picked":"SlaversCollar"}],"items_purged_floors":[3],"is_endless":false,"potions_floor_spawned":[5,8,16,21],"killed_by":"Shelled Parasite and Fungi","ascension_level":0}}