{"host":"agbyy69nq62afhwx","time":1608834780,"event":{"mods":["BaseMod","Colored Map","DeckTracker","Highlight Path","Keyboard Shortcuts","Minty Spire (QoL Compilation)","Quick Restart","StSLib","SuperFastMode","everything is the same but u backflip on backflip"],"gold_per_floor":[112,112,131,146,159,188,207,207,256,256,270,286,302,313,313,313,313],"floor_reached":16,"playtime":492,"items_purged":[],"score":146,"play_id":"b71749f7-a0f0-4b53-a0f5-ed6ced4674ca","local_time":"20201225033300","is_ascension_mode":true,"campfire_choices":[{"data":"Coolheaded","floor":8.0,"key":"SMITH"},{"data":"Dualcast","floor":10.0,"key":"SMITH"},{"data":"Redo","floor":15,"key":"SMITH"}],"circlet_count":0,"master_deck":["Strike_B","Strike_B","Strike_B","Defend_B","Defend_B","Defend_B","Defend_B","Zap","Dualcast+1","Deep Breath","Conserve Battery","Glacier","Sweeping Beam","Coolheaded+1","Redo+1","Biased Cognition"],"relics":["Cracked Core","The Courier","Anchor"],"acts_visited":["Exordium"],"potions_floor_usage":[],"damage_taken":[{"damage":0.0,"enemies":"2 Louse","floor":1.0,"turns":2.0},{"damage":0.0,"enemies":"Cultist","floor":3.0,"turns":3.0},{"damage":0.0,"enemies":"Jaw Worm","floor":4.0,"turns":7.0},{"damage":0.0,"enemies":"2 Fungi Beasts","floor":5.0,"turns":4.0},{"damage":29.0,"enemies":"Gremlin Nob","floor":6.0,"turns":5.0},{"damage":0.0,"enemies":"Looter","floor":7.0,"turns":4.0},{"damage":0.0,"enemies":"Blue Slaver","floor":11.0,"turns":3.0},{"damage":0.0,"enemies":"Red Slaver","floor":12.0,"turns":4.0},{"damage":0.0,"enemies":"3 Louse","floor":13.0,"turns":4.0},{"damage":0,"enemies":"Looter","floor":14,"turns":3},{"damage":35,"enemies":"The Guardian","floor":16,"turns":12}],"seed_played":"6522286553184025439","potions_obtained":[{"floor":6.0,"key":"ColorlessPotion"},{"floor":11.0,"key":"GamblersBrew"},{"floor":12.0,"key":"FearPotion"},{"floor":14,"key":"DuplicationPotion"}],"is_trial":false,"path_per_floor":["M","?","M","M","M","E","M","R","T","R","M","M","M","M","R","B"],"character_chosen":"DEFECT","items_purchased":[],"campfire_rested":0,"item_purchase_floors":[],"current_hp_per_floor":[68,68,68,68,68,39,39,39,39,39,39,39,39,39,39,4,4],"gold":313,"neow_bonus":"RANDOM_COLORLESS","is_daily":false,"chose_seed":false,"campfire_upgraded":3,"win_rate":0.0,"timestamp":1608834780,"path_taken":["M","?","M","?","M","E","?","R","T","R","M","M","M","M","R","BOSS"],"items_purchased_type":[],"build_version":"2020-12-22","purchased_purges":0,"victory":false,"max_hp_per_floor":[75,75,75,75,75,75,75,75,75,75,75,75,75,75,75,75,75],"card_choices":[{"not_picked":["Good Instincts","Trip"],"picked":"Deep Breath","floor":0.0},{"not_picked":["Ball Lightning","Heatsinks"],"picked":"Conserve Battery","floor":1.0},{"not_picked":["Coolheaded","Turbo"],"picked":"Glacier","floor":3.0},{"not_picked":["Gash","Force Field"],"picked":"Sweeping Beam","floor":4.0},{"not_picked":["Gash","Reprogram","Force Field"],"picked":"SKIP","floor":5.0},{"not_picked":["Gash","Fission","Sweeping Beam"],"picked":"SKIP","floor":6.0},{"not_picked":["Barrage","Leap"],"picked":"Coolheaded","floor":7.0},{"not_picked":["Steam","Rebound","Conserve Battery"],"picked":"SKIP","floor":11.0},{"not_picked":["Conserve Battery","Ball Lightning"],"picked":"Redo","floor":12.0},{"not_picked":["Leap","Storm","Barrage"],"picked":"SKIP","floor":13.0},{"not_picked":["Darkness","Conserve Battery"],"picked":"Biased Cognition","floor":14}],"player_experience":365106,"relics_obtained":[{"floor":6.0,"key":"The Courier"},{"floor":9.0,"key":"Anchor"}],"event_choices":[{"cards_removed":["Strike_B"],"damage_healed":0.0,"max_hp_gain":0.0,"max_hp_loss":0.0,"gold_gain":0.0,"event_name":"Bonfire Elementals","player_choice":"Offered Basic","floor":2.0,"gold_loss":0.0,"damage_taken":0.0}],"is_beta":false,"boss_relics":[],"items_purged_floors":[],"is_endless":false,"potions_floor_spawned":[6,11,12,14],"killed_by":"The Guardian","ascension_level":7}}