{"host":"f5ezd1v29dtbwkzo","time":1608799325,"event":{"mods":["2.2 Compatiblity","BaseMod","Hermit","Minty Spire (QoL Compilation)","Rare Cards Sparkle","Replay The Spire","StSLib"],"gold_per_floor":[117,117,117,129,202,231,256,256,279,279,129,147,147,171,171,285,285,314,314,314,336,37,74,74,98,145,145,244,244,244,290,290,404,454,482,482,507,46,46,46,87,116,116,26,26,56,56,56,56,76],"floor_reached":51,"playtime":1866,"items_purged":["Looming Evil"],"score":809,"play_id":"7dda5be1-1a67-4ccd-b434-f1bf0a4cd966","local_time":"20201224114205","is_ascension_mode":false,"campfire_choices":[{"data":"True Grit","floor":8,"key":"SMITH"},{"data":"Rupture","floor":10,"key":"SMITH"},{"data":"Heavy Blade","floor":15,"key":"SMITH"},{"floor":24,"key":"REST"},{"data":"Hemogenesis","floor":27,"key":"SMITH"},{"floor":29,"key":"REST"},{"data":"Run Through","floor":32,"key":"SMITH"},{"floor":40,"key":"REST"},{"floor":47,"key":"REST"},{"floor":49,"key":"REST"}],"circlet_count":0,"master_deck":["Strike_R","Strike_R+1","Strike_R","Strike_R+1","Strike_R","Defend_R","Defend_R","Defend_R","Defend_R","Bash","Clash","Clash","Warcry","True Grit+1","Rupture+1","Infernal Blade+1","Heavy Blade+1","Hemogenesis+1","Second Wind","Run Through+1","Eclipse+1","ReplayTheSpireMod:Strike From Hell+1","Armaments+1","Hemokinesis+1"],"relics":["Burning Blood","NeowsBlessing","Ring of Fury","Ring of Searing","ReplayTheSpireMod:Lightbulb","Replay:Bandana","Art of War","Sling","Mark of Pain","MutagenicStrength","HandDrill","Anchor","Mango","Strawberry","Red Skull","Tiny House","Replay:Ringing Soul","Guide Book","Blood Vial","Happy Flower","Shuriken"],"acts_visited":["Exordium","TheCity","TheBeyond"],"potions_floor_usage":[16,21,23,31,33,41,41,41,50,50,50],"damage_taken":[{"damage":0,"enemies":"2 Louse","floor":1,"turns":1},{"damage":0,"enemies":"Small Slimes","floor":4,"turns":1},{"damage":0,"enemies":"Gremlin Nob","floor":6,"turns":1},{"damage":2,"enemies":"Cultist","floor":7,"turns":3},{"damage":1,"enemies":"Red Slaver","floor":12,"turns":2},{"damage":10,"enemies":"2 Fungi Beasts","floor":14,"turns":3},{"damage":51,"enemies":"Hexaghost","floor":16,"turns":6},{"damage":36,"enemies":"3 Byrds","floor":18,"turns":6},{"damage":7,"enemies":"Spheric Guardian","floor":21,"turns":4},{"damage":25,"enemies":"Gremlin Leader","floor":23,"turns":2},{"damage":24,"enemies":"3 Cultists","floor":25,"turns":6},{"damage":32,"enemies":"Slavers","floor":31,"turns":5},{"damage":106,"enemies":"Champ","floor":33,"turns":9},{"damage":90,"enemies":"3 Darklings","floor":35,"turns":8},{"damage":43,"enemies":"3 Shapes","floor":37,"turns":4},{"damage":14,"enemies":"Giant Head","floor":41,"turns":5},{"damage":27,"enemies":"Sphere and 2 Shapes","floor":42,"turns":5},{"damage":19,"enemies":"4 Shapes","floor":46,"turns":3},{"damage":112,"enemies":"Donu and Deca","floor":50,"turns":7}],"seed_played":"-7939547640617400746","potions_obtained":[{"floor":4,"key":"LifebloodPotion"},{"floor":5,"key":"Death Potion"},{"floor":5,"key":"Strength Potion"},{"floor":18,"key":"FearPotion"},{"floor":21,"key":"BloodPotion"},{"floor":33,"key":"Languid Potion"},{"floor":34,"key":"SteroidPotion"},{"floor":37,"key":"Energy Potion"},{"floor":41,"key":"AttackPotion"},{"floor":42,"key":"SpeedPotion"}],"is_trial":false,"path_per_floor":["M","?","?","M","?","E","M","R","T","R","$","M","?","M","R","B",null,"M","?","?","M","$","E","R","M","T","R","?","R","?","E","R","B",null,"M","?","M","$","?","R","E","M","T","$","?","M","R","T","R","B",null],"character_chosen":"IRONCLAD","items_purchased":["Sling","HandDrill","Anchor","Replay:Ringing Soul","Guide Book","Death Potion"],"campfire_rested":5,"item_purchase_floors":[11,22,22,38,38,44],"current_hp_per_floor":[80,80,80,80,48,54,58,58,58,58,58,63,80,76,76,31,80,55,55,40,44,44,44,73,60,67,67,67,98,98,80,80,9,111,35,63,34,34,34,67,70,59,59,59,59,51,86,86,117,19],"gold":76,"neow_bonus":"THREE_ENEMY_KILL","is_daily":false,"chose_seed":false,"campfire_upgraded":5,"win_rate":0.0,"timestamp":1608799325,"path_taken":["M","?","?","M","?","E","M","R","T","R","$","M","?","?","R","BOSS","M","?","?","M","$","E","R","M","T","R","?","R","?","E","R","BOSS","M","?","M","$","?","R","E","M","T","?","?","?","R","?","R","BOSS"],"items_purchased_type":["Relic","Relic","Relic","Relic","Relic","Potion"],"build_version":"2020-12-22","purchased_purges":1,"victory":true,"max_hp_per_floor":[80,80,80,80,80,80,80,80,80,80,80,80,80,80,80,80,80,80,80,85,85,85,99,99,99,106,106,106,106,106,106,106,106,111,111,111,111,111,111,111,114,114,114,114,114,117,117,117,117,117],"card_choices":[{"not_picked":["True Grit","Massacre"],"picked":"Clash","floor":1},{"not_picked":["Second Wind","ReplayTheSpireMod:Stacked"],"picked":"Clash","floor":4},{"not_picked":["ReplayTheSpireMod:Strike From Hell","Pummel"],"picked":"Warcry","floor":5},{"not_picked":["ReplayTheSpireMod:Muscle Training","Demonic Infusion"],"picked":"True Grit","floor":6},{"not_picked":["Body Slam","Pummel"],"picked":"Rupture","floor":7},{"not_picked":["Pummel","Warcry"],"picked":"Infernal Blade","floor":12},{"not_picked":["Shockwave","Dropkick"],"picked":"Heavy Blade","floor":14},{"not_picked":["Corruption","Demon Form"],"picked":"Hemogenesis","floor":16},{"not_picked":["Life Link","Body Slam","ReplayTheSpireMod:Stacked"],"picked":"SKIP","floor":18},{"not_picked":["Burning Pact","Headbutt"],"picked":"Second Wind","floor":21},{"not_picked":["Searing Blow","Armaments","Clash"],"picked":"SKIP","floor":23},{"not_picked":["Headbutt","Body Slam","Flex"],"picked":"SKIP","floor":25},{"not_picked":["Sentinel","Power Through"],"picked":"Run Through","floor":31},{"not_picked":["Corruption","Offering"],"picked":"Eclipse","floor":33},{"not_picked":["Sentinel","Twin Strike+1"],"picked":"ReplayTheSpireMod:Strike From Hell+1","floor":35},{"not_picked":["Anger","Warcry+1","Headbutt+1"],"picked":"SKIP","floor":37},{"not_picked":["Limit Break","Metallicize"],"picked":"Armaments+1","floor":41},{"not_picked":["Fire Breathing","Flex","Run Through+1"],"picked":"SKIP","floor":42},{"not_picked":["Twin Strike","Wild Strike+1"],"picked":"Hemokinesis+1","floor":46}],"player_experience":271522,"relics_obtained":[{"floor":3,"key":"Ring of Fury"},{"floor":3,"key":"Ring of Searing"},{"floor":5,"key":"ReplayTheSpireMod:Lightbulb"},{"floor":6,"key":"Replay:Bandana"},{"floor":9,"key":"Art of War"},{"floor":23,"key":"Mango"},{"floor":26,"key":"Strawberry"},{"floor":31,"key":"Red Skull"},{"floor":41,"key":"Blood Vial"},{"floor":43,"key":"Happy Flower"},{"floor":48,"key":"Shuriken"}],"event_choices":[{"damage_healed":17,"gold_gain":0,"player_choice":"Full Heal","damage_taken":0,"max_hp_gain":0,"max_hp_loss":0,"event_name":"Wheel of Change","floor":13,"gold_loss":0},{"damage_healed":0,"gold_gain":0,"player_choice":"Inject Mutagens","damage_taken":0,"relics_obtained":["MutagenicStrength"],"max_hp_gain":0,"max_hp_loss":0,"event_name":"Drug Dealer","floor":19,"gold_loss":0},{"damage_healed":0,"gold_gain":0,"player_choice":"Shed Blood","damage_taken":20,"max_hp_gain":5,"max_hp_loss":0,"event_name":"Forgotten Altar","floor":20,"gold_loss":0},{"damage_healed":0,"gold_gain":99,"player_choice":"Stole From Cult","damage_taken":0,"max_hp_gain":0,"max_hp_loss":0,"event_name":"Nest","floor":28,"gold_loss":0},{"damage_healed":0,"gold_gain":0,"player_choice":"Ignored","damage_taken":0,"max_hp_gain":0,"max_hp_loss":0,"event_name":"Cursed Tome","floor":30,"gold_loss":0},{"damage_healed":28,"gold_gain":0,"player_choice":"Writhe","damage_taken":0,"max_hp_gain":0,"max_hp_loss":0,"event_name":"Winding Halls","floor":36,"gold_loss":0,"cards_obtained":["Writhe"]},{"damage_healed":0,"gold_gain":0,"player_choice":"Ignored","damage_taken":0,"max_hp_gain":0,"max_hp_loss":0,"event_name":"Mysterious Sphere","floor":39,"gold_loss":0},{"cards_removed":["Writhe"],"damage_healed":0,"gold_gain":0,"player_choice":"Purged","damage_taken":0,"max_hp_gain":0,"max_hp_loss":0,"event_name":"Purifier","floor":45,"gold_loss":0}],"is_beta":false,"boss_relics":[{"not_picked":["Astrolabe","Black Star"],"picked":"Mark of Pain"},{"not_picked":["Runic Dome","ChewingGum"],"picked":"Tiny House"}],"items_purged_floors":[38],"is_endless":false,"potions_floor_spawned":[4,6,12,18,21,33,37,41,42,46],"ascension_level":0}}