{"host":"mjau5a91be6b66g4","time":1608816610,"event":{"mods":["BaseMod","Minty Spire (QoL Compilation)","StSLib","The Animator","The Bug Knight","The Jungle"],"gold_per_floor":[111,27,27,43,118,118,149,149,196,219,239,260,284,284,284,409,409,429,444,444,444,444],"floor_reached":21,"playtime":968,"items_purged":[],"score":181,"play_id":"512dc99e-3ec0-4c4d-ad01-2f37de133df1","local_time":"20201224213010","is_ascension_mode":false,"campfire_choices":[{"floor":6,"key":"REST"},{"floor":8,"key":"REST"},{"floor":15,"key":"REST"}],"circlet_count":0,"master_deck":["HollowMod:NailStrikeStart","HollowMod:NailStrikeStart","HollowMod:NailStrikeStart","HollowMod:QuickDashStart","HollowMod:QuickDashStart","HollowMod:QuickDashStart","HollowMod:FocusHealStart","HollowMod:PogoStrike","HollowMod:MawleksShell","HollowMod:DungDefenderAura","Bandage Up","HollowMod:NewJinnsSoul","HollowMod:HuntersJournal","HollowMod:MantisMark","HollowMod:HeavyBlow","HollowMod:InfectedAttack","HollowMod:Weaversong","HollowMod:BlackTendrils+1","HollowMod:DoubleDash"],"relics":["HollowMod:VesselMask","Golden Idol","Eternal Feather","Lantern","Empty Cage"],"acts_visited":["Exordium","Exordium"],"potions_floor_usage":[11,13,16,16,19],"damage_taken":[{"damage":6,"enemies":"Jaw Worm","floor":1,"turns":3},{"damage":4,"enemies":"2 Louse","floor":4,"turns":3},{"damage":70,"enemies":"Gremlin Nob","floor":7,"turns":6},{"damage":2,"enemies":"Small Slimes","floor":10,"turns":4},{"damage":38,"enemies":"Gremlin Gang","floor":11,"turns":9},{"damage":3,"enemies":"Red Slaver","floor":12,"turns":5},{"damage":5,"enemies":"Exordium Thugs","floor":13,"turns":5},{"damage":63,"enemies":"HollowMod:FalseKnight","floor":16,"turns":10},{"damage":34,"enemies":"theJungle:Flameango_and_Byrd","floor":18,"turns":8},{"damage":16,"enemies":"theJungle:GiantWrat","floor":19,"turns":6},{"damage":45,"enemies":"theJungle:JungleHuntersEncounter","floor":21,"turns":5}],"seed_played":"-272595299983362914","potions_obtained":[{"floor":4,"key":"Energy Potion"},{"floor":7,"key":"Swift Potion"},{"floor":11,"key":"Energy Potion"},{"floor":13,"key":"Fire Potion"},{"floor":18,"key":"SkillPotion"}],"is_trial":false,"path_per_floor":["M","$","?","M","?","R","E","R","T","M","M","M","M","?","R","B",null,"M","M","?","M"],"character_chosen":"THE_BUGKNIGHT","items_purchased":["Bandage Up"],"campfire_rested":3,"item_purchase_floors":[2],"current_hp_per_floor":[69,69,51,57,46,68,8,39,39,41,17,24,33,33,64,11,75,55,52,52,14,14],"gold":444,"neow_bonus":"THREE_CARDS","is_daily":false,"chose_seed":false,"campfire_upgraded":0,"win_rate":0.0,"timestamp":1608816610,"path_taken":["M","$","?","M","?","R","E","R","T","M","M","M","M","?","R","BOSS","M","M","?","?"],"items_purchased_type":["Card"],"build_version":"2020-12-22","purchased_purges":0,"victory":false,"max_hp_per_floor":[75,75,75,75,75,75,75,75,75,75,75,75,75,75,75,75,75,75,75,75,75,75],"card_choices":[{"not_picked":["HollowMod:SoulSplash","HollowMod:SoulVessel"],"picked":"HollowMod:MawleksShell","floor":0},{"not_picked":["HollowMod:DoubleDash","HollowMod:FastStrike"],"picked":"HollowMod:DungDefenderAura","floor":1},{"not_picked":["HollowMod:NewLittleFool","HollowMod:Grubsong"],"picked":"HollowMod:NewJinnsSoul","floor":4},{"not_picked":["HollowMod:AbyssShriek","HollowMod:NewLittleFool"],"picked":"HollowMod:HuntersJournal","floor":7},{"not_picked":["HollowMod:NewLittleFool","HollowMod:HeavyBlow"],"picked":"HollowMod:ShapeofUnn","floor":10},{"not_picked":["HollowMod:HeavyBlow","HollowMod:HuntersJournal"],"picked":"HollowMod:MantisMark","floor":11},{"not_picked":["HollowMod:SoulSplash","HollowMod:SoulVessel"],"picked":"HollowMod:HeavyBlow","floor":12},{"not_picked":["HollowMod:NewJinnsSoul","HollowMod:DoubleDash"],"picked":"HollowMod:InfectedAttack","floor":13},{"not_picked":["HollowMod:PureVessel","HollowMod:ZotesMagnificence"],"picked":"HollowMod:Weaversong","floor":16},{"not_picked":["HollowMod:ShapeofUnn","HollowMod:DescendingDark"],"picked":"HollowMod:BlackTendrils+1","floor":18},{"not_picked":["HollowMod:HowlingWraiths","HollowMod:GoodIntentions+1"],"picked":"HollowMod:DoubleDash","floor":19}],"player_experience":221222,"relics_obtained":[{"floor":7,"key":"Eternal Feather"},{"floor":9,"key":"Lantern"}],"event_choices":[{"damage_healed":0,"gold_gain":0,"player_choice":"Take Damage","damage_taken":18,"relics_obtained":["Golden Idol"],"max_hp_gain":0,"max_hp_loss":0,"event_name":"Golden Idol","floor":3,"gold_loss":0},{"damage_healed":0,"gold_gain":75,"player_choice":"Gather Gold","damage_taken":11,"max_hp_gain":0,"max_hp_loss":0,"event_name":"World of Goop","floor":5,"gold_loss":0},{"damage_healed":0,"gold_gain":0,"player_choice":"Ignored","damage_taken":0,"max_hp_gain":0,"max_hp_loss":0,"event_name":"Shining Light","floor":14,"gold_loss":0},{"cards_removed":["HollowMod:QuickDashStart"],"damage_healed":0,"gold_gain":0,"player_choice":"Offered Basic","damage_taken":0,"max_hp_gain":0,"max_hp_loss":0,"event_name":"Bonfire Elementals","floor":20,"gold_loss":0}],"is_beta":false,"boss_relics":[{"not_picked":["Sozu","Philosopher\u0027s Stone"],"picked":"Empty Cage"}],"items_purged_floors":[],"is_endless":false,"potions_floor_spawned":[4,7,11,13,18],"killed_by":"theJungle:JungleHuntersEncounter","ascension_level":0}}