{"host":"sc0o2qwpf9j16a4i","time":1608843969,"event":{"mods":["AchievementEnabler","BaseMod","BetterRewards","Block Reminder","Colored Map","Colored Powertips","Custom Start","Highlight Path","Minty Spire (QoL Compilation)","Relic Stats"],"gold_per_floor":[119,135,152,167,16,16,43,43,43,43,57,71,71,91,91,168,168,181,181,181,195,195,195],"floor_reached":22,"playtime":533,"items_purged":["Strike_B"],"score":401,"play_id":"3ef00938-9d6a-4f32-b278-8d34636c7623","local_time":"20201224230609","is_ascension_mode":true,"campfire_choices":[{"floor":6,"key":"REST"},{"floor":8,"key":"REST"},{"data":"Static Discharge","floor":15,"key":"SMITH"}],"circlet_count":0,"master_deck":["AscendersBane","Defend_B","Defend_B","Defend_B","Zap","Dualcast","Ball Lightning","Hologram","Defragment+1","Cold Snap","Static Discharge+1","Ball Lightning","Conserve Battery","Compile Driver","Seek","Meteor Strike+1","Heatsinks+1","Go for the Eyes+1","Doom and Gloom","Bite","Bite","Bite","Bite","Bite","Defragment+1"],"relics":["Cracked Core","MealTicket","Meat on the Bone","Girya","Astrolabe"],"acts_visited":["Exordium","TheCity"],"potions_floor_usage":[4,16,22],"damage_taken":[{"damage":11,"enemies":"Small Slimes","floor":1,"turns":4},{"damage":5,"enemies":"2 Louse","floor":2,"turns":2},{"damage":1,"enemies":"Cultist","floor":3,"turns":3},{"damage":37,"enemies":"Gremlin Gang","floor":4,"turns":4},{"damage":23,"enemies":"3 Sentries","floor":7,"turns":6},{"damage":9,"enemies":"Looter","floor":11,"turns":3},{"damage":3,"enemies":"Blue Slaver","floor":12,"turns":3},{"damage":3,"enemies":"2 Fungi Beasts","floor":14,"turns":3},{"damage":20,"enemies":"Hexaghost","floor":16,"turns":4},{"damage":26,"enemies":"Shell Parasite","floor":18,"turns":5},{"damage":15,"enemies":"Spheric Guardian","floor":21,"turns":4},{"damage":46,"enemies":"Chosen and Byrds","floor":22,"turns":5}],"seed_played":"-185214823975774451","potions_obtained":[{"floor":3,"key":"ColorlessPotion"},{"floor":7,"key":"SteroidPotion"},{"floor":12,"key":"DistilledChaos"},{"floor":14,"key":"FocusPotion"}],"is_trial":false,"path_per_floor":["M","M","M","M","$","R","E","R","T","?","M","M","?","M","R","B",null,"M","?","?","M","M"],"character_chosen":"DEFECT","items_purchased":["Static Discharge"],"campfire_rested":2,"item_purchase_floors":[5],"current_hp_per_floor":[53,48,47,10,25,46,23,44,44,44,47,44,44,41,41,33,62,36,36,36,29,0,0],"gold":195,"neow_bonus":"RANDOM_COMMON_RELIC","is_daily":false,"chose_seed":false,"campfire_upgraded":1,"win_rate":0.0,"timestamp":1608843969,"path_taken":["M","M","M","M","$","R","E","R","T","?","M","M","?","M","R","BOSS","M","?","?","?","?"],"items_purchased_type":["Card"],"build_version":"2020-12-22","purchased_purges":1,"victory":false,"max_hp_per_floor":[71,71,71,71,71,71,71,71,71,71,71,71,71,71,71,71,71,71,49,49,49,49,49],"relic_stats":{"counters":[12,46],"Astrolabe":["Meteor Strike","Heatsinks","Go for the Eyes"],"MealTicket":15,"obtain_stats":[{"Girya":9,"Astrolabe":17,"MealTicket":0,"Cracked Core":0,"Meat on the Bone":7},{"Girya":5,"Astrolabe":9,"MealTicket":0,"Cracked Core":0,"Meat on the Bone":5},{"Girya":19,"Astrolabe":32,"MealTicket":0,"Cracked Core":0,"Meat on the Bone":19}],"Meat on the Bone":24},"card_choices":[{"not_picked":["Redo","Recycle"],"picked":"Ball Lightning","floor":1},{"not_picked":["Sweeping Beam","Barrage"],"picked":"Hologram","floor":2},{"not_picked":["White Noise","Coolheaded"],"picked":"Defragment","floor":3},{"not_picked":["Genetic Algorithm","Streamline"],"picked":"Cold Snap","floor":4},{"not_picked":["Sweeping Beam","Hello World"],"picked":"Ball Lightning","floor":7},{"not_picked":["Force Field","Coolheaded"],"picked":"Conserve Battery","floor":11},{"not_picked":["Cold Snap","Redo"],"picked":"Compile Driver","floor":12},{"not_picked":["Sweeping Beam","Rebound","Compile Driver"],"picked":"SKIP","floor":14},{"not_picked":["All For One","Buffer"],"picked":"Seek","floor":16},{"not_picked":["Compile Driver","Auto Shields"],"picked":"Doom and Gloom","floor":18},{"not_picked":["Scrape","Beam Cell","Auto Shields"],"picked":"SKIP","floor":21}],"player_experience":354713,"relics_obtained":[{"floor":7,"key":"Meat on the Bone"},{"floor":9,"key":"Girya"}],"event_choices":[{"damage_healed":0,"gold_gain":0,"player_choice":"Grow","damage_taken":0,"max_hp_gain":0,"max_hp_loss":0,"event_name":"Living Wall","floor":10,"gold_loss":0,"cards_upgraded":["Defragment"]},{"damage_healed":0,"gold_gain":0,"player_choice":"Ignored","damage_taken":0,"max_hp_gain":0,"max_hp_loss":0,"event_name":"Liars Game","floor":13,"gold_loss":0},{"damage_healed":0,"gold_gain":0,"player_choice":"Became a vampire","damage_taken":0,"max_hp_gain":0,"max_hp_loss":22,"event_name":"Vampires","floor":19,"gold_loss":0,"cards_obtained":["Bite","Bite","Bite","Bite","Bite"]},{"damage_healed":0,"gold_gain":0,"player_choice":"Copied","damage_taken":0,"max_hp_gain":0,"max_hp_loss":0,"event_name":"Duplicator","floor":20,"gold_loss":0,"cards_obtained":["Defragment"]}],"is_beta":false,"boss_relics":[{"not_picked":["SlaversCollar","Calling Bell"],"picked":"Astrolabe"}],"items_purged_floors":[5],"is_endless":false,"potions_floor_spawned":[3,7,12,14],"killed_by":"Chosen and Byrds","ascension_level":20}}