{"host":"t7rtdu4954o308h4","time":1608819793,"event":{"mods":["AchievementEnabler","Act Like it!","BaseMod","Conspire","Library of Ruina","Library of Ruina Extra","Minty Spire (QoL Compilation)","MostiFishMod","Replay The Spire","StSLib","TestMod","Waifu the Spire","【功能Mod】聪明的最终Boss","【遗物卡牌】REMEMod"],"gold_per_floor":[118,118,118,128,146,176,176,211,286,286,341,341,366,387,387,504,504,524,548,548,579,605,648,679,679,731,731,731,755,755,705,705,844,844,875,897,897,1092,1092,1128,1128,1172,1172,1193,1231,1231,1255,1255,1255,1336,1344,1344,1344,1344,1375,1401],"floor_reached":57,"playtime":2497,"items_purged":["DegradedFairy","conspire:GhostlyStrike","conspire:GhostlyStrike","Secret Technique","HardRehearsal","DaringDecision","DegradedPillar"],"score":1987,"play_id":"06c1b8a6-3cda-4ec1-bae8-b478b1554b83","local_time":"20201224222313","is_ascension_mode":true,"campfire_choices":[{"data":"TheRedNotes","floor":7,"key":"SMITH"},{"data":"Reload","floor":15,"key":"SMITH"},{"data":"ShockRound","floor":27,"key":"SMITH"},{"data":"testmod-ChaoticCore","floor":32,"key":"SMITH"},{"data":"MostiFishMod:DawningShadow","floor":41,"key":"SMITH"},{"floor":49,"key":"RECALL"},{"data":"REME_Shoggoth","floor":53,"key":"SMITH"}],"circlet_count":0,"master_deck":["DegradedChain","DegradedChain","DegradedLock+1","DegradedPillar","DegradedShockwave","ReplayRNGCard+1","BayonetCombat","TheRedNotes+1","SummaryJudgment","CurseOfTheBell","SharpNails","Reload+1","TieShanKao","DestructiveImpact+1","FormingStorm","MostiFishMod:InterfaceCompatibility","ShockRound+1","Brutality","testmod-ChaoticCore+1","FocusFire+1","Punishment","HighSpeedStabbing+1","SilentMist","REME_Shoggoth+1","Discovery","MostiFishMod:DawningShadow+1","WildCard+1","testmod-LimitFlipper","Berserk","Reload+1","REME_Shoggoth+1"],"relics":["PageOfLibrarian","DaveBox","testmod-TestBox","REME_ComplimentaryCards","testmod-HeartOfDaVinci","DiscerningMonocle","SynthV:TestCard","War Paint","Tiny Chest","TimeFreeze","Torii","testmod-IndustrialRevolution","testmod-ArcanaOfDestiny","Replay:Bandana","Quantum Egg","Civilization","Gremlin Food","ChewingGum","Replay:Accelerometer","Geode","Bag of Preparation","Gremlin Horn","King of Hearts","TheAbacus","Garlic","BargainBundle","Thread and Needle","Nuclear Battery","Potion Belt","Replay:Wax Seal","ChiLing","Chi","Ling","Chameleon Ring","White Beast Statue","Runic Capacitor","Dream Catcher","testmod-BouquetWithThorns","testmod-Fortitude","Darkstone Periapt","Eternal Feather","Brimstone","testmod-Brilliant","SynthV:C4","testmod-FatalChain","DollysMirror","Pantograph"],"acts_visited":["Exordium","TheCity","TheBeyond","TheEnding"],"potions_floor_usage":[44,50],"damage_taken":[{"damage":0,"enemies":"Jaw Worm","floor":1,"turns":2},{"damage":0,"enemies":"2 Louse","floor":4,"turns":1},{"damage":0,"enemies":"Cultist","floor":5,"turns":3},{"damage":0,"enemies":"Gremlin Nob","floor":6,"turns":3},{"damage":1,"enemies":"Lagavulin","floor":8,"turns":3},{"damage":10,"enemies":"3 Sentries","floor":11,"turns":3},{"damage":0,"enemies":"Blue Slaver","floor":13,"turns":2},{"damage":1,"enemies":"Exordium Thugs","floor":14,"turns":2},{"damage":9,"enemies":"The Guardian","floor":16,"turns":5},{"damage":0,"enemies":"Chosen","floor":18,"turns":1},{"damage":0,"enemies":"Shell Parasite","floor":19,"turns":1},{"damage":0,"enemies":"Snecko","floor":21,"turns":1},{"damage":0,"enemies":"Snake Plant","floor":22,"turns":1},{"damage":0,"enemies":"Book of Stabbing","floor":23,"turns":2},{"damage":0,"enemies":"3 Cultists","floor":24,"turns":2},{"damage":14,"enemies":"Centurion and Healer","floor":29,"turns":2},{"damage":39,"enemies":"Automaton","floor":33,"turns":8},{"damage":0,"enemies":"3 Darklings","floor":35,"turns":2},{"damage":0,"enemies":"Orb Walker","floor":36,"turns":1},{"damage":3,"enemies":"Reptomancer","floor":40,"turns":2},{"damage":2,"enemies":"Giant Head","floor":42,"turns":2},{"damage":3,"enemies":"4 Shapes","floor":44,"turns":1},{"damage":5,"enemies":"Transient","floor":45,"turns":3},{"damage":2,"enemies":"Maw","floor":47,"turns":2},{"damage":29,"enemies":"Time Eater","floor":50,"turns":28},{"damage":39,"enemies":"Time Eater","floor":51,"turns":4},{"damage":1,"enemies":"Shield and Spear","floor":55,"turns":1},{"damage":6,"enemies":"The Heart","floor":56,"turns":2}],"seed_played":"6714286603299356535","potions_obtained":[{"floor":14,"key":"SkillPotion"},{"floor":40,"key":"DuplicationPotion"},{"floor":44,"key":"testmod-SpacePotion"},{"floor":45,"key":"Block Potion"},{"floor":47,"key":"REME_GoldPotion"}],"is_trial":false,"path_per_floor":["M","$","?","M","M","E","R","E","T","?","E","?","M","M","R","B",null,"M","M","T","M","M","E","M","T","T","R","$","M","$","?","R","B",null,"M","M","$","?","$","E","R","E","T","M","M","$","M","T","R","B",null,null,"R","$","E","B",null],"character_chosen":"Librarian","items_purchased":["War Paint","Tiny Chest","TimeFreeze","Strength Potion","Energy Potion","Fire Potion","Gremlin Horn","King of Hearts","TheAbacus","testmod-ChaoticCore","Garlic","BargainBundle","Thread and Needle","Secret Technique","Punishment","HighSpeedStabbing+1","SilentMist","Potion Belt","Replay:Wax Seal","ChiLing","Discovery","Milkshake","Elixir","Chameleon Ring","White Beast Statue","Runic Capacitor","Toxic Potion","Weak Potion","Darkstone Periapt","testmod-LimitFlipper","Eternal Feather","Brimstone","LiquidMemories","SynthV:C4","testmod-FatalChain","DollysMirror"],"campfire_rested":0,"item_purchase_floors":[2,2,2,2,2,2,28,28,28,28,30,30,30,30,30,30,30,37,37,37,37,37,37,39,39,39,39,39,46,46,46,46,46,54,54,54],"current_hp_per_floor":[54,54,54,54,54,54,54,53,53,53,46,46,55,60,60,63,121,129,138,138,148,159,171,191,191,191,191,191,194,194,194,194,179,229,259,290,290,214,214,246,246,280,280,317,358,358,398,398,416,450,457,557,575,575,622,681],"gold":1401,"neow_bonus":"RANDOM_EVENT","is_daily":false,"chose_seed":false,"campfire_upgraded":6,"win_rate":0.0,"timestamp":1608819793,"path_taken":["M","$","?","M","M","E","R","E","T","?","E","?","M","M","R","BOSS","M","M","?","M","M","E","M","?","T","R","$","M","$","?","R","BOSS","M","M","$","?","$","E","R","E","T","M","M","$","M","?","R","BOSS","R","$","E","BOSS"],"items_purchased_type":["Relic","Relic","Relic","Potion","Potion","Potion","Relic","Relic","Relic","Card","Relic","Relic","Relic","Card","Card","Card","Card","Relic","Relic","Relic","Card","Potion","Potion","Relic","Relic","Relic","Potion","Potion","Relic","Card","Relic","Relic","Potion","Relic","Relic","Relic"],"build_version":"2020-12-22","purchased_purges":7,"victory":true,"max_hp_per_floor":[90,90,90,90,90,90,90,90,90,120,123,123,127,133,133,140,140,148,157,157,167,178,190,205,205,205,205,205,222,222,222,222,246,246,276,307,307,307,307,342,342,378,378,418,459,459,501,501,501,544,590,590,590,590,638,687],"card_choices":[{"not_picked":["ClassAndRespect","ICanCookAnything","HighKick"],"picked":"HardRehearsal","floor":1},{"not_picked":["Leap_lor","HighKick","CutIn","FierceOnslaught","EndlessBattle"],"picked":"BayonetCombat","floor":4},{"not_picked":["Fence","ClassAndRespect","UpbeatPerformance","EnergyCycle","EndlessBattle"],"picked":"DaringDecision","floor":5},{"not_picked":["RipSpace","Ripple","SunsetBlade","CombatPreparation","UpbeatPerformance"],"picked":"TheRedNotes","floor":6},{"not_picked":["GuardingStance","DaringDecision","QuickAttack","Pound","ShockRound"],"picked":"SummaryJudgment","floor":8},{"not_picked":["ToOvercomeCrisis","ClassAndRespect","Pound","Leap_lor","StrongStrike"],"picked":"SharpNails","floor":11},{"not_picked":["Pound","ChargeUp","ClassAndRespect","QuickAttack","GaleKick"],"picked":"Reload","floor":13},{"not_picked":["HardRehearsal","QuickAttack","DarkCloud","Fence","UpbeatPerformance","Leap_lor"],"picked":"SKIP","floor":14},{"not_picked":["ChargeUp","FormingStorm","ScratchThat","Punishment"],"picked":"TieShanKao","floor":16},{"not_picked":["HighKick+1","DestructiveImpact","DesperateStruggle+1","EndlessBattle","Pound","Reload"],"picked":"SKIP","floor":18},{"not_picked":["SunsetBlade","ClassAndRespect","WildCard","DesperateStruggle","TendonChords"],"picked":"DestructiveImpact+1","floor":19},{"not_picked":["IngredientHunt","DarkCloud","MultiHit","ShrineToMusic","HighKick+1","SummaryJudgment"],"picked":"SKIP","floor":21},{"not_picked":["GuardingStance+1","SharpNails","EnergyShield+1","SpearedSweep+1","Pound"],"picked":"FormingStorm","floor":22},{"not_picked":["Leap_lor","SunsetBlade","Overcharge","EnergyBeam","KeepItFresh+1","HighKick+1"],"picked":"SKIP","floor":23},{"not_picked":["EnergyCycle","HighKick+1","DarkCloud+1","BladeWhirl+1","HardRehearsal+1"],"picked":"ShockRound","floor":24},{"not_picked":["Brawl","MultiHit","Suppress","SpearedSweep","Rewind"],"picked":"FocusFire+1","floor":29},{"not_picked":["DesperateStruggle+1","ToOvercomeCrisis+1","GuardingStance+1","BladeWhirl+1","DimensionalRift","ClassAndRespect"],"picked":"SKIP","floor":35},{"not_picked":["ClassAndRespect+1","MultiBlock+1","DesperateStruggle+1","SharpenedBlade","TendonChords+1","CutIn"],"picked":"SKIP","floor":36},{"not_picked":["HighKick","QuickAttack","LawAndOrder+1","SuppressingShot","SunsetBlade+1","EnergyConversion"],"picked":"SKIP","floor":40},{"not_picked":["MultiHit","ScratchThat","MultiBlock","CombatPreparation+1","HighSpeedStabbing+1"],"picked":"WildCard+1","floor":42},{"not_picked":["HardRehearsal+1","Pound","Rewind+1","CircusKnives+1","EnergyShield","StayCalm"],"picked":"SKIP","floor":44},{"not_picked":["Leap_lor","EnergyCycle","Crush","TheArtOfRapidSteps+1","MultiBlock+1","DimensionalRift"],"picked":"SKIP","floor":45},{"not_picked":["WaitUp","StrongStrike","CombatPreparation+1","SharpenedBlade+1","ReadyUp"],"picked":"Reload+1","floor":47},{"not_picked":["ClassAndRespect+1","TendonChords","CombatPreparation","KeepItFresh+1","EndlessBattle","SharpenedBlade"],"picked":"SKIP","floor":55}],"player_experience":59427,"relics_obtained":[{"floor":1,"key":"SynthV:TestCard"},{"floor":6,"key":"Torii"},{"floor":8,"key":"testmod-IndustrialRevolution"},{"floor":9,"key":"testmod-ArcanaOfDestiny"},{"floor":10,"key":"Replay:Bandana"},{"floor":10,"key":"Quantum Egg"},{"floor":10,"key":"Civilization"},{"floor":11,"key":"Gremlin Food"},{"floor":20,"key":"Replay:Accelerometer"},{"floor":23,"key":"Geode"},{"floor":26,"key":"Bag of Preparation"},{"floor":40,"key":"Dream Catcher"},{"floor":42,"key":"testmod-BouquetWithThorns"},{"floor":43,"key":"testmod-Fortitude"},{"floor":48,"key":"testmod-Brilliant"},{"floor":55,"key":"Pantograph"}],"event_choices":[{"damage_healed":0,"gold_gain":0,"player_choice":"Leave","damage_taken":0,"max_hp_gain":0,"max_hp_loss":0,"event_name":"conspire:Investor","floor":3,"gold_loss":0},{"damage_healed":0,"gold_gain":0,"player_choice":"Swap Relic","damage_taken":0,"relics_obtained":["Calling Bell"],"max_hp_gain":0,"max_hp_loss":0,"event_name":"给自己的盒子","floor":10,"relics_lost":["Calling Bell"],"gold_loss":0},{"damage_healed":0,"gold_gain":0,"player_choice":"Agree","damage_taken":0,"max_hp_gain":0,"max_hp_loss":0,"event_name":"conspire:LoneGhost","floor":12,"gold_loss":0},{"damage_healed":0,"gold_gain":0,"player_choice":"Bet on Murderer","damage_taken":0,"max_hp_gain":0,"max_hp_loss":0,"event_name":"The Joust","floor":31,"gold_loss":50}],"is_beta":false,"boss_relics":[{"not_picked":["REME_DemonsWealth","FixedStarFall"],"picked":"ChewingGum"},{"not_picked":["Snecko Heart","Astrolabe"],"picked":"Nuclear Battery"}],"items_purged_floors":[2,28,30,37,39,46,54],"is_endless":false,"potions_floor_spawned":[4,8,14,18,21,23,29,35,40,42,44,45,47,51,55],"ascension_level":9}}