{"host":"sav7uxregyirlf69","time":1608824717,"event":{"mods":["AchievementEnabler","BaseMod","Colored Map","DeckTracker","Keyboard Shortcuts","Minty Spire (QoL Compilation)","READ ME - Guardian Mod","StSLib","SuperFastMode"],"gold_per_floor":[213,232,247,247,172,172,132,157,211,239,239,270,195,210,210,288,288,300,310,310,310,235,262,262,262],"floor_reached":24,"playtime":352,"items_purged":["Strike_R"],"score":564,"play_id":"e7131abb-3028-4f37-bde0-e64ca135b0f9","local_time":"20201225004517","is_ascension_mode":true,"campfire_choices":[{"data":"Fire Breathing","floor":6.0,"key":"SMITH"},{"floor":11,"key":"REST"},{"data":"Wild Strike","floor":15,"key":"SMITH"}],"circlet_count":0,"master_deck":["AscendersBane","Strike_R+1","Strike_R+1","Defend_R","Defend_R","Defend_R","Defend_R","Bash","Sword Boomerang","Fire Breathing+1","Shockwave","Wild Strike+1","Carnage","Burning Pact","Offering","Reckless Charge","Sentinel"],"relics":["Burning Blood","Happy Flower","Bag of Marbles","Question Card","Charon\u0027s Ashes","Sozu","Enchiridion","Matryoshka"],"acts_visited":["Exordium","TheCity"],"potions_floor_usage":[10,24],"damage_taken":[{"damage":9.0,"enemies":"Jaw Worm","floor":1.0,"turns":5.0},{"damage":11.0,"enemies":"Small Slimes","floor":2.0,"turns":4.0},{"damage":6.0,"enemies":"Cultist","floor":3.0,"turns":3.0},{"damage":20.0,"enemies":"3 Sentries","floor":8.0,"turns":4.0},{"damage":14,"enemies":"Lagavulin","floor":10,"turns":6},{"damage":8,"enemies":"Gremlin Nob","floor":12,"turns":3},{"damage":0,"enemies":"2 Fungi Beasts","floor":14,"turns":2},{"damage":0,"enemies":"Slime Boss","floor":16,"turns":5},{"damage":12,"enemies":"3 Byrds","floor":18,"turns":3},{"damage":11,"enemies":"Shell Parasite","floor":19,"turns":2},{"damage":26,"enemies":"Slavers","floor":23,"turns":4},{"damage":21,"enemies":"Snake Plant","floor":24,"turns":2}],"seed_played":"-4076314726579184884","potions_obtained":[{"floor":1.0,"key":"Ancient Potion"},{"floor":2.0,"key":"PowerPotion"},{"floor":7.0,"key":"CultistPotion"},{"floor":10,"key":"Swift Potion"}],"is_trial":false,"path_per_floor":["M","M","M","?","?","R","?","E","T","E","R","E","$","M","R","B",null,"M","M","?","?","?","E","M"],"character_chosen":"IRONCLAD","items_purchased":[],"campfire_rested":1,"item_purchase_floors":[],"current_hp_per_floor":[65,60,60,37,37,37,37,23,23,15,37,35,35,41,41,47,68,62,57,57,36,36,16,0,0],"gold":262,"neow_bonus":"HUNDRED_GOLD","is_daily":false,"chose_seed":false,"campfire_upgraded":2,"win_rate":0.0,"timestamp":1608824717,"path_taken":["M","M","M","?","?","R","?","E","T","E","R","E","$","?","R","BOSS","M","M","?","?","?","E","M"],"items_purchased_type":[],"build_version":"2020-12-22","purchased_purges":1,"victory":false,"max_hp_per_floor":[75,75,75,75,75,75,75,75,75,75,75,75,75,75,75,75,75,75,75,75,75,75,75,75,75],"card_choices":[{"not_picked":["Feel No Pain","Combust"],"picked":"Sword Boomerang","floor":1.0},{"not_picked":["Sword Boomerang","Havoc"],"picked":"Fire Breathing","floor":2.0},{"not_picked":["Anger","Dropkick"],"picked":"Shockwave","floor":3.0},{"not_picked":["Blood for Blood","Searing Blow"],"picked":"Wild Strike","floor":8.0},{"not_picked":["Heavy Blade","Demon Form"],"picked":"Carnage","floor":10},{"not_picked":["Armaments","Hemokinesis","Clothesline"],"picked":"Burning Pact","floor":12},{"not_picked":["Flex","Pommel Strike","Carnage","Anger"],"picked":"SKIP","floor":14},{"not_picked":["Brutality","Feed","Bludgeon"],"picked":"Offering","floor":16},{"not_picked":["Thunderclap","Heavy Blade","Disarm"],"picked":"Reckless Charge","floor":18},{"not_picked":["Infernal Blade","Warcry","Twin Strike","Cleave"],"picked":"SKIP","floor":19},{"not_picked":["Brutality","Disarm","True Grit"],"picked":"Sentinel","floor":23}],"player_experience":1004865,"relics_obtained":[{"floor":8.0,"key":"Happy Flower"},{"floor":9.0,"key":"Bag of Marbles"},{"floor":10,"key":"Question Card"},{"floor":12,"key":"Charon\u0027s Ashes"},{"floor":21,"key":"Enchiridion"},{"floor":23,"key":"Matryoshka"}],"event_choices":[{"damage_healed":0.0,"max_hp_gain":0.0,"max_hp_loss":0.0,"gold_gain":0.0,"event_name":"Shining Light","player_choice":"Entered Light","floor":4.0,"gold_loss":0.0,"damage_taken":23.0,"cards_upgraded":["Strike_R","Strike_R"]},{"cards_removed":["Strike_R"],"damage_healed":0.0,"max_hp_gain":0.0,"max_hp_loss":0.0,"gold_gain":0.0,"event_name":"The Cleric","player_choice":"Card Removal","floor":5.0,"gold_loss":75.0,"damage_taken":0.0},{"damage_healed":0.0,"max_hp_gain":0.0,"max_hp_loss":0.0,"gold_gain":0.0,"event_name":"The Woman in Blue","player_choice":"Bought 3 Potions","floor":7.0,"gold_loss":0.0,"damage_taken":0.0},{"damage_healed":0,"gold_gain":0,"player_choice":"Ignored","damage_taken":0,"max_hp_gain":0,"max_hp_loss":0,"event_name":"Ghosts","floor":20,"gold_loss":0},{"damage_healed":0,"gold_gain":0,"player_choice":"Obtained Book","damage_taken":21,"max_hp_gain":0,"max_hp_loss":0,"event_name":"Cursed Tome","floor":21,"gold_loss":0},{"cards_removed":["Strike_R"],"damage_healed":0,"gold_gain":0,"player_choice":"Gave Gold","damage_taken":0,"max_hp_gain":0,"max_hp_loss":0,"event_name":"Beggar","floor":22,"gold_loss":75}],"is_beta":false,"boss_relics":[{"not_picked":["Runic Cube","Pandora\u0027s Box"],"picked":"Sozu"}],"items_purged_floors":[13],"is_endless":false,"potions_floor_spawned":[1,2,10,16,23],"killed_by":"Snake Plant","ascension_level":20}}