{"host":"24usy6mbbif0mqva","time":1608831780,"event":{"mods":["10 clothes from DAL","BaseMod","Colored Map","Colored Powertips","Easy Mod","Minty Spire (QoL Compilation)","Rare Cards Sparkle","RumiaBox-露米娅的神秘盒子","Shop Mod","StSLib","TestMod","[IsaacMod]以撒尖塔","[功能]功能增强和修复MOD","easy-game-mod","【功能Mod】Neow奖励","【功能Mod】混沌之环修复补丁","【功能Mod】精心准备","【功能Mod】聪明的最终Boss","【遗物Mod】简单游戏"],"gold_per_floor":[109,125,0,75,130,161,181,13,90,127,144,179,15,0,0,82,82,100,95,113,113,108,140,140,140,140,183,183,207,246,268,268,349,349,367,378,353,375,401,452,452,452,452,452,457,472,505,538,538,558,558,558,478,511,575],"floor_reached":56,"playtime":3544,"items_purged":["Defend_R","Defend_R","Defend_R","Defend_R","Strike_R","Strike_R","Strike_R","Strike_R","Perfected Strike","Strike_R","Writhe","Cleave","Blood for Blood","Perfected Strike","Clumsy","Searing Blow+1","Flex","Dual Wield","Body Slam","testmod-Mystery","Uppercut","Violence","testmod-PocketStoneCalender","Bludgeon+1","Thunderclap","Flash of Steel","testmod-Mystery","Carnage+1","Bludgeon","Rupture","Dropkick","Infernal Blade"],"score":3111,"play_id":"48344a3e-9296-4603-a2b3-bf17546d0378","local_time":"20201225014300","is_ascension_mode":true,"campfire_choices":[{"floor":15.0,"key":"RECALL"},{"data":"Anger","floor":25,"key":"SMITH"},{"data":"BloodyBrimstone","floor":28,"key":"SMITH"},{"data":"EasyMod:card_1","floor":32,"key":"SMITH"},{"data":"testmod-BloodBlade","floor":42,"key":"SMITH"},{"data":"testmod-PainDetonator","floor":44,"key":"SMITH"},{"data":"BettingIsNotGood","floor":49,"key":"SMITH"},{"data":"Flex","floor":52,"key":"SMITH"}],"circlet_count":0,"master_deck":["EasyMod:card_1","AscendersBane","Bash","BloodyBrimstone+1","Magnetism","Shockwave","Double Tap","Sword Boomerang","Uppercut","Dark Embrace","testmod-EternalityOfKhronos","Metallicize","Flex","Anger+1","Exhume","Inflame","Intimidate","Panache","Flex+1","Pummel","Heavy Blade+1","Exhume","Bloodletting","Rupture","Barricade","Offering","Bloodletting","BettingIsNotGood+1","Rupture","Body Slam+1","Offering","testmod-PainDetonator+1","testmod-BloodBlade+1","testmod-Mystery+1","Infernal Blade+1","Thunderclap+1","Spot Weakness"],"relics":["HushsDoor","Mango","testmod-TestBox","EasyCustomRelic","EasyRelic","Chaos","testmod-IndustrialRevolution","testmod-DeterminationOfClimber","Red Skull","AddBug","SecretRecord","SecretRecord","SecretRecord","SecretRecord","SecretRecord","Baka2","SecretRecord","SecretRecord","SecretRecord","SecretRecord","SecretRecord","SecretRecord","SecretRecord"],"acts_visited":["Exordium","TheCity","TheBeyond","TheEnding"],"potions_floor_usage":[29,55],"damage_taken":[{"damage":2.0,"enemies":"Small Slimes","floor":1.0,"turns":3.0},{"damage":1.0,"enemies":"2 Louse","floor":2.0,"turns":3.0},{"damage":2.0,"enemies":"Hiden Room Battle","floor":5.0,"turns":4.0},{"damage":0.0,"enemies":"Lagavulin","floor":6.0,"turns":1.0},{"damage":1.0,"enemies":"Cultist","floor":7.0,"turns":1.0},{"damage":0.0,"enemies":"Gremlin Nob","floor":10.0,"turns":2.0},{"damage":0.0,"enemies":"Exordium Thugs","floor":11.0,"turns":1.0},{"damage":0.0,"enemies":"Lagavulin","floor":12.0,"turns":2.0},{"damage":0.0,"enemies":"Hexaghost","floor":16.0,"turns":2.0},{"damage":0.0,"enemies":"Shell Parasite","floor":18.0,"turns":1.0},{"damage":1,"enemies":"3 Byrds","floor":20,"turns":1},{"damage":0,"enemies":"Gremlin Leader","floor":23,"turns":2},{"damage":0,"enemies":"Book of Stabbing","floor":27,"turns":1},{"damage":0,"enemies":"Sentry and Sphere","floor":29,"turns":1},{"damage":1,"enemies":"Gremlin Leader","floor":30,"turns":1},{"damage":1,"enemies":"Slavers","floor":31,"turns":2},{"damage":1,"enemies":"Champ","floor":33,"turns":1},{"damage":1,"enemies":"3 Darklings","floor":35,"turns":1},{"damage":3,"enemies":"3 Shapes","floor":36,"turns":1},{"damage":1,"enemies":"3 Darklings","floor":38,"turns":1},{"damage":1,"enemies":"Writhing Mass","floor":39,"turns":1},{"damage":0,"enemies":"Nemesis","floor":40,"turns":1},{"damage":1,"enemies":"Reptomancer","floor":45,"turns":1},{"damage":4,"enemies":"4 Shapes","floor":46,"turns":1},{"damage":0,"enemies":"Giant Head","floor":47,"turns":1},{"damage":0,"enemies":"Maw","floor":48,"turns":2},{"damage":0,"enemies":"Donu and Deca","floor":50,"turns":2},{"damage":0,"enemies":"Shield and Spear","floor":54,"turns":1},{"damage":30,"enemies":"Delirium","floor":55,"turns":3}],"seed_played":"-5662703631415036442","potions_obtained":[{"floor":1.0,"key":"FearPotion"},{"floor":2.0,"key":"Energy Potion"},{"floor":6.0,"key":"testmod-TestPotion"},{"floor":20,"key":"FairyPotion"},{"floor":29,"key":"Explosive Potion"},{"floor":33,"key":"Regen Potion"}],"is_trial":false,"path_per_floor":["M","M","$","?","?","E","M","$","T","E","M","E","$","$","R","B",null,"M","$","M","?","$","E","?","R","T","E","R","M","E","E","R","B",null,"M","M","$","M","M","E","?","R","T","R","E","M","E","M","R","B",null,"R","$","E","B",null],"character_chosen":"IRONCLAD","items_purchased":["MealTicket","MerchantsRug","testmod-IWantAll","EasyMod:Easy_1","Magnetism","Body Slam","Shockwave","Bomb","Flex","Strange Spoon","Paper Crane","BookofShadows","Uppercut","Blood for Blood","Dark Embrace","testmod-EternalityOfKhronos","Dual Wield","MerchantsRug","Flash of Steel","Flex","Anger","TungstenRod","MyShadow","Succubus","MerchantsRug","testmod-PocketStoneCalender","Thunderclap","testmod-InfectionSource","Velvet Choker","Bottled Lightning","Violence","testmod-Mystery","Inflame","MerchantsRug","Panache","Flex","EasyMod:Easy_4","White Beast Statue","Pandora\u0027s Box","MerchantsRug","BettingIsNotGood","Rupture","Bludgeon","Boot","PokeGo","MagicDraw3","MerchantsRug","testmod-Déjàvu","GodSword1","DALC_FOUR","Rupture","MerchantsRug"],"campfire_rested":0,"item_purchase_floors":[3,3,3,3,3,3,3,3,8,8,8,8,8,8,8,8,8,8,13,13,13,13,13,13,13,14,14,19,19,19,19,19,19,19,22,22,22,22,22,22,37,37,37,37,37,37,37,53,53,53,53,53],"current_hp_per_floor":[61,72,72,71,89,89,88,88,88,89,89,89,89,89,89,89,89,89,89,88,88,45,45,45,45,45,50,50,50,50,50,50,50,50,50,48,48,50,50,50,40,40,40,40,50,48,50,50,50,47,47,47,47,47,45],"gold":575,"neow_bonus":"ONE_RARE_RELIC","is_daily":false,"chose_seed":false,"campfire_upgraded":7,"win_rate":0.0,"timestamp":1608831780,"path_taken":["M","M","$","?","?","E","?","$","T","E","M","E","?","$","R","BOSS","M","$","M","?","$","E","?","R","T","E","R","?","E","E","R","BOSS","M","M","$","M","M","E","?","R","T","R","E","M","E","M","R","BOSS","R","$","E","BOSS"],"items_purchased_type":["Relic","Relic","Relic","Relic","Card","Card","Card","Card","Card","Relic","Relic","Relic","Card","Card","Card","Card","Card","Relic","Card","Card","Card","Relic","Relic","Relic","Relic","Card","Card","Relic","Relic","Relic","Card","Card","Card","Relic","Card","Card","Relic","Relic","Relic","Relic","Card","Card","Card","Relic","Relic","Relic","Relic","Relic","Relic","Relic","Card","Relic"],"build_version":"2020-12-22","purchased_purges":32,"victory":true,"max_hp_per_floor":[89,89,89,89,89,89,89,89,89,89,89,89,89,89,89,89,89,89,89,89,89,45,45,45,45,45,50,50,50,50,50,50,50,50,50,50,50,50,50,50,50,50,50,50,50,50,50,50,50,47,47,47,47,47,47],"card_choices":[{"not_picked":[],"picked":"BloodyBrimstone","floor":0.0},{"not_picked":["Wild Strike","Evolve"],"picked":"Cleave","floor":1.0},{"not_picked":["Thunderclap","Disarm"],"picked":"Infernal Blade","floor":2.0},{"not_picked":["Cleave","Havoc"],"picked":"Perfected Strike","floor":5.0},{"not_picked":["Feel No Pain","Reckless Charge"],"picked":"Double Tap","floor":6.0},{"not_picked":["Body Slam","Bomb"],"picked":"Sword Boomerang","floor":7.0},{"not_picked":["Armaments","True Grit"],"picked":"Metallicize","floor":10.0},{"not_picked":["Evolve","Metallicize"],"picked":"Uppercut","floor":11.0},{"not_picked":["Dual Wield","Flex"],"picked":"Dropkick","floor":12.0},{"not_picked":["Juggernaut","Double Tap"],"picked":"Exhume","floor":16.0},{"not_picked":["Flame Barrier","Thunderclap","True Grit"],"picked":"SKIP","floor":18.0},{"not_picked":["Perfected Strike","Clash"],"picked":"Intimidate","floor":20},{"not_picked":["Ghostly Armor","Reckless Charge"],"picked":"Pummel","floor":23},{"not_picked":["Warcry","Iron Wave"],"picked":"Heavy Blade+1","floor":23},{"not_picked":["Perfected Strike","Pommel Strike"],"picked":"Exhume","floor":23},{"not_picked":["Blood for Blood","Thunderclap"],"picked":"Perfected Strike","floor":23},{"not_picked":["Clash","Battle Trance"],"picked":"Carnage+1","floor":27},{"not_picked":["Anger","Thunderclap"],"picked":"Rupture","floor":29},{"not_picked":["Armaments","Heavy Blade"],"picked":"Barricade","floor":30},{"not_picked":["Sword Boomerang","Rampage"],"picked":"Searing Blow+1","floor":31},{"not_picked":["Impervious","Fiend Fire"],"picked":"Offering","floor":33},{"not_picked":["Searing Blow+1","Cleave"],"picked":"Twin Strike+1","floor":35},{"not_picked":["Armaments","True Grit"],"picked":"Bloodletting","floor":36},{"not_picked":["Wild Strike","Power Through"],"picked":"Body Slam+1","floor":38},{"not_picked":["Carnage","Battle Trance"],"picked":"Offering","floor":39},{"not_picked":["Dropkick","Searing Blow","Pummel"],"picked":"SKIP","floor":40},{"not_picked":["testmod-HeadAttack","testmod-PocketStoneCalender"],"picked":"testmod-Mystery","floor":41},{"not_picked":["Jack Of All Trades","Flash of Steel"],"picked":"testmod-PainDetonator","floor":41},{"not_picked":["testmod-PowerStrike","testmod-ConditionedReflex"],"picked":"testmod-BloodBlade","floor":41},{"not_picked":["Blood for Blood","Wild Strike"],"picked":"Infernal Blade+1","floor":45},{"not_picked":["Body Slam","Clothesline"],"picked":"Thunderclap+1","floor":46},{"not_picked":["Second Wind","Clash+1"],"picked":"Feel No Pain","floor":47},{"not_picked":["True Grit+1","Perfected Strike","Power Through"],"picked":"SKIP","floor":48},{"not_picked":["Pommel Strike+1","Shrug It Off+1"],"picked":"Spot Weakness","floor":54}],"player_experience":84277,"relics_obtained":[{"floor":1.0,"key":"Baka"},{"floor":1.0,"key":"AddBug"},{"floor":2.0,"key":"Mango"},{"floor":5.0,"key":"SecretRecord"},{"floor":5.0,"key":"Shovel"},{"floor":5.0,"key":"EasyMod:Easy_7"},{"floor":6.0,"key":"MoneyPower"},{"floor":7.0,"key":"Letter Opener"},{"floor":10.0,"key":"SecretRecord"},{"floor":10.0,"key":"Juzu Bracelet"},{"floor":12.0,"key":"SecretRecord"},{"floor":12.0,"key":"Gremlin Horn"},{"floor":16.0,"key":"SecretRecord"},{"floor":18.0,"key":"Baka2"},{"floor":20,"key":"SecretRecord"},{"floor":23,"key":"testmod-DeterminationOfClimber"},{"floor":26,"key":"BelialBook"},{"floor":27,"key":"SecretRecord"},{"floor":27,"key":"BookOfRevelations"},{"floor":30,"key":"SecretRecord"},{"floor":30,"key":"Whetstone"},{"floor":31,"key":"MagicMushroom"},{"floor":36,"key":"SecretRecord"},{"floor":38,"key":"SecretRecord"},{"floor":40,"key":"Orrery"},{"floor":43,"key":"Dead Branch"},{"floor":45,"key":"EasyMod:Easy_3"},{"floor":47,"key":"DoctorsRemote"},{"floor":48,"key":"SecretRecord"},{"floor":54,"key":"SecretRecord"},{"floor":54,"key":"Runic Capacitor"}],"event_choices":[{"damage_healed":0.0,"max_hp_gain":0.0,"max_hp_loss":0.0,"gold_gain":75.0,"event_name":"World of Goop","player_choice":"Gather Gold","floor":4.0,"gold_loss":0.0,"damage_taken":11.0},{"damage_healed":0.0,"max_hp_gain":0.0,"max_hp_loss":0.0,"gold_gain":0.0,"event_name":"HidenRoomEvent","player_choice":"Fight","floor":5.0,"gold_loss":0.0,"damage_taken":0.0},{"damage_healed":0,"gold_gain":0,"player_choice":"Opened","damage_taken":0,"relics_obtained":["testmod-FatalChain"],"max_hp_gain":0,"max_hp_loss":0,"event_name":"The Mausoleum","floor":21,"gold_loss":0,"cards_obtained":["Writhe"]},{"damage_healed":0,"gold_gain":0,"player_choice":"Read","damage_taken":0,"max_hp_gain":0,"max_hp_loss":0,"event_name":"The Library","floor":24,"gold_loss":0,"cards_obtained":["Bloodletting"]},{"damage_healed":0,"gold_gain":0,"player_choice":"Memory 3","damage_taken":10,"max_hp_gain":0,"max_hp_loss":0,"event_name":"SensoryStone","floor":41,"gold_loss":0}],"is_beta":false,"boss_relics":[{"not_picked":["testmod-EnergyCheck","Chemical X"],"picked":"GodSword5"},{"not_picked":[]},{"not_picked":["MagicDraw2","Happy Flower"],"picked":"DALC_ONE"},{"not_picked":[]}],"items_purged_floors":[3,3,3,8,8,8,8,8,13,19,22,37,37,37,37,37,53,53,53,53,53,53,53,53,53,53,53,53,53,53,53,53],"is_endless":false,"potions_floor_spawned":[1,2,2,6,7,7,10,12,12,18,20,20,27,27,29,29,29,30,33,33,33,36,38,45,45,46,47,47,47,48,54],"ascension_level":17}}