{"host":"gx7yyrn1gkym3qpb","time":1608800578,"event":{"mods":["AchievementEnabler","BaseMod","Better Altar","Better Match","Better Note","Better Sensory Stone","Better Skull","Better Third Choice","Hubris","Minty Spire (QoL Compilation)","Permanent Neow","StSLib","Unceasing Turn Reminder"],"gold_per_floor":[109,126,145,220,232,266,280,297,297,297,327,327,10,35,35,112,112,112,67,67,67,67,67,67],"floor_reached":23,"playtime":10361,"items_purged":["Strike_B"],"score":373,"play_id":"d71a9b1b-7fac-4f40-ae7b-d949af185e2f","local_time":"20201224040258","is_ascension_mode":true,"campfire_choices":[{"data":"Consume","floor":10,"key":"SMITH"},{"data":"Zap","floor":12,"key":"SMITH"},{"data":"Ball Lightning","floor":15,"key":"SMITH"}],"circlet_count":0,"master_deck":["AscendersBane","Strike_B","Strike_B","Strike_B","Defend_B","Defend_B","Defend_B","Defend_B","Zap+1","Dualcast","Seek","Compile Driver","Glacier","Compile Driver","Ball Lightning","Conserve Battery","Consume+1","Ball Lightning+1","Buffer"],"relics":["Cracked Core","Bag of Preparation","Kunai","White Beast Statue","Question Card","Art of War","Ectoplasm","hubris:Icosahedron"],"acts_visited":["Exordium","TheCity"],"potions_floor_usage":[6,11,14,16,19],"damage_taken":[{"damage":0,"enemies":"Cultist","floor":1,"turns":3},{"damage":4,"enemies":"2 Louse","floor":2,"turns":2},{"damage":2,"enemies":"Jaw Worm","floor":3,"turns":4},{"damage":6,"enemies":"Blue Slaver","floor":5,"turns":4},{"damage":3,"enemies":"Lagavulin","floor":6,"turns":8},{"damage":8,"enemies":"Exordium Wildlife","floor":7,"turns":3},{"damage":6,"enemies":"Exordium Thugs","floor":8,"turns":6},{"damage":7,"enemies":"Gremlin Nob","floor":11,"turns":3},{"damage":3,"enemies":"Lagavulin","floor":14,"turns":5},{"damage":2,"enemies":"Hexaghost","floor":16,"turns":9},{"damage":4,"enemies":"Shell Parasite","floor":18,"turns":6},{"damage":5,"enemies":"2 Thieves","floor":19,"turns":4},{"damage":5,"enemies":"Snecko","floor":21,"turns":4},{"damage":37,"enemies":"Book of Stabbing","floor":23,"turns":5}],"seed_played":"-8422335337888697357","potions_obtained":[{"floor":3,"key":"SkillPotion"},{"floor":5,"key":"ColorlessPotion"},{"floor":7,"key":"LiquidMemories"},{"floor":11,"key":"Block Potion"},{"floor":14,"key":"ColorlessPotion"},{"floor":16,"key":"Strength Potion"},{"floor":19,"key":"Ancient Potion"}],"is_trial":false,"path_per_floor":["M","M","M","?","M","E","M","M","T","R","E","R","$","E","R","B",null,"M","M","?","M","?","E"],"character_chosen":"DEFECT","items_purchased":["Question Card"],"campfire_rested":0,"item_purchase_floors":[13],"current_hp_per_floor":[64,60,58,47,41,38,30,24,24,24,17,17,17,14,14,12,51,47,42,42,37,37,0,0],"gold":67,"neow_bonus":"THREE_RARE_CARDS","is_daily":false,"chose_seed":false,"campfire_upgraded":3,"win_rate":0.0,"timestamp":1608800578,"path_taken":["M","M","?","?","M","E","M","M","T","R","E","R","$","E","R","BOSS","M","M","?","M","?","E"],"items_purchased_type":["Relic"],"build_version":"2020-12-22","purchased_purges":1,"victory":false,"max_hp_per_floor":[64,64,64,64,64,64,64,64,64,64,64,64,64,64,64,64,64,64,64,64,64,64,64,64],"card_choices":[{"not_picked":["hubris:DoWhile","Thunder Strike"],"picked":"Seek","floor":0},{"not_picked":["Auto Shields","Beam Cell"],"picked":"Compile Driver","floor":1},{"not_picked":["Aggregate","Lockon"],"picked":"Glacier","floor":2},{"not_picked":["Blizzard","Chaos"],"picked":"Compile Driver","floor":3},{"not_picked":["Redo","Streamline","Chill"],"picked":"SKIP","floor":5},{"not_picked":["Melter","Barrage"],"picked":"Ball Lightning","floor":6},{"not_picked":["Hologram","Barrage"],"picked":"Conserve Battery","floor":7},{"not_picked":["Sweeping Beam","Aggregate"],"picked":"Consume","floor":8},{"not_picked":["Auto Shields","Conserve Battery","Barrage"],"picked":"SKIP","floor":11},{"not_picked":["Barrage","Coolheaded","Streamline"],"picked":"Ball Lightning","floor":14},{"not_picked":["Fission","Reboot","Multi-Cast"],"picked":"Buffer","floor":16},{"not_picked":["Beam Cell","Darkness","Conserve Battery","Coolheaded"],"picked":"SKIP","floor":18},{"not_picked":["Stack","Gash","Undo","hubris:Ukulele"],"picked":"SKIP","floor":19},{"not_picked":["Gash","Doom and Gloom","Redo+1","Steam Power+1"],"picked":"SKIP","floor":21}],"player_experience":357354,"relics_obtained":[{"floor":6,"key":"Bag of Preparation"},{"floor":9,"key":"Kunai"},{"floor":11,"key":"White Beast Statue"},{"floor":14,"key":"Art of War"}],"event_choices":[{"damage_healed":0,"gold_gain":75,"player_choice":"Gold","damage_taken":11,"max_hp_gain":0,"max_hp_loss":0,"event_name":"betterThird:BetterGoop","floor":4,"gold_loss":0},{"damage_healed":0,"gold_gain":0,"player_choice":"Adaptability","damage_taken":0,"max_hp_gain":0,"max_hp_loss":0,"event_name":"betterThird:BetterWriting","floor":22,"gold_loss":0}],"is_beta":false,"boss_relics":[{"not_picked":["Sozu","hubris:Stopwatch"],"picked":"Ectoplasm"}],"items_purged_floors":[13],"is_endless":false,"potions_floor_spawned":[3,5,7,11,14,16,18,19,21],"killed_by":"Book of Stabbing","ascension_level":15}}