{"host":"0a7cgrrfh5edm4wz","time":1608785338,"event":{"mods":["BaseMod","Colored Map","Keyboard Shortcuts","Minty Spire (QoL Compilation)","Quick Restart","StSLib","SuperFastMode"],"gold_per_floor":[114,128,128,128,142,142,153,78,78,89,100,100,25,54,54,130,130,142,142,42,59,71,105,105,131,157,72,72,72,107,120,120,120,120],"floor_reached":33,"playtime":923,"items_purged":["Strike_G","Strike_G"],"score":610,"play_id":"088d885f-a3e8-42df-916d-36c2241dd1e5","local_time":"20201224134858","is_ascension_mode":true,"campfire_choices":[{"data":"Flechettes","floor":6.0,"key":"SMITH"},{"data":"Prepared","floor":12.0,"key":"SMITH"},{"data":"Eviscerate","floor":15.0,"key":"SMITH"},{"floor":24.0,"key":"REST"},{"floor":29.0,"key":"REST"},{"data":"Acrobatics","floor":32.0,"key":"SMITH"}],"circlet_count":0,"master_deck":["AscendersBane","Strike_G+1","Defend_G","Defend_G","Defend_G+1","Defend_G","Defend_G","Survivor","Neutralize","Backflip","Quick Slash","Flechettes+1","Deadly Poison","Prepared+1","Eviscerate+1","After Image","Acrobatics+1","PiercingWail","Tactician","Choke"],"relics":["Ring of the Snake","NeowsBlessing","Lizard Tail","Mummified Hand","HoveringKite","Regal Pillow","Gambling Chip","Orichalcum","Juzu Bracelet","Blue Candle"],"acts_visited":["Exordium","TheCity"],"potions_floor_usage":[],"damage_taken":[{"damage":0.0,"enemies":"Jaw Worm","floor":1.0,"turns":1.0},{"damage":0.0,"enemies":"Cultist","floor":2.0,"turns":1.0},{"damage":0.0,"enemies":"2 Louse","floor":5.0,"turns":1.0},{"damage":12.0,"enemies":"Exordium Thugs","floor":7.0,"turns":4.0},{"damage":4.0,"enemies":"Large Slime","floor":10.0,"turns":5.0},{"damage":2.0,"enemies":"2 Fungi Beasts","floor":11.0,"turns":3.0},{"damage":2.0,"enemies":"Gremlin Nob","floor":14.0,"turns":4.0},{"damage":14.0,"enemies":"The Guardian","floor":16.0,"turns":13.0},{"damage":0.0,"enemies":"Shell Parasite","floor":18.0,"turns":6.0},{"damage":5.0,"enemies":"Chosen","floor":21.0,"turns":5.0},{"damage":11.0,"enemies":"Shelled Parasite and Fungi","floor":22.0,"turns":4.0},{"damage":42.0,"enemies":"Slavers","floor":23.0,"turns":11.0},{"damage":53.0,"enemies":"Gremlin Leader","floor":25.0,"turns":9.0},{"damage":27.0,"enemies":"Slavers","floor":30.0,"turns":7.0},{"damage":0.0,"enemies":"Snake Plant","floor":31.0,"turns":4.0},{"damage":52,"enemies":"Collector","floor":33,"turns":7}],"seed_played":"-2935506305277807391","potions_obtained":[{"floor":2.0,"key":"EssenceOfSteel"},{"floor":10.0,"key":"GhostInAJar"},{"floor":14.0,"key":"Fire Potion"},{"floor":18.0,"key":"DistilledChaos"},{"floor":23.0,"key":"BlessingOfTheForge"}],"is_trial":false,"path_per_floor":["M","M","?","?","M","R","M","?","T","M","M","R","$","E","R","B",null,"M","?","$","M","M","E","R","E","T","?","?","R","E","M","R","B"],"character_chosen":"THE_SILENT","items_purchased":[],"campfire_rested":2,"item_purchase_floors":[],"current_hp_per_floor":[59,59,39,39,39,39,27,27,27,23,21,21,21,19,19,5,51,51,51,51,46,35,27,61,8,8,8,8,42,15,15,15,0,0],"gold":120,"neow_bonus":"THREE_ENEMY_KILL","is_daily":false,"chose_seed":false,"campfire_upgraded":4,"win_rate":0.0,"timestamp":1608785338,"path_taken":["M","M","?","?","?","R","M","?","T","M","M","R","?","E","R","BOSS","M","?","$","M","M","E","R","E","T","?","?","R","E","M","R","BOSS"],"items_purchased_type":[],"build_version":"2020-12-22","purchased_purges":2,"victory":false,"max_hp_per_floor":[66,66,66,66,66,66,66,66,66,66,66,66,66,66,66,66,66,66,66,66,66,66,66,66,66,66,66,66,66,66,66,66,66,66],"card_choices":[{"not_picked":["Quick Slash","Blade Dance","Prepared"],"picked":"SKIP","floor":1.0},{"not_picked":["Sucker Punch","Deadly Poison"],"picked":"Backflip","floor":2.0},{"not_picked":["Outmaneuver","Unload"],"picked":"Flechettes","floor":5.0},{"not_picked":["Terror","Dodge and Roll","Endless Agony"],"picked":"SKIP","floor":7.0},{"not_picked":["Heel Hook","Quick Slash"],"picked":"Deadly Poison","floor":10.0},{"not_picked":["Setup","Poisoned Stab"],"picked":"Prepared","floor":11.0},{"not_picked":["Noxious Fumes","PiercingWail"],"picked":"Eviscerate","floor":14.0},{"not_picked":["Envenom","Night Terror"],"picked":"After Image","floor":16.0},{"not_picked":["Distraction","Dodge and Roll","Slice"],"picked":"SKIP","floor":18.0},{"not_picked":["All Out Attack+1","Deflect","Setup"],"picked":"SKIP","floor":21.0},{"not_picked":["Setup","Noxious Fumes"],"picked":"PiercingWail","floor":22.0},{"not_picked":["All Out Attack","Caltrops","Poisoned Stab"],"picked":"SKIP","floor":23.0},{"not_picked":["Outmaneuver","Sucker Punch","Distraction+1"],"picked":"SKIP","floor":25.0},{"not_picked":["Riddle With Holes","Dodge and Roll"],"picked":"Tactician","floor":30.0},{"not_picked":["Backflip","Prepared"],"picked":"Choke","floor":31.0}],"player_experience":883057,"relics_obtained":[{"floor":9.0,"key":"Lizard Tail"},{"floor":14.0,"key":"Mummified Hand"},{"floor":23.0,"key":"Regal Pillow"},{"floor":25.0,"key":"Gambling Chip"},{"floor":26.0,"key":"Orichalcum"},{"floor":30.0,"key":"Blue Candle"}],"event_choices":[{"damage_healed":0.0,"max_hp_gain":0.0,"max_hp_loss":0.0,"gold_gain":0.0,"event_name":"Shining Light","player_choice":"Entered Light","floor":3.0,"gold_loss":0.0,"damage_taken":20.0,"cards_upgraded":["Defend_G","Strike_G"]},{"damage_healed":0.0,"max_hp_gain":0.0,"max_hp_loss":0.0,"gold_gain":0.0,"cards_transformed":["Strike_G"],"event_name":"Transmorgrifier","player_choice":"Transformed","floor":4.0,"gold_loss":0.0,"damage_taken":0.0,"cards_obtained":["Quick Slash"]},{"cards_removed":["Strike_G"],"damage_healed":0.0,"max_hp_gain":0.0,"max_hp_loss":0.0,"gold_gain":0.0,"event_name":"The Cleric","player_choice":"Card Removal","floor":8.0,"gold_loss":75.0,"damage_taken":0.0},{"damage_healed":0.0,"max_hp_gain":0.0,"max_hp_loss":0.0,"gold_gain":0.0,"event_name":"The Library","player_choice":"Read","floor":19.0,"gold_loss":0.0,"damage_taken":0.0,"cards_obtained":["Acrobatics"]},{"damage_healed":0.0,"max_hp_gain":0.0,"max_hp_loss":0.0,"gold_gain":0.0,"event_name":"Addict","player_choice":"Obtained Relic","floor":27.0,"gold_loss":85.0,"damage_taken":0.0,"relics_obtained":["Juzu Bracelet"]},{"damage_healed":0.0,"max_hp_gain":0.0,"max_hp_loss":0.0,"gold_gain":0.0,"event_name":"The Mausoleum","player_choice":"Ignored","floor":28.0,"gold_loss":0.0,"damage_taken":0.0}],"is_beta":false,"boss_relics":[{"not_picked":["Calling Bell","Busted Crown"],"picked":"HoveringKite"}],"items_purged_floors":[13,20],"is_endless":false,"potions_floor_spawned":[2,10,11,14,18,23],"killed_by":"Collector","ascension_level":20}}