{"host":"r4e4q8yhb91dmdr8","time":1608785120,"event":{"mods":["AchievementEnabler","BaseMod","Better Note","Better Skull","Colored Map","Colored Powertips","Duelist Mod","GifTheSpireLib","Highlight Path","Jorbs\u0027s Wanderer Trilogy","Minty Spire (QoL Compilation)","Nova Terra(??·??)","Quick Restart","Random Character Button","Rare Cards Sparkle","Relic Stats","Shop Mod","StSLib","The Alterego","The Death Knight","The Fake Hero","The Marked","The Necromancer","The Wild Card","TheHero","TheWitcher"],"gold_per_floor":[3109,2262,2262,2262,1411,1446,1446,1459,1459,1479,1496,482,498,525,525,627,627,643,86,3096,2232,2256,2308,2308,1411,1411,1446,1461,1479,1490,1507,1507,1604,1604,1624,1624,1649,1138,1152,1187,1197,1228,1252,1252,1170,1170,1190,1210,1210,1210],"floor_reached":51,"playtime":5160,"items_purged":["Strike_G","Strike_G","Strike_G","Strike_G"],"score":957,"play_id":"4360db9f-1a05-446a-b9ce-002924095876","local_time":"20201223204520","is_ascension_mode":false,"campfire_choices":[{"data":"Metamorphosis","floor":7,"key":"SMITH"},{"data":"Mayhem","floor":15,"key":"SMITH"},{"data":"Magnetism","floor":24,"key":"SMITH"},{"data":"Chrysalis","floor":32,"key":"SMITH"},{"data":"Deep Breath","floor":44,"key":"SMITH"},{"data":"Transmutation","floor":49,"key":"SMITH"}],"circlet_count":0,"master_deck":["Defend_G","Defend_G","Defend_G","Defend_G","Defend_G","Survivor","Neutralize","Underhanded Strike","Metamorphosis+1","Well Laid Plans","Unload","Flying Knee","Trip+1","Mayhem+1","Flash of Steel","Dodge and Roll+1","Venomology","Slice","Dash","Finisher","Infinite Blades","Flechettes","Sucker Punch","Noxious Fumes","Die Die Die","Slice","Metamorphosis","Acrobatics","Prepared","Noxious Fumes","Night Terror","Flying Knee","Magnetism+1","Deep Breath+1","Backflip+1","Distraction","Blade Dance","Predator","Die Die Die","Crippling Poison","Chrysalis+1","Backstab","Backstab+1","Quick Slash+1","Distraction+1","Tools of the Trade+1","Distraction+1","A Thousand Cuts+1","CurseOfTheBell","Mind Blast+1","Slice+1","Calculated Gamble","Envenom+1","Burst","Backstab+1","Transmutation+1","Distraction+1","Slice+1","Quick Slash+1"],"relics":["Ring of the Snake","Anchor","TheAbacus","Strawberry","Bag of Preparation","Paper Crane","Meat on the Bone","Snake Skull","Strange Spoon","Bottled Tornado","Regal Pillow","Coffee Dripper","War Paint","Toy Ornithopter","Frozen Egg 2","InkBottle","Vajra","Tough Bandages","Prayer Wheel","MerchantsRug","Lantern","Mercury Hourglass","PreservedInsect","HornCleat","Bird Faced Urn","Membership Card","Molten Egg 2","MealTicket","Nunchaku","Bag of Marbles"],"acts_visited":["Exordium","TheCity","TheBeyond"],"potions_floor_usage":[6,16,16,20,23,23,30,31,33,33,33,41,47,48,50],"damage_taken":[{"damage":1,"enemies":"2 Louse","floor":1,"turns":3},{"damage":31,"enemies":"Gremlin Nob","floor":6,"turns":5},{"damage":0,"enemies":"Jaw Worm","floor":8,"turns":1},{"damage":0,"enemies":"Cultist","floor":10,"turns":3},{"damage":9,"enemies":"Lots of Slimes","floor":11,"turns":3},{"damage":10,"enemies":"3 Louse","floor":13,"turns":3},{"damage":0,"enemies":"Lagavulin","floor":14,"turns":4},{"damage":22,"enemies":"Slime Boss","floor":16,"turns":7},{"damage":20,"enemies":"Shell Parasite","floor":18,"turns":4},{"damage":24,"enemies":"Spheric Guardian","floor":20,"turns":4},{"damage":43,"enemies":"Slavers","floor":23,"turns":6},{"damage":1,"enemies":"Gremlin Leader","floor":27,"turns":4},{"damage":3,"enemies":"Snake Plant","floor":28,"turns":4},{"damage":0,"enemies":"Cultist and Chosen","floor":29,"turns":3},{"damage":10,"enemies":"Shelled Parasite and Fungi","floor":30,"turns":3},{"damage":0,"enemies":"Centurion and Healer","floor":31,"turns":2},{"damage":33,"enemies":"Collector","floor":33,"turns":5},{"damage":0,"enemies":"Orb Walker","floor":35,"turns":2},{"damage":0,"enemies":"3 Darklings","floor":39,"turns":2},{"damage":22,"enemies":"Giant Head","floor":40,"turns":6},{"damage":20,"enemies":"Transient","floor":41,"turns":5},{"damage":8,"enemies":"Reptomancer","floor":42,"turns":2},{"damage":13,"enemies":"Maw","floor":47,"turns":5},{"damage":0,"enemies":"Writhing Mass","floor":48,"turns":2},{"damage":5,"enemies":"Donu and Deca","floor":50,"turns":4}],"seed_played":"7251630391119670133","potions_obtained":[{"floor":6,"key":"Swift Potion"},{"floor":8,"key":"SkillPotion"},{"floor":18,"key":"Swift Potion"},{"floor":28,"key":"Energy Potion"},{"floor":35,"key":"FearPotion"},{"floor":41,"key":"Fire Potion"}],"is_trial":false,"path_per_floor":["M","$","?","?","$","E","R","M","T","M","M","$","M","E","R","B",null,"M","$","M","$","T","E","R","$","T","E","M","M","M","M","R","B",null,"M","?","T","$","M","E","M","E","T","R","$","?","M","M","R","B",null],"character_chosen":"THE_SILENT","items_purchased":["Metamorphosis","Anchor","TheAbacus","PowerPotion","Well Laid Plans","Unload","Flying Knee","Trip","Mayhem","Flash of Steel","Bag of Preparation","Dream Catcher","Dodge and Roll","Venomology","Slice","Dash","Noxious Fumes","Die Die Die","Slice","Snake Skull","Strange Spoon","Bottled Tornado","Metamorphosis","Acrobatics","Magnetism","Deep Breath","War Paint","Toy Ornithopter","Frozen Egg 2","InkBottle","Distraction","Blade Dance","Predator","Die Die Die","Chrysalis","Backstab","PiercingWail","Prayer Wheel","MerchantsRug","ColorlessPotion","Membership Card","Molten Egg 2","Potion Belt","Mind Blast+1","Slice+1","Calculated Gamble","Backstab+1","Transmutation"],"campfire_rested":0,"item_purchase_floors":[2,2,2,2,2,2,2,2,5,5,5,5,5,5,5,5,12,12,12,12,12,12,12,12,19,19,19,19,21,21,21,21,21,21,25,25,25,25,25,25,38,38,38,38,38,38,45,45],"current_hp_per_floor":[76,76,69,51,51,20,20,20,20,32,35,35,37,49,49,39,84,64,64,45,45,45,39,39,39,39,50,47,47,54,59,59,53,84,84,84,84,84,84,62,57,53,53,53,68,68,66,77,77,84],"gold":1210,"neow_bonus":"TEN_PERCENT_HP_BONUS","is_daily":false,"chose_seed":false,"campfire_upgraded":6,"win_rate":0.0,"timestamp":1608785120,"path_taken":["M","$","?","?","$","E","R","M","T","M","M","?","M","E","R","BOSS","M","$","?","$","?","E","R","$","T","E","M","M","M","M","R","BOSS","M","?","?","?","M","E","M","E","T","R","$","?","M","?","R","BOSS"],"items_purchased_type":["Card","Relic","Relic","Potion","Card","Card","Card","Card","Card","Card","Relic","Relic","Card","Card","Card","Card","Card","Card","Card","Relic","Relic","Relic","Card","Card","Card","Card","Relic","Relic","Relic","Relic","Card","Card","Card","Card","Card","Card","Card","Relic","Relic","Potion","Relic","Relic","Relic","Card","Card","Card","Card","Card"],"build_version":"2020-12-22","purchased_purges":4,"victory":true,"max_hp_per_floor":[77,77,77,84,84,84,84,84,84,84,84,84,84,84,84,84,84,84,84,84,84,84,84,84,84,84,84,84,84,84,84,84,84,84,84,84,84,84,84,84,84,84,84,84,84,84,84,84,84,84],"relic_stats":{"Regal Pillow":0,"counters":[25,91],"Snake Skull":[120],"PreservedInsect":182,"Bag of Preparation":[48],"War Paint":["Trip","Dodge and Roll"],"Mercury Hourglass":[182],"Strange Spoon":[85],"Tough Bandages":[180],"Nunchaku":[4],"TheAbacus":[60],"Bird Faced Urn":[33],"Prayer Wheel":9,"MealTicket":15,"obtain_stats":[{"Regal Pillow":14,"Lantern":26,"Vajra":22,"Snake Skull":12,"Bag of Preparation":5,"Bottled Tornado":12,"Dream Catcher":5,"Tough Bandages":23,"Nunchaku":42,"TheAbacus":2,"HornCleat":34,"Strawberry":4,"Prayer Wheel":25,"MealTicket":40,"InkBottle":21,"Ring of the Snake":0,"Potion Belt":38,"MerchantsRug":25,"PreservedInsect":34,"Paper Crane":6,"War Paint":19,"Frozen Egg 2":21,"MawBank":37,"Mercury Hourglass":27,"Calling Bell":34,"Strange Spoon":12,"Anchor":2,"Bird Faced Urn":34,"Molten Egg 2":38,"Coffee Dripper":17,"Bag of Marbles":43,"Membership Card":38,"Toy Ornithopter":19,"Meat on the Bone":9},{"Regal Pillow":7,"Lantern":11,"Vajra":10,"Snake Skull":5,"Bag of Preparation":1,"Bottled Tornado":5,"Dream Catcher":1,"Tough Bandages":11,"Nunchaku":22,"TheAbacus":1,"HornCleat":17,"Strawberry":1,"Prayer Wheel":11,"MealTicket":20,"InkBottle":10,"Ring of the Snake":0,"Potion Belt":18,"MerchantsRug":11,"PreservedInsect":17,"Paper Crane":2,"War Paint":9,"Frozen Egg 2":10,"MawBank":18,"Mercury Hourglass":12,"Calling Bell":17,"Strange Spoon":5,"Anchor":1,"Bird Faced Urn":17,"Molten Egg 2":18,"Coffee Dripper":8,"Bag of Marbles":22,"Membership Card":18,"Toy Ornithopter":9,"Meat on the Bone":3},{"Regal Pillow":22,"Lantern":43,"Vajra":37,"Snake Skull":15,"Bag of Preparation":3,"Bottled Tornado":15,"Dream Catcher":3,"Tough Bandages":43,"Nunchaku":81,"TheAbacus":3,"HornCleat":64,"Strawberry":3,"Prayer Wheel":43,"MealTicket":74,"InkBottle":37,"Ring of the Snake":0,"Potion Belt":66,"MerchantsRug":43,"PreservedInsect":64,"Paper Crane":8,"War Paint":33,"Frozen Egg 2":37,"MawBank":66,"Mercury Hourglass":47,"Calling Bell":64,"Strange Spoon":15,"Anchor":3,"Bird Faced Urn":64,"Molten Egg 2":66,"Coffee Dripper":29,"Bag of Marbles":81,"Membership Card":66,"Toy Ornithopter":33,"Meat on the Bone":9}],"Toy Ornithopter":60,"InkBottle":[40],"Ring of the Snake":[50],"Meat on the Bone":108},"card_choices":[{"not_picked":["Slice","Expertise"],"picked":"Underhanded Strike","floor":1},{"not_picked":["Outmaneuver","Dash"],"picked":"Finisher","floor":6},{"not_picked":["Dagger Spray","Flechettes"],"picked":"Infinite Blades","floor":8},{"not_picked":["Backflip","Footwork"],"picked":"Flechettes","floor":10},{"not_picked":["Expertise","Backflip"],"picked":"Sucker Punch","floor":11},{"not_picked":["Sucker Punch","PiercingWail"],"picked":"Prepared","floor":13},{"not_picked":["Well Laid Plans","Sucker Punch"],"picked":"Noxious Fumes","floor":14},{"not_picked":["Wraith Form v2","Glass Knife"],"picked":"Night Terror","floor":16},{"not_picked":["Infinite Blades+1","Deadly Poison"],"picked":"Flying Knee","floor":18},{"not_picked":["Poisoned Stab","All Out Attack"],"picked":"Backflip+1","floor":20},{"not_picked":["Flying Knee+1","Prepared"],"picked":"Crippling Poison","floor":23},{"not_picked":["Footwork+1","Deflect","Blur"],"picked":"SKIP","floor":27},{"not_picked":["Acrobatics","Skewer+1"],"picked":"Backstab+1","floor":28},{"not_picked":["Expertise","Dagger Spray","Acrobatics"],"picked":"SKIP","floor":28},{"not_picked":["Outmaneuver","Dagger Spray"],"picked":"Quick Slash+1","floor":29},{"not_picked":["Blade Dance","Terror"],"picked":"Distraction+1","floor":29},{"not_picked":["Blade Dance+1","Backflip"],"picked":"Tools of the Trade+1","floor":30},{"not_picked":["Outmaneuver","Dagger Throw"],"picked":"Distraction+1","floor":30},{"not_picked":["Reflex+1","Dagger Spray","PiercingWail"],"picked":"SKIP","floor":31},{"not_picked":["Wraith Form v2+1","Backflip","Heel Hook"],"picked":"SKIP","floor":31},{"not_picked":["Die Die Die","After Image+1"],"picked":"A Thousand Cuts+1","floor":33},{"not_picked":["Blur+1","Outmaneuver","Underhanded Strike+1"],"picked":"SKIP","floor":35},{"not_picked":["Outmaneuver","Underhanded Strike+1","Sucker Punch+1"],"picked":"SKIP","floor":35},{"not_picked":["Deflect+1","Deadly Poison+1"],"picked":"Envenom+1","floor":39},{"not_picked":["Heel Hook+1","Masterful Stab+1","Underhanded Strike+1"],"picked":"SKIP","floor":39},{"not_picked":["Eviscerate+1","All Out Attack+1"],"picked":"Burst","floor":40},{"not_picked":["Dagger Spray+1","Footwork+1","Dodge and Roll"],"picked":"SKIP","floor":41},{"not_picked":["Backflip+1","Dodge and Roll","Tactician"],"picked":"SKIP","floor":41},{"not_picked":["Skewer+1","Deadly Poison","Dagger Throw+1"],"picked":"SKIP","floor":42},{"not_picked":["Prepared+1","Crippling Poison+1","Acrobatics+1"],"picked":"SKIP","floor":47},{"not_picked":["Tactician+1","Bullet Time","Blur+1"],"picked":"SKIP","floor":47},{"not_picked":["Deflect+1","Flying Knee+1"],"picked":"Slice+1","floor":48},{"not_picked":["Skewer+1","Blade Dance"],"picked":"Quick Slash+1","floor":48}],"player_experience":18946,"relics_obtained":[{"floor":6,"key":"Paper Crane"},{"floor":9,"key":"Meat on the Bone"},{"floor":14,"key":"Regal Pillow"},{"floor":22,"key":"Vajra"},{"floor":23,"key":"Tough Bandages"},{"floor":26,"key":"Lantern"},{"floor":27,"key":"Mercury Hourglass"},{"floor":34,"key":"PreservedInsect"},{"floor":34,"key":"HornCleat"},{"floor":34,"key":"Bird Faced Urn"},{"floor":37,"key":"MawBank"},{"floor":40,"key":"MealTicket"},{"floor":42,"key":"Nunchaku"},{"floor":43,"key":"Bag of Marbles"}],"event_choices":[{"cards_removed":["Strike_G"],"damage_healed":0,"gold_gain":0,"player_choice":"Card Removal","damage_taken":7,"max_hp_gain":0,"max_hp_loss":0,"event_name":"Golden Wing","floor":3,"gold_loss":0},{"damage_healed":0,"gold_gain":0,"player_choice":"Success","damage_taken":25,"relics_obtained":["Strawberry"],"max_hp_gain":0,"max_hp_loss":0,"event_name":"Scrap Ooze","floor":4,"gold_loss":0},{"cards_removed":["PiercingWail"],"damage_healed":0,"gold_gain":0,"player_choice":"Removed Skill","damage_taken":0,"max_hp_gain":0,"max_hp_loss":0,"event_name":"Falling","floor":36,"gold_loss":0},{"damage_healed":0,"gold_gain":0,"player_choice":"Copied","damage_taken":0,"max_hp_gain":0,"max_hp_loss":0,"event_name":"Duplicator","floor":46,"gold_loss":0,"cards_obtained":["Distraction"]}],"is_beta":false,"boss_relics":[{"not_picked":["Cursed Key","Sozu"],"picked":"Coffee Dripper"},{"not_picked":["Snecko Eye","Runic Dome"],"picked":"Calling Bell"}],"items_purged_floors":[21,25,38,45],"is_endless":false,"potions_floor_spawned":[6,8,10,11,18,23,28,31,35,41],"ascension_level":0}}