{"host":"sc0o2qwpf9j16a4i","time":1608843151,"event":{"mods":["AchievementEnabler","BaseMod","BetterRewards","Block Reminder","Colored Map","Colored Powertips","Custom Start","Highlight Path","Minty Spire (QoL Compilation)","Relic Stats"],"gold_per_floor":[109,119,44,64,164,164,190,202,250,250,266,281,281,312,312,391,391,405,405,418,418,418,418,418,418],"floor_reached":24,"playtime":709,"items_purged":[],"score":412,"play_id":"6d12f18e-8fcb-4629-bca0-b0fe972ce616","local_time":"20201224225231","is_ascension_mode":true,"campfire_choices":[{"data":"Clothesline","floor":6.0,"key":"SMITH"},{"floor":10.0,"key":"REST"},{"floor":13.0,"key":"REST"},{"floor":15.0,"key":"REST"},{"floor":23,"key":"REST"}],"circlet_count":0,"master_deck":["AscendersBane","Strike_R","Strike_R","Strike_R","Strike_R","Defend_R","Defend_R","Defend_R","Defend_R","Bash","Pommel Strike","Clothesline+1","Cleave","Fire Breathing","Evolve","Sever Soul","Reaper","CurseOfTheBell","Writhe","Ghostly Armor","Decay"],"relics":["Sozu","Meat on the Bone","Regal Pillow","Akabeko","Calling Bell","Vajra","Darkstone Periapt","Ginger","Du-Vu Doll"],"acts_visited":["Exordium","TheCity"],"potions_floor_usage":[],"damage_taken":[{"damage":5.0,"enemies":"Small Slimes","floor":1.0,"turns":4.0},{"damage":2.0,"enemies":"Jaw Worm","floor":2.0,"turns":3.0},{"damage":0.0,"enemies":"Cultist","floor":4.0,"turns":2.0},{"damage":24.0,"enemies":"Gremlin Nob","floor":7.0,"turns":4.0},{"damage":24.0,"enemies":"Gremlin Gang","floor":8.0,"turns":3.0},{"damage":58.0,"enemies":"Exordium Thugs","floor":11.0,"turns":5.0},{"damage":13.0,"enemies":"3 Louse","floor":12.0,"turns":4.0},{"damage":29.0,"enemies":"Lagavulin","floor":14.0,"turns":8.0},{"damage":28.0,"enemies":"Slime Boss","floor":16.0,"turns":5.0},{"damage":51,"enemies":"Spheric Guardian","floor":18,"turns":6},{"damage":29,"enemies":"Shell Parasite","floor":20,"turns":3},{"damage":121,"enemies":"Gremlin Leader","floor":24,"turns":6}],"seed_played":"-6752347651713211082","potions_obtained":[],"is_trial":false,"path_per_floor":["M","M","?","M","?","R","E","M","T","R","M","M","R","E","R","B",null,"M","?","M","?","?","R","E"],"character_chosen":"IRONCLAD","items_purchased":[],"campfire_rested":4,"item_purchase_floors":[],"current_hp_per_floor":[63,61,61,61,61,61,37,25,25,62,16,15,52,35,72,44,67,28,34,17,33,39,80,0,0],"gold":418,"neow_bonus":"BOSS_RELIC","is_daily":false,"chose_seed":false,"campfire_upgraded":1,"win_rate":0.0,"timestamp":1608843151,"path_taken":["M","M","?","M","?","R","E","?","T","R","?","M","R","E","R","BOSS","M","?","M","?","?","R","E"],"items_purchased_type":[],"build_version":"2020-12-22","purchased_purges":0,"victory":false,"max_hp_per_floor":[75,75,75,75,75,75,75,75,75,75,75,75,75,75,75,75,75,75,81,81,81,87,87,87,87],"relic_stats":{"Sozu":5,"Darkstone Periapt":12,"Regal Pillow":60,"counters":[12,53],"Ginger":[0],"obtain_stats":[{"Sozu":0,"Calling Bell":17,"Darkstone Periapt":17,"Du-Vu Doll":19,"Regal Pillow":9,"Vajra":17,"Ginger":17,"Burning Blood":0,"Akabeko":14,"Meat on the Bone":7},{"Sozu":0,"Calling Bell":9,"Darkstone Periapt":9,"Du-Vu Doll":10,"Regal Pillow":5,"Vajra":9,"Ginger":9,"Burning Blood":0,"Akabeko":8,"Meat on the Bone":4},{"Sozu":0,"Calling Bell":38,"Darkstone Periapt":38,"Du-Vu Doll":44,"Regal Pillow":16,"Vajra":38,"Ginger":38,"Burning Blood":0,"Akabeko":33,"Meat on the Bone":13}],"Meat on the Bone":72},"card_choices":[{"not_picked":["Heavy Blade","Flex"],"picked":"Pommel Strike","floor":1.0},{"not_picked":["Warcry","Wild Strike"],"picked":"Clothesline","floor":2.0},{"not_picked":["Intimidate","Hemokinesis","Iron Wave"],"picked":"SKIP","floor":4.0},{"not_picked":["Rupture","Sword Boomerang"],"picked":"Cleave","floor":7.0},{"not_picked":["Seeing Red","Rupture"],"picked":"Fire Breathing","floor":8.0},{"not_picked":["Limit Break","Bloodletting"],"picked":"Evolve","floor":11.0},{"not_picked":["Twin Strike","Flex"],"picked":"Sever Soul","floor":12.0},{"not_picked":["Sever Soul","Warcry","Combust"],"picked":"SKIP","floor":14.0},{"not_picked":["Demon Form","Impervious"],"picked":"Reaper","floor":16.0},{"not_picked":["Cleave","Clothesline","Flex"],"picked":"SKIP","floor":18},{"not_picked":["Cleave","Flex"],"picked":"Ghostly Armor","floor":20}],"player_experience":353734,"relics_obtained":[{"floor":7.0,"key":"Meat on the Bone"},{"floor":9.0,"key":"Regal Pillow"},{"floor":14.0,"key":"Akabeko"},{"floor":17,"key":"Vajra"},{"floor":17,"key":"Darkstone Periapt"},{"floor":17,"key":"Ginger"}],"event_choices":[{"cards_removed":["Strike_R"],"damage_healed":0.0,"max_hp_gain":0.0,"max_hp_loss":0.0,"gold_gain":0.0,"event_name":"The Cleric","player_choice":"Card Removal","floor":3.0,"gold_loss":75.0,"damage_taken":0.0},{"damage_healed":0.0,"max_hp_gain":0.0,"max_hp_loss":0.0,"gold_gain":100.0,"event_name":"Wheel of Change","player_choice":"Gold","floor":5.0,"gold_loss":0.0,"damage_taken":0.0},{"damage_healed":0,"gold_gain":0,"player_choice":"Opened","damage_taken":0,"relics_obtained":["Du-Vu Doll"],"max_hp_gain":0,"max_hp_loss":0,"event_name":"The Mausoleum","floor":19,"gold_loss":0,"cards_obtained":["Writhe"]},{"damage_healed":16,"gold_gain":0,"player_choice":"Heal","damage_taken":0,"max_hp_gain":0,"max_hp_loss":0,"event_name":"The Library","floor":21,"gold_loss":0},{"damage_healed":0,"gold_gain":0,"player_choice":"Smashed Altar","damage_taken":0,"max_hp_gain":0,"max_hp_loss":0,"event_name":"Forgotten Altar","floor":22,"gold_loss":0,"cards_obtained":["Decay"]}],"is_beta":false,"boss_relics":[{"not_picked":["Black Star","Philosopher\u0027s Stone"],"picked":"Calling Bell"}],"items_purged_floors":[],"is_endless":false,"potions_floor_spawned":[8,14,16,18,20],"killed_by":"Gremlin Leader","ascension_level":20}}