{"host":"xkmvu47k9fdstweo","time":1608778930,"event":{"mods":["BaseMod","Colored Map","Conspire","Hubris","Minty Spire (QoL Compilation)","Quick Restart","Railgun Mod","Shop Mod","StSLib","The Alterego","The Servant 0.9.4","The Wild Card","TheBandit","WarShipGirlsR/??è≠èóR mod","vexMod"],"gold_per_floor":[117,117,146,25,41,70,70,70,120,120,20,34,34,53,53,155,155,172,91,91,43,55,55,89,89,115,115,147,246,259,270,270,374,374,393,409,117,117,137,137,157,157,180,208,83,118,137,154,154,154,154],"floor_reached":50,"playtime":1918,"items_purged":["Strike_S","Regret","Defend_S"],"score":886,"play_id":"6355ebe9-76ea-4cdd-9dae-50bb265fa6a0","local_time":"20201223220210","is_ascension_mode":true,"campfire_choices":[{"data":"theWildCard:Scathach","floor":10,"key":"SMITH"},{"data":"PendulumOfEternity","floor":13,"key":"SMITH"},{"data":"Foresight","floor":15,"key":"SMITH"},{"data":"Misdirection","floor":23,"key":"SMITH"},{"data":"ShatteredReality","floor":25,"key":"SMITH"},{"data":"Potential","floor":27,"key":"SMITH"},{"data":"Foresight","floor":32,"key":"SMITH"},{"data":"Deny","floor":40,"key":"SMITH"},{"data":"TheWorld","floor":42,"key":"SMITH"},{"data":"SoulSculpture","floor":49,"key":"SMITH"}],"circlet_count":0,"master_deck":["Defend_S","Defend_S","Defend_S","KidneyShot","Exchange","FastForward","theWildCard:Scathach+1","Comet","ShatteredReality","PendulumOfEternity+1","BottledTime","Alleviate","Foresight+1","TheWorld+1","Initiator+1","Replace+1","ShatteredReality+1","Sabotage","TimeWarp","Misdirection+1","Potential+1","Potential","Foresight+1","Deny+1","TimeWarp","Luminosity+1","ShatteredReality","SoulSculpture+1"],"relics":["Uniform","NeowsBlessing","Bronze Scales","Bag of Marbles","conspire:DeflatedDodgeball","Bag of Preparation","Astrolabe","Boot","vexMod:BarristanHead","Oddly Smooth Stone","SlaversCollar","Ice Cream","Juzu Bracelet","Centennial Puzzle","Lantern"],"acts_visited":["Exordium","TheCity","TheBeyond"],"potions_floor_usage":[6,24,33,41,44,50],"damage_taken":[{"damage":0,"enemies":"Cultist","floor":1,"turns":1},{"damage":0,"enemies":"conspire:MimicChest","floor":3,"turns":1},{"damage":0,"enemies":"2 Louse","floor":5,"turns":1},{"damage":4,"enemies":"3 Sentries","floor":6,"turns":6},{"damage":0,"enemies":"Jaw Worm","floor":12,"turns":3},{"damage":0,"enemies":"Exordium Wildlife","floor":14,"turns":3},{"damage":0,"enemies":"The Guardian","floor":16,"turns":13},{"damage":3,"enemies":"Shell Parasite","floor":18,"turns":3},{"damage":0,"enemies":"2 Thieves","floor":22,"turns":3},{"damage":0,"enemies":"Slavers","floor":24,"turns":4},{"damage":0,"enemies":"Book of Stabbing","floor":28,"turns":3},{"damage":0,"enemies":"Chosen and Byrds","floor":30,"turns":2},{"damage":0,"enemies":"3 Cultists","floor":31,"turns":2},{"damage":0,"enemies":"Automaton","floor":33,"turns":8},{"damage":0,"enemies":"3 Darklings","floor":35,"turns":2},{"damage":0,"enemies":"Orb Walker","floor":36,"turns":1},{"damage":0,"enemies":"Sphere and 2 Shapes","floor":39,"turns":3},{"damage":0,"enemies":"Writhing Mass","floor":41,"turns":5},{"damage":0,"enemies":"Reptomancer","floor":44,"turns":3},{"damage":0,"enemies":"Giant Head","floor":46,"turns":5},{"damage":0,"enemies":"Jaw Worm Horde","floor":47,"turns":1},{"damage":14,"enemies":"Maw","floor":48,"turns":5},{"damage":66,"enemies":"conspire:OrnateMirror","floor":50,"turns":2}],"seed_played":"-2779086325096941011","potions_obtained":[{"floor":3,"key":"Explosive Potion"},{"floor":5,"key":"Block Potion"},{"floor":14,"key":"SteroidPotion"},{"floor":22,"key":"AttackPotion"},{"floor":24,"key":"Block Potion"},{"floor":28,"key":"LiquidMemories"},{"floor":36,"key":"LiquidMemories"},{"floor":41,"key":"Block Potion"},{"floor":48,"key":"Ancient Potion"}],"is_trial":false,"path_per_floor":["M","?","?","$","M","E","$","?","T","R","$","M","R","M","R","B",null,"M","$","?","$","M","R","E","R","T","R","E","?","M","M","R","B",null,"M","M","$","?","M","R","M","R","T","E","$","E","M","M","R","B"],"character_chosen":"THE_SERVANT","items_purchased":["ShatteredReality","Sabotage","TimeWarp","Ice Cream"],"campfire_rested":0,"item_purchase_floors":[4,19,21,37],"current_hp_per_floor":[65,65,65,65,65,61,61,61,61,61,61,61,61,61,61,61,65,62,62,51,51,51,51,51,51,51,51,51,51,51,51,51,51,70,70,70,70,70,70,70,70,70,70,70,70,70,70,56,56,0,0],"gold":154,"neow_bonus":"THREE_ENEMY_KILL","is_daily":false,"chose_seed":false,"campfire_upgraded":10,"win_rate":0.0,"timestamp":1608778930,"path_taken":["M","?","?","$","M","E","?","?","T","R","$","M","R","M","R","BOSS","M","$","?","$","M","R","E","R","T","R","E","?","M","M","R","BOSS","M","M","$","?","M","R","?","R","T","E","$","E","M","M","R","BOSS"],"items_purchased_type":["Card","Card","Card","Relic"],"build_version":"2020-12-22","purchased_purges":3,"victory":false,"max_hp_per_floor":[65,65,65,65,65,65,65,65,65,65,65,65,65,65,65,65,65,65,65,70,70,70,70,70,70,70,70,70,70,70,70,70,70,70,70,70,70,70,70,70,70,70,70,70,70,70,70,70,70,70,70],"card_choices":[{"not_picked":["Replace","ShiftingGears"],"picked":"FastForward","floor":1},{"not_picked":["Snipe","Read"],"picked":"Comet","floor":3},{"not_picked":["Shuttle","DoubleEdge"],"picked":"PendulumOfEternity","floor":5},{"not_picked":["Unruled","SilverBlades"],"picked":"BottledTime","floor":6},{"not_picked":["DancingSilver","Ricochet"],"picked":"Alleviate","floor":12},{"not_picked":["DoubleEdge","MoonPhase"],"picked":"Foresight","floor":14},{"not_picked":["Duplication","KillingDoll"],"picked":"TheWorld","floor":16},{"not_picked":["Rewind+1","Reset"],"picked":"ShatteredReality","floor":18},{"not_picked":["Starlight+1","FastForward"],"picked":"Misdirection","floor":22},{"not_picked":["Advance","Ricochet"],"picked":"Potential","floor":24},{"not_picked":["Sunlight","FastForward"],"picked":"Potential","floor":28},{"not_picked":["Read","Revamp+1","Spin"],"picked":"SKIP","floor":30},{"not_picked":["ShatteredReality","Desolation"],"picked":"Foresight","floor":31},{"not_picked":["FloweringNight","Duplication"],"picked":"Deny","floor":33},{"not_picked":["DoubleEdge+1","Defy+1"],"picked":"TimeWarp","floor":35},{"not_picked":["BottledTime","Shuttle","Starlight+1"],"picked":"SKIP","floor":36},{"not_picked":["Spin+1","Rewind","Luminosity"],"picked":"SKIP","floor":39},{"not_picked":["FastForward+1","WasteNot+1"],"picked":"Luminosity+1","floor":41},{"not_picked":["Luminosity+1","Desolation+1"],"picked":"ShatteredReality","floor":44},{"not_picked":["Defy+1","Deadline"],"picked":"SoulSculpture","floor":46},{"not_picked":["RealityMarble","FanOfKnives","Shuttle+1"],"picked":"SKIP","floor":47},{"not_picked":["Replace+1","DoubleEdge","FastForward"],"picked":"SKIP","floor":48}],"player_experience":330797,"relics_obtained":[{"floor":3,"key":"Bronze Scales"},{"floor":6,"key":"Bag of Marbles"},{"floor":9,"key":"Bag of Preparation"},{"floor":24,"key":"Boot"},{"floor":26,"key":"vexMod:BarristanHead"},{"floor":28,"key":"Oddly Smooth Stone"},{"floor":43,"key":"Juzu Bracelet"},{"floor":44,"key":"Centennial Puzzle"},{"floor":46,"key":"Lantern"}],"event_choices":[{"damage_healed":0,"gold_gain":0,"player_choice":"Box","damage_taken":0,"relics_obtained":["conspire:DeflatedDodgeball"],"max_hp_gain":0,"max_hp_loss":0,"event_name":"Big Fish","floor":8,"gold_loss":0,"cards_obtained":["Regret"]},{"damage_healed":0,"gold_gain":0,"player_choice":"Shed Blood","damage_taken":16,"max_hp_gain":5,"max_hp_loss":0,"event_name":"Forgotten Altar","floor":20,"gold_loss":0},{"damage_healed":0,"gold_gain":99,"player_choice":"Stole From Cult","damage_taken":0,"max_hp_gain":0,"max_hp_loss":0,"event_name":"Nest","floor":29,"gold_loss":0},{"cards_removed":["Collapse"],"damage_healed":0,"gold_gain":0,"player_choice":"Offered Uncommon","damage_taken":0,"max_hp_gain":0,"max_hp_loss":0,"event_name":"Bonfire Elementals","floor":38,"gold_loss":0}],"is_beta":false,"boss_relics":[{"not_picked":["Ectoplasm","Velvet Choker"],"picked":"Astrolabe"},{"not_picked":["Philosopher\u0027s Stone","Pandora\u0027s Box"],"picked":"SlaversCollar"}],"items_purged_floors":[4,11,45],"is_endless":false,"potions_floor_spawned":[3,5,14,22,24,28,36,41,48],"killed_by":"conspire:OrnateMirror","ascension_level":4}}