{"host":"mjau5a91be6b66g4","time":1608823062,"event":{"mods":["BaseMod","Minty Spire (QoL Compilation)","StSLib","The Animator","The Bug Knight","The Jungle"],"gold_per_floor":[113,124,124,86,99,99,25,41,68,80,95,95,157,157,157,254,254,266,266,286,306,356,356,371,371,371,371,383,383,383,315,315,416,416,436,211,225,245,257,270,270,270,296,235,246,262,262,280,280,280,280],"floor_reached":50,"playtime":1978,"items_purged":[],"score":463,"play_id":"b01672f4-272d-494a-bd39-5c2f1f1336ad","local_time":"20201224231742","is_ascension_mode":false,"campfire_choices":[{"data":"Hello World","floor":12,"key":"SMITH"},{"floor":15,"key":"REST"},{"floor":23,"key":"REST"},{"data":"Dualcast","floor":25,"key":"SMITH"},{"data":"White Noise","floor":27,"key":"SMITH"},{"floor":30,"key":"REST"},{"data":"Chill","floor":32,"key":"SMITH"},{"floor":41,"key":"REST"},{"floor":49,"key":"REST"}],"circlet_count":0,"master_deck":["Strike_B","Strike_B","Strike_B","Defend_B","Defend_B","Defend_B","Zap+1","Dualcast+1","Heatsinks","Capacitor","White Noise+1","Self Repair","Hello World+1","Chill+1","Melter","Amplify","Redo+1","Darkness+1","Cold Snap+1","Melter+1","Skim","FTL+1","Force Field+1","White Noise+1","Loop","Electrodynamics","Panache","Hologram","Recycle","Leap+1","Force Field","Conserve Battery","Conserve Battery","Dark Shackles","Lockon+1","Turbo"],"relics":["Cracked Core","Oddly Smooth Stone","Astrolabe","MutagenicStrength","Bottled Tornado","Sozu","Dream Catcher","Bronze Scales"],"acts_visited":["Exordium","TheCity","TheBeyond"],"potions_floor_usage":[16,16,18,20,21,33],"damage_taken":[{"damage":1,"enemies":"2 Louse","floor":1,"turns":2},{"damage":0,"enemies":"Small Slimes","floor":2,"turns":3},{"damage":0,"enemies":"Cultist","floor":5,"turns":4},{"damage":16,"enemies":"Blue Slaver","floor":8,"turns":4},{"damage":16,"enemies":"Looter","floor":10,"turns":4},{"damage":18,"enemies":"2 Fungi Beasts","floor":11,"turns":3},{"damage":35,"enemies":"Slime Boss","floor":16,"turns":8},{"damage":8,"enemies":"Spheric Guardian","floor":18,"turns":3},{"damage":37,"enemies":"3 Byrds","floor":20,"turns":5},{"damage":3,"enemies":"Snecko","floor":21,"turns":6},{"damage":19,"enemies":"Snake Plant","floor":24,"turns":4},{"damage":20,"enemies":"Centurion and Healer","floor":28,"turns":8},{"damage":6,"enemies":"Champ","floor":33,"turns":14},{"damage":8,"enemies":"Orb Walker","floor":35,"turns":4},{"damage":27,"enemies":"3 Darklings","floor":37,"turns":3},{"damage":37,"enemies":"Spire Growth","floor":38,"turns":5},{"damage":5,"enemies":"Sphere and 2 Shapes","floor":39,"turns":5},{"damage":11,"enemies":"3 Darklings","floor":40,"turns":4},{"damage":28,"enemies":"Spire Growth","floor":45,"turns":6},{"damage":13,"enemies":"Transient","floor":46,"turns":5},{"damage":0,"enemies":"Sphere and 2 Shapes","floor":48,"turns":3},{"damage":38,"enemies":"Awakened One","floor":50,"turns":5}],"seed_played":"1779784689939624907","potions_obtained":[{"floor":2,"key":"BlessingOfTheForge"},{"floor":5,"key":"Swift Potion"},{"floor":6,"key":"LiquidBronze"},{"floor":6,"key":"FearPotion"},{"floor":10,"key":"AttackPotion"},{"floor":11,"key":"SkillPotion"},{"floor":16,"key":"Swift Potion"},{"floor":18,"key":"CultistPotion"},{"floor":28,"key":"PowerPotion"}],"is_trial":false,"path_per_floor":["M","M","?","$","M","?","$","M","T","M","M","R","?","?","R","B",null,"M","?","M","M","?","R","M","R","T","R","M","?","R","$","R","B",null,"M","$","M","M","M","M","R","?","T","?","M","M","?","M","R","B"],"character_chosen":"DEFECT","items_purchased":["Capacitor","Self Repair","Loop","Panache","Hologram"],"campfire_rested":5,"item_purchase_floors":[4,7,31,36,36],"current_hp_per_floor":[81,81,81,81,81,81,81,72,72,63,52,52,52,52,76,48,82,81,81,51,55,55,79,67,67,67,67,54,54,78,78,78,79,82,74,74,47,17,19,15,39,39,39,39,18,12,12,12,36,0,0],"gold":280,"neow_bonus":"TEN_PERCENT_HP_BONUS","is_daily":false,"chose_seed":false,"campfire_upgraded":4,"win_rate":0.0,"timestamp":1608823062,"path_taken":["M","M","?","$","M","?","$","?","T","M","M","R","?","?","R","BOSS","M","?","M","M","?","R","M","R","T","R","?","?","R","$","R","BOSS","M","$","M","?","M","M","R","?","T","?","M","?","?","M","R","BOSS"],"items_purchased_type":["Card","Card","Card","Card","Card"],"build_version":"2020-12-22","purchased_purges":0,"victory":false,"max_hp_per_floor":[82,82,82,82,82,82,82,82,82,82,82,82,82,82,82,82,82,82,82,82,82,82,82,82,82,82,82,82,82,82,82,82,82,82,82,82,82,82,82,82,82,82,82,82,82,82,82,82,82,82,82],"card_choices":[{"not_picked":["Turbo","Lockon"],"picked":"Heatsinks","floor":1},{"not_picked":["Compile Driver","Beam Cell"],"picked":"Turbo","floor":2},{"not_picked":["Barrage","Ball Lightning"],"picked":"White Noise","floor":5},{"not_picked":["Melter","Compile Driver"],"picked":"Hello World","floor":8},{"not_picked":["Ball Lightning","Sunder"],"picked":"Chill","floor":10},{"not_picked":["Blizzard","Genetic Algorithm"],"picked":"Melter","floor":11},{"not_picked":["Rainbow","Seek"],"picked":"Amplify","floor":16},{"not_picked":["Streamline","Steam Power+1"],"picked":"Melter+1","floor":18},{"not_picked":["Compile Driver+1","Turbo"],"picked":"Skim","floor":20},{"not_picked":["Hyperbeam","Melter+1","Tempest"],"picked":"SKIP","floor":21},{"not_picked":["Blizzard","Coolheaded"],"picked":"FTL+1","floor":24},{"not_picked":["Scrape+1","Sweeping Beam+1"],"picked":"Force Field+1","floor":28},{"not_picked":["Fission","Machine Learning"],"picked":"Electrodynamics","floor":33},{"not_picked":["Cold Snap+1","Static Discharge","Turbo+1"],"picked":"SKIP","floor":35},{"not_picked":["Sunder","Heatsinks"],"picked":"Recycle","floor":37},{"not_picked":["Conserve Battery+1","Hologram"],"picked":"Leap+1","floor":38},{"not_picked":["Coolheaded+1","Beam Cell"],"picked":"Force Field","floor":39},{"not_picked":["Hello World+1","Multi-Cast"],"picked":"Conserve Battery","floor":40},{"not_picked":["Hologram","Capacitor+1"],"picked":"Conserve Battery","floor":45},{"not_picked":["Genetic Algorithm","Chaos","Sweeping Beam"],"picked":"SKIP","floor":46},{"not_picked":["Jack Of All Trades","Deep Breath"],"picked":"Dark Shackles","floor":47},{"not_picked":["Streamline","Go for the Eyes"],"picked":"Lockon+1","floor":48},{"not_picked":["Hologram+1","Multi-Cast"],"picked":"Turbo","floor":49}],"player_experience":225555,"relics_obtained":[{"floor":9,"key":"Oddly Smooth Stone"},{"floor":26,"key":"Bottled Tornado"},{"floor":43,"key":"Dream Catcher"}],"event_choices":[{"damage_healed":0,"gold_gain":0,"player_choice":"Grow","damage_taken":0,"max_hp_gain":0,"max_hp_loss":0,"event_name":"Living Wall","floor":3,"gold_loss":0,"cards_upgraded":["Zap"]},{"damage_healed":0,"gold_gain":0,"player_choice":"Got Potions","damage_taken":0,"max_hp_gain":0,"max_hp_loss":0,"event_name":"Lab","floor":6,"gold_loss":0},{"damage_healed":0,"gold_gain":62,"player_choice":"Gained Gold","damage_taken":0,"max_hp_gain":0,"max_hp_loss":0,"event_name":"Golden Wing","floor":13,"gold_loss":0},{"damage_healed":0,"gold_gain":0,"player_choice":"Fled","damage_taken":0,"max_hp_gain":0,"max_hp_loss":0,"event_name":"Scrap Ooze","floor":14,"gold_loss":0},{"damage_healed":0,"gold_gain":0,"player_choice":"Inject Mutagens","damage_taken":0,"relics_obtained":["MutagenicStrength"],"max_hp_gain":0,"max_hp_loss":0,"event_name":"Drug Dealer","floor":19,"gold_loss":0},{"damage_healed":0,"gold_gain":100,"player_choice":"Bet on Murderer","damage_taken":0,"max_hp_gain":0,"max_hp_loss":0,"event_name":"The Joust","floor":22,"gold_loss":50},{"damage_healed":0,"gold_gain":0,"player_choice":"Copied","damage_taken":0,"max_hp_gain":0,"max_hp_loss":0,"event_name":"Duplicator","floor":29,"gold_loss":0,"cards_obtained":["White Noise"]},{"damage_healed":0,"gold_gain":0,"player_choice":"Ignored","damage_taken":0,"max_hp_gain":0,"max_hp_loss":0,"event_name":"Tomb of Lord Red Mask","floor":42,"gold_loss":0},{"damage_healed":0,"gold_gain":0,"player_choice":"Paid Gold","damage_taken":0,"relics_obtained":["Bronze Scales"],"max_hp_gain":0,"max_hp_loss":0,"event_name":"WeMeetAgain","floor":44,"gold_loss":61},{"damage_healed":0,"gold_gain":0,"player_choice":"Memory 1","damage_taken":0,"max_hp_gain":0,"max_hp_loss":0,"event_name":"SensoryStone","floor":47,"gold_loss":0}],"is_beta":false,"boss_relics":[{"not_picked":["Busted Crown","Runic Pyramid"],"picked":"Astrolabe"},{"not_picked":["Black Star","Velvet Choker"],"picked":"Sozu"}],"items_purged_floors":[],"is_endless":false,"potions_floor_spawned":[2,5,10,11,16,18,28,39,40,46,48],"killed_by":"Awakened One","ascension_level":0}}