{"host":"d50bw6kybq14xu1u","time":1608822655,"event":{"mods":["BaseMod","Colored Map","Colored Powertips","Minty Spire (QoL Compilation)","Quick Restart"],"gold_per_floor":[119,131,96,96,107,134,134,159,185,201,127,25,25,53,53,152,152,170,170,186,202,212,212,212],"floor_reached":23,"playtime":576,"items_purged":[],"score":248,"play_id":"bc11f6ce-8fd5-488e-9378-705307b1b444","local_time":"20201224231055","is_ascension_mode":true,"campfire_choices":[{"data":"Demon Form","floor":7,"key":"SMITH"},{"floor":15,"key":"REST"}],"circlet_count":0,"master_deck":["Strike_R","Strike_R","Strike_R","Strike_R","Strike_R","Defend_R","Defend_R","Bash","Pummel","Sword Boomerang","Demon Form+1","Twin Strike","Cleave","Metallicize","Limit Break","Carnage+1","Limit Break","Armaments","Heavy Blade"],"relics":["Empty Cage","Vajra","MealTicket","TungstenRod","Blood Vial","Darkstone Periapt","Sozu"],"acts_visited":["Exordium","TheCity"],"potions_floor_usage":[8,16],"damage_taken":[{"damage":11,"enemies":"Jaw Worm","floor":1,"turns":2},{"damage":7,"enemies":"2 Louse","floor":2,"turns":2},{"damage":0,"enemies":"Small Slimes","floor":5,"turns":2},{"damage":49,"enemies":"3 Sentries","floor":6,"turns":8},{"damage":3,"enemies":"Gremlin Nob","floor":8,"turns":2},{"damage":7,"enemies":"Red Slaver","floor":10,"turns":2},{"damage":16,"enemies":"3 Sentries","floor":14,"turns":3},{"damage":23,"enemies":"Hexaghost","floor":16,"turns":4},{"damage":0,"enemies":"3 Byrds","floor":18,"turns":5},{"damage":21,"enemies":"Spheric Guardian","floor":20,"turns":4},{"damage":6,"enemies":"Snecko","floor":21,"turns":3},{"damage":27,"enemies":"Shelled Parasite and Fungi","floor":22,"turns":3},{"damage":60,"enemies":"Slavers","floor":23,"turns":3}],"seed_played":"-8959638490316038811","potions_obtained":[{"floor":5,"key":"FearPotion"},{"floor":6,"key":"PowerPotion"},{"floor":10,"key":"EssenceOfSteel"}],"is_trial":false,"path_per_floor":["M","M","?","?","M","E","R","E","T","M","$","$","?","E","R","B",null,"M","?","M","M","M","E"],"character_chosen":"IRONCLAD","items_purchased":["DuplicationPotion","FairyPotion"],"campfire_rested":1,"item_purchase_floors":[11,12],"current_hp_per_floor":[69,62,80,80,80,31,31,28,28,23,38,53,47,33,57,36,80,80,80,59,55,30,0,0],"gold":212,"neow_bonus":"BOSS_RELIC","is_daily":false,"chose_seed":false,"campfire_upgraded":1,"win_rate":0.0,"timestamp":1608822655,"path_taken":["M","M","?","?","M","E","R","E","T","M","?","$","?","E","R","BOSS","M","?","?","M","M","E"],"items_purchased_type":["Potion","Potion"],"build_version":"2020-12-22","purchased_purges":0,"victory":false,"max_hp_per_floor":[80,80,80,80,80,80,80,80,80,80,80,80,80,80,80,80,80,80,80,80,80,80,80,80],"card_choices":[{"not_picked":["Clothesline","Warcry"],"picked":"Pummel","floor":1},{"not_picked":["Headbutt","Evolve"],"picked":"Sword Boomerang","floor":2},{"not_picked":["Searing Blow","Sword Boomerang"],"picked":"Demon Form","floor":5},{"not_picked":["Immolate","Sword Boomerang"],"picked":"Twin Strike","floor":6},{"not_picked":["Wild Strike","Whirlwind"],"picked":"Cleave","floor":8},{"not_picked":["True Grit","Hemokinesis","Clothesline"],"picked":"SKIP","floor":10},{"not_picked":["Clash","Fiend Fire"],"picked":"Metallicize","floor":14},{"not_picked":["Bludgeon","Immolate"],"picked":"Limit Break","floor":16},{"not_picked":["Warcry","Iron Wave+1"],"picked":"Carnage+1","floor":18},{"not_picked":["Headbutt","Shrug It Off"],"picked":"Armaments","floor":20},{"not_picked":["Bloodletting","Body Slam","Clothesline"],"picked":"SKIP","floor":21},{"not_picked":["Reckless Charge","Fiend Fire"],"picked":"Heavy Blade","floor":22}],"player_experience":5700,"relics_obtained":[{"floor":6,"key":"MealTicket"},{"floor":8,"key":"TungstenRod"},{"floor":9,"key":"Blood Vial"},{"floor":14,"key":"Darkstone Periapt"}],"event_choices":[{"damage_healed":20,"gold_gain":0,"player_choice":"Healed","damage_taken":0,"max_hp_gain":0,"max_hp_loss":0,"event_name":"The Cleric","floor":3,"gold_loss":35},{"damage_healed":0,"gold_gain":0,"player_choice":"Box","damage_taken":0,"relics_obtained":["Vajra"],"max_hp_gain":0,"max_hp_loss":0,"event_name":"Big Fish","floor":4,"gold_loss":0,"cards_obtained":["Regret"]},{"cards_removed":["Regret"],"damage_healed":0,"gold_gain":0,"player_choice":"Card Removal","damage_taken":7,"max_hp_gain":0,"max_hp_loss":0,"event_name":"Golden Wing","floor":13,"gold_loss":0},{"damage_healed":0,"gold_gain":0,"player_choice":"Copied","damage_taken":0,"max_hp_gain":0,"max_hp_loss":0,"event_name":"Duplicator","floor":19,"gold_loss":0,"cards_obtained":["Limit Break"]}],"is_beta":false,"boss_relics":[{"not_picked":["Snecko Eye","Velvet Choker"],"picked":"Sozu"}],"items_purged_floors":[],"is_endless":false,"potions_floor_spawned":[5,6,10,14,18,22],"killed_by":"Slavers","ascension_level":1}}