{"host":"gvhxj4mzhoewha5t","time":1608777770,"event":{"mods":["2.2 Compatiblity","AchievementEnabler","BaseMod","Better Altar","Better Match","Better Note","Better Sensory Stone","Better Skull","Better Third Choice","Better Vampires","BetterRewards","CapriCore","Colored Map","Disable Question Mark Monsters","Downfall","Emptier Cage","GifTheSpireLib","Hermit","Marked Mod","Minty Spire (QoL Compilation)","Quick Restart","Rare Cards Sparkle","Robot Space Explorer","Spicy Shops","StSLib","The Immortal"],"gold_per_floor":[99,114,127,143,153,167,192,208,208,208],"floor_reached":9,"playtime":449,"items_purged":[],"score":57,"play_id":"4742d93a-c975-4bf2-a9fe-2f26aa28ffa0","local_time":"20201223214250","is_ascension_mode":false,"campfire_choices":[{"data":"sneckomod:DiceBoulder+1","floor":1,"key":"SMITH"}],"circlet_count":0,"master_deck":["sneckomod:Strike","sneckomod:Strike","sneckomod:Strike","sneckomod:Defend","sneckomod:Defend","sneckomod:TailWhip","sneckomod:SnekBite","sneckomod:SerpentMind+1","sneckomod:SerpentIdol+1","sneckomod:DiceBoulder+2","sneckomod:DiceCrush","sneckomod:WideSting","sneckomod:UnknownClassSLIMEBOUND","sneckomod:WideSting","sneckomod:UnknownEthereal","sneckomod:SoulDraw"],"relics":["Astrolabe","Blood Vial"],"acts_visited":["Exordium"],"potions_floor_usage":[],"damage_taken":[{"damage":4,"enemies":"Cultist","floor":2,"turns":4},{"damage":13,"enemies":"2 Louse","floor":3,"turns":3},{"damage":11,"enemies":"Jaw Worm","floor":4,"turns":2},{"damage":22,"enemies":"Gremlin Gang","floor":5,"turns":3},{"damage":27,"enemies":"Exordium Wildlife","floor":6,"turns":3},{"damage":4,"enemies":"3 Louse","floor":8,"turns":2},{"damage":31,"enemies":"Gremlin Nob","floor":9,"turns":3}],"seed_played":"5917473931633876618","potions_obtained":[{"floor":6,"key":"Swift Potion"},{"floor":8,"key":"Ancient Potion"}],"is_trial":false,"path_per_floor":["R","M","M","M","M","M","T","M","E"],"character_chosen":"THE_SNECKO","items_purchased":[],"campfire_rested":0,"item_purchase_floors":[],"current_hp_per_floor":[90,86,73,62,40,13,13,15,0,0],"gold":208,"neow_bonus":"BOSS_RELIC","is_daily":false,"chose_seed":false,"campfire_upgraded":1,"win_rate":0.0,"timestamp":1608777770,"path_taken":["R","M","?","?","M","M","T","M","E"],"items_purchased_type":[],"build_version":"2020-12-22","purchased_purges":0,"victory":false,"max_hp_per_floor":[90,90,90,90,90,90,90,90,90,90],"card_choices":[{"not_picked":["sneckomod:IronFang","sneckomod:Unknown1Cost"],"picked":"sneckomod:DiceCrush","floor":2},{"not_picked":["sneckomod:SoulDraw","sneckomod:MasterEye"],"picked":"sneckomod:WideSting","floor":3},{"not_picked":["sneckomod:UnknownBlock","sneckomod:WideSting"],"picked":"sneckomod:UnknownClassSLIMEBOUND","floor":4},{"not_picked":["sneckomod:DiceBlock","sneckomod:UnknownCommonSkill"],"picked":"sneckomod:WideSting","floor":5},{"not_picked":["sneckomod:UnknownExhaust","sneckomod:Unknown1Cost"],"picked":"sneckomod:UnknownEthereal","floor":6},{"not_picked":["sneckomod:UnknownEthereal","sneckomod:UnknownClassPURPLE"],"picked":"sneckomod:SoulDraw","floor":8}],"player_experience":349068,"relics_obtained":[{"floor":7,"key":"Blood Vial"}],"event_choices":[],"is_beta":false,"boss_relics":[],"items_purged_floors":[],"is_endless":false,"potions_floor_spawned":[6,8],"killed_by":"Gremlin Nob","ascension_level":0}}