{"host":"njruw0b0uprlitpx","time":1608797550,"event":{"mods":["2.2 Compatiblity","Astrologer","Bartender","BaseMod","Better Altar","Better Match","Better Note","Better Sensory Stone","Better Skull","Better Third Choice","BetterRewards","Block Reminder","Chen","Colored Map","Colored Powertips","Gremlin Mod","Hermit","Jedi Mod","Keyboard Shortcuts","Minty Spire (QoL Compilation)","Quick Restart","Relic Stats","Replay The Spire","SacredBarkPlus","Spicy Shops","StSLib","SuperFastMode","The Construct","The Cursed","The Marked","The Mystic","The Necromancer","The Spell Scribe"],"gold_per_floor":[110,110,128,22,33,33,58,70,95,105,105,105,121,121,121,241,241,257,276,276,276,186,226,12,12,65,65,105,105,130,153,153,282,282,302,302,317,317,335,335,375,388,388,388,454,14,32,47,47,47,47,47,6,41,41],"floor_reached":56,"playtime":2273,"items_purged":["Strike_Bartender","Languid"],"score":1667,"play_id":"a8ae68a3-8a41-40e3-bab6-da56c3c681c5","local_time":"20201224021230","is_ascension_mode":false,"campfire_choices":[{"data":"Raptor_Form","floor":6.0,"key":"SMITH"},{"data":"High_Tide","floor":11,"key":"SMITH"},{"floor":15,"key":"REST"},{"floor":25,"key":"REST"},{"floor":27,"key":"RECALL"},{"data":"Ball_Of_Ice","floor":29,"key":"SMITH"},{"data":"Insight_B","floor":32,"key":"SMITH"},{"data":"Dolphin_Blow","floor":40,"key":"SMITH"},{"data":"Waterkick","floor":44,"key":"SMITH"},{"data":"Beat_Rush","floor":49,"key":"SMITH"},{"data":"Dolphin_Blow","floor":52,"key":"SMITH"}],"circlet_count":0,"master_deck":["Strike_Bartender","Strike_Bartender","Strike_Bartender","Defend_Bartender","Defend_Bartender","Defend_Bartender+1","Somersault","Raptor_Form+1","High_Tide+1","Cross+1","Rope_A_Dope+1","Ball_Of_Ice+1","Sucker_Punch+1","Hook","Dancing_Jab","Waterkick+1","Bitters","Insight_B+1","Cold_Blooded+1","Stick_and_Move","Meteodrive+1","OpoOpo_Form+1","jedi:LeechingStrike","Axe_Heel_Kick+1","Wall_of_Ice","Momentum+1","Dolphin_Blow+1","Greased_Lightning","AscendersBane","Moonsault_Kick+1","Top_Shelf","Greased_Lightning+1","Perfect_Balance+1","Beat_Rush+1","ReplayUltimateDefense+1","Dolphin_Blow+1","Ball_Of_Ice","Power_Up_Punch","Feint","Rising_Crane"],"relics":["Sneakers","Calipers","Frozen Egg 2","Counterbalance","jedi:fakemustache","Orichalcum","Golden Idol","Snecko Eye","WarpedTongs","Ancient Tea Set","Nunchaku","Replay:Rubber Ducky","Painkiller Herb","Cleaning_Rag","Replay:WaspNest","jedi:gremlinknob","Replay:Wax Seal","Lee\u0027s Waffle","ReplayTheSpireMod:CursedCoin","Vajra"],"acts_visited":["Exordium","TheCity","TheBeyond","TheEnding"],"potions_floor_usage":[23,31,33,45,50],"damage_taken":[{"damage":0.0,"enemies":"Cultist","floor":1.0,"turns":3.0},{"damage":0.0,"enemies":"Jaw Worm","floor":3.0,"turns":5.0},{"damage":2.0,"enemies":"2 Louse","floor":5.0,"turns":2.0},{"damage":13.0,"enemies":"Lagavulin","floor":7.0,"turns":4.0},{"damage":4.0,"enemies":"Blue Slaver","floor":8.0,"turns":4.0},{"damage":0,"enemies":"3 Louse","floor":10,"turns":3},{"damage":1,"enemies":"Looter","floor":13,"turns":3},{"damage":27,"enemies":"Hexaghost","floor":16,"turns":7},{"damage":4,"enemies":"Chosen","floor":18,"turns":4},{"damage":0,"enemies":"Spheric Guardian","floor":19,"turns":2},{"damage":39,"enemies":"Slavers","floor":23,"turns":5},{"damage":0,"enemies":"Book of Stabbing","floor":28,"turns":2},{"damage":0,"enemies":"Snecko","floor":30,"turns":2},{"damage":0,"enemies":"Sentry and Sphere","floor":31,"turns":2},{"damage":0,"enemies":"Champ","floor":33,"turns":3},{"damage":7,"enemies":"3 Shapes","floor":35,"turns":2},{"damage":0,"enemies":"Orb Walker","floor":37,"turns":2},{"damage":0,"enemies":"Sphere and 2 Shapes","floor":39,"turns":3},{"damage":7,"enemies":"Nemesis","floor":41,"turns":3},{"damage":0,"enemies":"4 Shapes","floor":42,"turns":3},{"damage":0,"enemies":"2 Orb Walkers","floor":45,"turns":2},{"damage":1,"enemies":"Writhing Mass","floor":47,"turns":2},{"damage":0,"enemies":"Transient","floor":48,"turns":4},{"damage":0,"enemies":"Time Eater","floor":50,"turns":5},{"damage":0,"enemies":"Shield and Spear","floor":54,"turns":4},{"damage":11,"enemies":"The Heart","floor":55,"turns":6}],"seed_played":"2332843723780419454","potions_obtained":[{"floor":10,"key":"DuplicationPotion"},{"floor":28,"key":"Fire Potion"},{"floor":42,"key":"jedi:StrikingPotion"},{"floor":45,"key":"PowerPotion"}],"is_trial":false,"path_per_floor":["M","?","M","$","M","R","E","M","T","M","R","?","M","?","R","B",null,"M","M","?","?","?","E","$","R","T","R","E","R","M","M","R","B",null,"?","?","?","?","?","T","E","?","T","T","?","T","?","?","T","B",null,"T","T","E","B",null],"character_chosen":"BARTENDER","items_purchased":["Raptor_Form","High_Tide","Frozen Egg 2","Counterbalance","jedi:fakemustache","Cross","Strength Potion","Rope_A_Dope+1","Ball_Of_Ice","EntropicBrew","Dancing_Jab","OpoOpo_Form+1","jedi:LeechingStrike","Replay:Wax Seal","Beat_Rush","Lee\u0027s Waffle","ReplayUltimateDefense+1","ReplayTheSpireMod:CursedCoin","Power_Up_Punch","Feint"],"campfire_rested":2,"item_purchase_floors":[0,0,0,0,0,0,0,0,0,0,4,24,24,46,46,46,46,53,53,53],"current_hp_per_floor":[70,70,70,70,68,68,55,51,51,51,51,51,50,50,70,43,70,66,66,66,66,66,40,50,70,70,70,70,70,70,70,70,70,70,63,63,70,70,70,70,70,70,70,70,70,77,76,77,77,77,77,77,77,77,66],"gold":41,"neow_bonus":"","is_daily":false,"chose_seed":false,"campfire_upgraded":8,"win_rate":0.0,"timestamp":1608797550,"path_taken":["M","?","M","?","?","R","E","M","T","M","R","?","M","?","R","BOSS","M","M","?","?","?","E","$","R","T","R","E","R","M","M","R","BOSS","?","?","?","?","?","T","E","?","T","T","?","T","?","?","T","BOSS","T","T","E","BOSS"],"items_purchased_type":["Card","Card","Relic","Relic","Relic","Card","Potion","Card","Card","Potion","Card","Card","Card","Relic","Card","Relic","Card","Relic","Card","Card"],"build_version":"2020-12-22","purchased_purges":2,"victory":true,"max_hp_per_floor":[70,70,70,70,70,70,70,70,70,70,70,70,70,70,70,70,70,70,70,70,70,70,70,70,70,70,70,70,70,70,70,70,70,70,70,70,70,70,70,70,70,70,70,70,70,77,77,77,77,77,77,77,77,77,77],"relic_stats":{"Nunchaku":[35],"Lee\u0027s Waffle":7,"counters":[58,198],"Golden Idol":173,"Snecko Eye":[181,155,143,139],"Orichalcum":[180],"obtain_stats":[{"Vajra":54,"theMarked:SpiritSword":34,"Whetstone":8,"Bottled Tornado":43,"Replay:Mystery Machine":0,"Empty Cage":0,"Smiling Mask":4,"White_Cape":12,"Replay:Rubber Ducky":24,"Cleaning_Rag":41,"Chameleon Ring":7,"Matryoshka":26,"Philosopher\u0027s Stone":17,"theMarked:VonisonLock":24,"Kunai":26,"Replay:Bottled Snecko":3,"Toxic Egg 2":39,"Replay:Wax Seal":46,"theMarked:NailFile":41,"BargainBundle":24,"Lee\u0027s Waffle":46,"theMarked:Gun":14,"Pear":20,"Golden Idol":2,"ReplayTheSpireMod:CursedCoin":8,"Guide Book":13,"jedi:purplefairy":6,"Velvet Choker":17,"jedi:gremlinknob":45,"PreservedInsect":8,"Replay:WaspNest":13,"The Courier":14,"jedi:crownofsimplicity":0,"Replay:Kaleidoscope":7,"jedi:fakemustache":8,"theMarked:ArtifactOfAir":0,"Pondfish Scales":9,"Onion Ring":11,"ReplayTheSpireMod:TigerMarble":45,"Grinning Jar":9,"ReplayTheSpireMod:DimensionalGlitch":0,"StrikeDummy":6,"Abe\u0027s Treasure":17,"Pocketwatch":6},{"Vajra":57,"theMarked:SpiritSword":14,"Whetstone":41,"Bottled Tornado":17,"Replay:Mystery Machine":23,"Empty Cage":38,"Smiling Mask":39,"White_Cape":43,"Replay:Rubber Ducky":36,"Cleaning_Rag":51,"Chameleon Ring":3,"Matryoshka":37,"Philosopher\u0027s Stone":31,"theMarked:VonisonLock":10,"Kunai":10,"Replay:Bottled Snecko":24,"Toxic Egg 2":16,"Replay:Wax Seal":53,"theMarked:NailFile":17,"BargainBundle":10,"Lee\u0027s Waffle":53,"theMarked:Gun":6,"Pear":32,"Golden Idol":1,"ReplayTheSpireMod:CursedCoin":41,"Guide Book":5,"jedi:purplefairy":27,"Velvet Choker":46,"jedi:gremlinknob":53,"PreservedInsect":28,"Replay:WaspNest":30,"The Courier":30,"jedi:crownofsimplicity":23,"Replay:Kaleidoscope":27,"jedi:fakemustache":41,"theMarked:ArtifactOfAir":0,"Pondfish Scales":41,"Onion Ring":4,"ReplayTheSpireMod:TigerMarble":19,"Grinning Jar":3,"ReplayTheSpireMod:DimensionalGlitch":0,"StrikeDummy":2,"Abe\u0027s Treasure":7,"Pocketwatch":41},{"Vajra":192,"theMarked:SpiritSword":43,"Whetstone":137,"Bottled Tornado":53,"Replay:Mystery Machine":75,"Empty Cage":121,"Smiling Mask":124,"White_Cape":143,"Replay:Rubber Ducky":116,"Cleaning_Rag":172,"Chameleon Ring":14,"Matryoshka":119,"Philosopher\u0027s Stone":101,"theMarked:VonisonLock":30,"Kunai":30,"Replay:Bottled Snecko":77,"Toxic Egg 2":47,"Replay:Wax Seal":177,"theMarked:NailFile":53,"BargainBundle":30,"Lee\u0027s Waffle":177,"theMarked:Gun":19,"Pear":104,"Golden Idol":3,"ReplayTheSpireMod:CursedCoin":137,"Guide Book":17,"jedi:purplefairy":87,"Velvet Choker":154,"jedi:gremlinknob":177,"PreservedInsect":91,"Replay:WaspNest":95,"The Courier":95,"jedi:crownofsimplicity":75,"Replay:Kaleidoscope":87,"jedi:fakemustache":137,"theMarked:ArtifactOfAir":0,"Pondfish Scales":137,"Onion Ring":16,"ReplayTheSpireMod:TigerMarble":58,"Grinning Jar":14,"ReplayTheSpireMod:DimensionalGlitch":0,"StrikeDummy":9,"Abe\u0027s Treasure":23,"Pocketwatch":137}],"WarpedTongs":[49]},"card_choices":[{"not_picked":["Dancing_Jab","Greased_Lightning"],"picked":"Snap_Punch","floor":1.0},{"not_picked":["Training_Dummy","On_The_Rocks"],"picked":"Hook","floor":3.0},{"not_picked":["Sucker_Punch","Bitters"],"picked":"Waterkick","floor":5.0},{"not_picked":["Bicycle_Kick","Scoop"],"picked":"Bitters","floor":7.0},{"not_picked":["Dragonkick","Hook","With_A_Twist"],"picked":"SKIP","floor":8.0},{"not_picked":["Ripple","Dancing_Jab"],"picked":"Insight_B","floor":10},{"not_picked":["Dragonkick","On_The_Rocks","Well_Drinks"],"picked":"SKIP","floor":13},{"not_picked":["Spirits_Within+1","Storage+1"],"picked":"Cold_Blooded+1","floor":16},{"not_picked":["Ball_Of_Ice","Hook"],"picked":"Stick_and_Move","floor":18},{"not_picked":["Rope_A_Dope+1","Sucker_Punch","Dragonkick"],"picked":"SKIP","floor":19},{"not_picked":["Center_Self","Torment"],"picked":"Meteodrive+1","floor":23},{"not_picked":["Cross+1","Vortex+"],"picked":"Axe_Heel_Kick+1","floor":28},{"not_picked":["Fading_Blow+1","OpoOpo_Form+1"],"picked":"Wall_of_Ice","floor":30},{"not_picked":["Fight_Dirty+1","Ball_Of_Ice"],"picked":"Momentum+1","floor":31},{"not_picked":["Beat_Rush","Patience+1"],"picked":"Dolphin_Blow","floor":33},{"not_picked":["Hook+1","Dancing_Jab+1","Tornado_Kick"],"picked":"SKIP","floor":35},{"not_picked":["Press_Forward+1","Fading_Blow+1"],"picked":"Greased_Lightning","floor":37},{"not_picked":["Torment","Snap_Punch","On_The_House"],"picked":"SKIP","floor":39},{"not_picked":["Momentum+1","Press_Forward"],"picked":"Top_Shelf","floor":41},{"not_picked":["Raptor_Form+1","Dancing_Jab+1"],"picked":"Greased_Lightning+1","floor":42},{"not_picked":["Cross+1","Step_Of_The_Wind+1"],"picked":"Perfect_Balance+1","floor":45},{"not_picked":["Mirage","Dancing_Jab+1"],"picked":"Dolphin_Blow","floor":47},{"not_picked":["Center_Self","Scoop+1"],"picked":"Ball_Of_Ice","floor":48},{"not_picked":["Storage+1","Momentum+1"],"picked":"Rising_Crane","floor":54}],"player_experience":1786024,"relics_obtained":[{"floor":7.0,"key":"Orichalcum"},{"floor":23,"key":"Ancient Tea Set"},{"floor":26,"key":"Nunchaku"},{"floor":28,"key":"Replay:Rubber Ducky"},{"floor":41,"key":"Cleaning_Rag"},{"floor":43,"key":"Replay:WaspNest"},{"floor":45,"key":"jedi:gremlinknob"},{"floor":54,"key":"Vajra"}],"event_choices":[{"damage_healed":0,"gold_gain":0,"player_choice":"Take Wound","damage_taken":0,"relics_obtained":["Golden Idol"],"max_hp_gain":0,"max_hp_loss":0,"event_name":"Golden Idol","floor":12,"gold_loss":0,"cards_obtained":["Injury"]},{"cards_removed":["Injury"],"damage_healed":0,"gold_gain":0,"player_choice":"Purged","damage_taken":0,"max_hp_gain":0,"max_hp_loss":0,"event_name":"Purifier","floor":20,"gold_loss":0},{"damage_healed":0,"gold_gain":0,"player_choice":"Rummage","damage_taken":0,"relics_obtained":["WarpedTongs"],"max_hp_gain":0,"max_hp_loss":0,"event_name":"Accursed Blacksmith","floor":21,"gold_loss":0,"cards_obtained":["Pain"]},{"cards_removed":["Pain"],"damage_healed":0,"gold_gain":0,"player_choice":"Upgrade and Remove","damage_taken":0,"max_hp_gain":0,"max_hp_loss":0,"event_name":"Designer","floor":22,"gold_loss":90,"cards_upgraded":["Defend_Bartender"]},{"cards_removed":["Defend_Bartender"],"damage_healed":0,"gold_gain":0,"player_choice":"Purged","damage_taken":0,"max_hp_gain":0,"max_hp_loss":0,"event_name":"Purifier","floor":36,"gold_loss":0},{"damage_healed":0,"gold_gain":0,"player_choice":"Random: Blue","damage_taken":0,"max_hp_gain":0,"max_hp_loss":0,"event_name":"betterThird:BetterPortal","floor":38,"gold_loss":0},{"damage_healed":0,"gold_gain":3,"player_choice":"3","damage_taken":0,"max_hp_gain":0,"max_hp_loss":0,"event_name":"betterStone:BetterStone","floor":38,"gold_loss":0,"cards_obtained":["Moonsault_Kick"]},{"damage_healed":0,"gold_gain":0,"player_choice":"Fight","damage_taken":0,"max_hp_gain":0,"max_hp_loss":0,"event_name":"Mysterious Sphere","floor":45,"gold_loss":0}],"is_beta":false,"boss_relics":[{"not_picked":["Honey Jar","Tiny House"],"picked":"Snecko Eye"},{"not_picked":["SacredBark","Pandora\u0027s Box"],"picked":"Painkiller Herb"}],"items_purged_floors":[4,53],"is_endless":false,"potions_floor_spawned":[1,5,10,28,42,45],"ascension_level":0}}