{"host":"873t0y8ybyo38pfq","time":1608825327,"event":{"mods":["BaseMod","Colored Map","Highlight Path","Minty Spire (QoL Compilation)","Rare Cards Sparkle","StSLib"],"gold_per_floor":[99,99,99,99,11,11,11,11,11,11,11,11,11,11,11,11,11,11,11,11,11,11],"floor_reached":21,"playtime":434,"items_purged":[],"score":342,"play_id":"24c3f43a-64e5-4a0c-b25e-6e9c6d9bb7e7","local_time":"20201224105527","is_ascension_mode":true,"campfire_choices":[{"data":"Choke","floor":6,"key":"SMITH"},{"floor":13,"key":"REST"},{"data":"Blade Dance","floor":15,"key":"SMITH"}],"circlet_count":0,"master_deck":["AscendersBane","Strike_G","Strike_G","Strike_G","Strike_G","Strike_G","Defend_G","Defend_G","Defend_G","Defend_G","Defend_G","Survivor","Neutralize+1","Choke+1","Pain","Cloak And Dagger","Backflip","Blade Dance+1","Cloak And Dagger","Die Die Die","PiercingWail","Blade Dance","Backflip"],"relics":["Ectoplasm","Golden Idol","Gremlin Horn","WarpedTongs","Pen Nib","Philosopher\u0027s Stone"],"acts_visited":["Exordium","TheCity"],"potions_floor_usage":[16,16,21],"damage_taken":[{"damage":0,"enemies":"2 Louse","floor":1,"turns":4},{"damage":1,"enemies":"Small Slimes","floor":8,"turns":3},{"damage":3,"enemies":"Cultist","floor":10,"turns":3},{"damage":4,"enemies":"Lots of Slimes","floor":12,"turns":4},{"damage":0,"enemies":"2 Fungi Beasts","floor":14,"turns":2},{"damage":40,"enemies":"Hexaghost","floor":16,"turns":10},{"damage":21,"enemies":"Spheric Guardian","floor":18,"turns":4},{"damage":5,"enemies":"Chosen","floor":19,"turns":4},{"damage":21,"enemies":"Snake Plant","floor":20,"turns":7},{"damage":0,"enemies":"3 Cultists","floor":21,"turns":1}],"seed_played":"360993284171452996","potions_obtained":[{"floor":10,"key":"EssenceOfSteel"},{"floor":12,"key":"Weak Potion"},{"floor":14,"key":"LiquidMemories"},{"floor":19,"key":"Energy Potion"},{"floor":20,"key":"Explosive Potion"}],"is_trial":false,"path_per_floor":["M","?","?","?","$","R","?","M","T","M","$","M","R","M","R","B",null,"M","M","M","M"],"character_chosen":"THE_SILENT","items_purchased":["Choke"],"campfire_rested":1,"item_purchase_floors":[5],"current_hp_per_floor":[59,59,41,41,41,41,41,40,40,37,37,33,51,51,51,11,48,27,22,1,1,1],"gold":11,"neow_bonus":"BOSS_RELIC","is_daily":false,"chose_seed":false,"campfire_upgraded":2,"win_rate":0.0,"timestamp":1608825327,"path_taken":["M","?","?","?","$","R","?","?","T","M","$","M","R","M","R","BOSS","M","M","?","M"],"items_purchased_type":["Card"],"build_version":"2020-12-22","purchased_purges":0,"victory":false,"max_hp_per_floor":[66,60,60,60,60,60,60,60,60,60,60,60,60,60,60,60,60,60,60,60,60,60],"card_choices":[{"not_picked":["Bane","Underhanded Strike","Heel Hook"],"picked":"SKIP","floor":1},{"not_picked":["Eviscerate","All Out Attack"],"picked":"Cloak And Dagger","floor":8},{"not_picked":["Riddle With Holes","Expertise"],"picked":"Backflip","floor":10},{"not_picked":["Dodge and Roll","Dagger Spray"],"picked":"Blade Dance","floor":12},{"not_picked":["Catalyst","Underhanded Strike"],"picked":"Cloak And Dagger","floor":14},{"not_picked":["Malaise","Tools of the Trade"],"picked":"Die Die Die","floor":16},{"not_picked":["Backflip","Noxious Fumes"],"picked":"PiercingWail","floor":18},{"not_picked":["Underhanded Strike","Deadly Poison+1"],"picked":"Blade Dance","floor":19},{"not_picked":["Flechettes","Prepared"],"picked":"Backflip","floor":20}],"player_experience":1345753,"relics_obtained":[{"floor":9,"key":"Pen Nib"}],"event_choices":[{"damage_healed":0,"gold_gain":0,"player_choice":"Lose Max HP","damage_taken":0,"relics_obtained":["Golden Idol"],"max_hp_gain":0,"max_hp_loss":6,"event_name":"Golden Idol","floor":2,"gold_loss":0},{"damage_healed":0,"gold_gain":0,"player_choice":"Success","damage_taken":18,"relics_obtained":["Gremlin Horn"],"max_hp_gain":0,"max_hp_loss":0,"event_name":"Scrap Ooze","floor":3,"gold_loss":0},{"damage_healed":0,"gold_gain":0,"player_choice":"Grow","damage_taken":0,"max_hp_gain":0,"max_hp_loss":0,"event_name":"Living Wall","floor":4,"gold_loss":0,"cards_upgraded":["Neutralize"]},{"damage_healed":0,"gold_gain":0,"player_choice":"Rummage","damage_taken":0,"relics_obtained":["WarpedTongs"],"max_hp_gain":0,"max_hp_loss":0,"event_name":"Accursed Blacksmith","floor":7,"gold_loss":0,"cards_obtained":["Pain"]}],"is_beta":false,"boss_relics":[{"not_picked":["Velvet Choker","Black Star"],"picked":"Philosopher\u0027s Stone"}],"items_purged_floors":[],"is_endless":false,"potions_floor_spawned":[10,12,14,19,20],"killed_by":"3 Cultists","ascension_level":20}}