{"host":"h8l1uc7c2i19r904","time":1608778008,"event":{"mods":["AchievementEnabler","BaseMod","Colored Map","Colored Powertips","Downfall","Minty Spire (QoL Compilation)","Quick Restart","Replay The Spire","StSLib","SuperFastMode"],"gold_per_floor":[109,109,122,200,218,72,172,190,190,221,221,252,270,270,270,270,270],"floor_reached":16,"playtime":506,"items_purged":[],"score":110,"play_id":"54a0e216-8158-44d2-9059-0f58606a3cba","local_time":"20201223184648","is_ascension_mode":false,"campfire_choices":[{"floor":15,"key":"RECALL"}],"circlet_count":0,"master_deck":["Strike_P","Strike_P","Strike_P","Strike_P","Defend_P","Defend_P","Defend_P","Defend_P","Eruption+1","Vigilance","Replay:Anticipation","ReachHeaven","Indignation+1","Replay:Battleflow","Prostrate","Wallop"],"relics":["PureWater","NeowsBlessing","Bag of Marbles","Pear","ReplayFunnel"],"acts_visited":["Exordium"],"potions_floor_usage":[10,16,16,16],"damage_taken":[{"damage":0,"enemies":"Small Slimes","floor":1,"turns":1},{"damage":0,"enemies":"2 Louse","floor":3,"turns":1},{"damage":0,"enemies":"Cultist","floor":5,"turns":1},{"damage":0,"enemies":"Large Slime","floor":8,"turns":2},{"damage":34,"enemies":"3 Sentries","floor":10,"turns":11},{"damage":32,"enemies":"Gremlin Nob","floor":12,"turns":3},{"damage":8,"enemies":"Gremlin Gang","floor":13,"turns":3},{"damage":10,"enemies":"The Guardian","floor":16,"turns":4}],"seed_played":"-276085744136503226","potions_obtained":[{"floor":3,"key":"SkillPotion"},{"floor":10,"key":"Dexterity Potion"},{"floor":12,"key":"BlessingOfTheForge"},{"floor":13,"key":"sneckomod:MuddlingPotion"}],"is_trial":false,"path_per_floor":["M","?","M","?","M","$","?","M","T","E","?","E","M","?","R","B"],"character_chosen":"WATCHER","items_purchased":["Bag of Marbles"],"campfire_rested":0,"item_purchase_floors":[6],"current_hp_per_floor":[72,72,72,72,72,72,72,72,72,48,48,16,8,8,8,0,0],"gold":270,"neow_bonus":"THREE_ENEMY_KILL","is_daily":false,"chose_seed":false,"campfire_upgraded":0,"win_rate":0.0,"timestamp":1608778008,"path_taken":["M","?","M","?","M","$","?","?","T","E","?","E","?","?","R","BOSS"],"items_purchased_type":["Relic"],"build_version":"2020-12-22","purchased_purges":0,"victory":false,"max_hp_per_floor":[72,72,72,72,72,72,72,72,72,82,82,82,82,82,82,82,82],"card_choices":[{"not_picked":["Evaluate","EmptyBody"],"picked":"Replay:Anticipation","floor":1},{"not_picked":["Replay:AtTheReady","Evaluate"],"picked":"ReachHeaven","floor":3},{"not_picked":["JustLucky","Tantrum"],"picked":"Indignation","floor":5},{"not_picked":["JustLucky","Replay:BluntJabs"],"picked":"Replay:Battleflow","floor":8},{"not_picked":["Consecrate","ClearTheMind"],"picked":"Prostrate","floor":10},{"not_picked":["EmptyBody","WreathOfFlame"],"picked":"Wallop","floor":12},{"not_picked":["EmptyFist","SashWhip","Protect"],"picked":"SKIP","floor":13}],"player_experience":132660,"relics_obtained":[{"floor":10,"key":"Pear"},{"floor":12,"key":"ReplayFunnel"}],"event_choices":[{"damage_healed":0,"gold_gain":0,"player_choice":"Grow","damage_taken":0,"max_hp_gain":0,"max_hp_loss":0,"event_name":"Living Wall","floor":2,"gold_loss":0,"cards_upgraded":["Eruption"]},{"damage_healed":0,"gold_gain":78,"player_choice":"Gained Gold","damage_taken":0,"max_hp_gain":0,"max_hp_loss":0,"event_name":"Golden Wing","floor":4,"gold_loss":0},{"damage_healed":0,"gold_gain":100,"player_choice":"Pray","damage_taken":0,"max_hp_gain":0,"max_hp_loss":0,"event_name":"Golden Shrine","floor":7,"gold_loss":0},{"damage_healed":0,"gold_gain":0,"player_choice":"Ignored","damage_taken":0,"max_hp_gain":0,"max_hp_loss":0,"event_name":"NoteForYourself","floor":11,"gold_loss":0}],"is_beta":false,"boss_relics":[],"items_purged_floors":[],"is_endless":false,"potions_floor_spawned":[3,10,12,13],"killed_by":"The Guardian","ascension_level":0}}