{"host":"zh06ha8197vgjo02","time":1608790888,"event":{"mods":["AchievementEnabler","Arknights The Spire","BaseMod","Better Skull","CapriCore","DeckTracker","GifTheSpireLib","Hermit","Koishi","Marisa£¨Ùöéë¡¡Øª×âÞÞ£©","Minty Spire (QoL Compilation)","Reimu£¨ÚÏ???£©","StSLib","SuperFastMode","Td1madao Mod","The Cursed","The Immortal","TheBandit","WarShipGirlsR/??á´Ò³R mod"],"gold_per_floor":[112,112,122,197,157,157,172,185,185,185,210,220,139,151,151,248,248,264,276,197,247,265,265,279,279,279],"floor_reached":25,"playtime":1980,"items_purged":[],"score":205,"play_id":"84e64a65-2729-4b65-b6bf-620869afee46","local_time":"20201224152128","is_ascension_mode":false,"campfire_choices":[{"data":"wariomod:RacingSpeed","floor":6.0,"key":"SMITH"},{"floor":15.0,"key":"REST"},{"floor":23,"key":"REST"}],"circlet_count":0,"master_deck":["wariomod:Strike","wariomod:Strike","wariomod:Strike","wariomod:Strike","wariomod:Defend","wariomod:Defend","wariomod:Defend","wariomod:Defend","wariomod:Step","wariomod:Leap","wariomod:Smackflip","wariomod:RacingSpeed+1","wariomod:BigUpgrade","wariomod:PoisonBombs","Regret","wariomod:Purify","wariomod:TreasureDig","wariomod:DiceyMove","wariomod:BoomAndDoom","wariomod:Boomsmack+1","wariomod:WhirlwindBurst","wariomod:RacingSpeed","wariomod:Hopshield+1","wariomod:DiceyMove"],"relics":["wariomod:TheHat","Blood Vial","PaintedHorse:ReiMu","White Beast Statue","Mummified Hand","Peace Pipe","Black Star"],"acts_visited":["Exordium","TheCity"],"potions_floor_usage":[22,24,24,24,25],"damage_taken":[{"damage":1.0,"enemies":"2 Louse","floor":1.0,"turns":2.0},{"damage":10.0,"enemies":"Cultist","floor":3.0,"turns":4.0},{"damage":11.0,"enemies":"Jaw Worm","floor":7.0,"turns":3.0},{"damage":12.0,"enemies":"2 Fungi Beasts","floor":8.0,"turns":3.0},{"damage":21.0,"enemies":"Gremlin Nob","floor":11.0,"turns":4.0},{"damage":14.0,"enemies":"3 Louse","floor":12.0,"turns":3.0},{"damage":11.0,"enemies":"Large Slime","floor":14.0,"turns":7.0},{"damage":34.0,"enemies":"The Guardian","floor":16.0,"turns":12.0},{"damage":14.0,"enemies":"3 Byrds","floor":18.0,"turns":4.0},{"damage":10.0,"enemies":"Shell Parasite","floor":19.0,"turns":4.0},{"damage":41,"enemies":"Shelled Parasite and Fungi","floor":22,"turns":4},{"damage":5,"enemies":"Sentry and Sphere","floor":24,"turns":3},{"damage":45,"enemies":"Cultist and Chosen","floor":25,"turns":4}],"seed_played":"7615066343113034782","potions_obtained":[{"floor":8.0,"key":"Ancient Potion"},{"floor":11.0,"key":"Regen Potion"},{"floor":12.0,"key":"Fire Potion"},{"floor":14.0,"key":"Explosive Potion"},{"floor":16.0,"key":"EssenceOfSteel"},{"floor":18.0,"key":"Energy Potion"},{"floor":19.0,"key":"Explosive Potion"},{"floor":22,"key":"Fire Potion"},{"floor":24,"key":"BlessingOfTheForge"}],"is_trial":false,"path_per_floor":["M","?","M","?","?","R","M","M","T","?","E","M","$","M","R","B",null,"M","M","$","?","M","R","M","M"],"character_chosen":"THE_BANDIT","items_purchased":["wariomod:TreasureDig","wariomod:RacingSpeed"],"campfire_rested":2,"item_purchase_floors":[13,20],"current_hp_per_floor":[79,79,70,59,59,59,50,40,40,40,21,18,18,9,33,1,80,66,58,58,58,19,43,40,0,0],"gold":279,"neow_bonus":"RANDOM_COMMON_RELIC","is_daily":false,"chose_seed":false,"campfire_upgraded":1,"win_rate":0.0,"timestamp":1608790888,"path_taken":["M","?","?","?","?","R","M","M","T","?","E","M","$","M","R","BOSS","M","M","$","?","M","R","?","M"],"items_purchased_type":["Card","Card"],"build_version":"2020-12-22","purchased_purges":0,"victory":false,"max_hp_per_floor":[80,80,80,80,80,80,80,80,80,80,80,80,80,80,80,80,80,80,80,80,80,80,80,80,80,80],"card_choices":[{"not_picked":["wariomod:DisarmingMoves","wariomod:ChargeForth"],"picked":"wariomod:Smackflip","floor":1.0},{"not_picked":["wariomod:SimpleShield","wariomod:DoubleDash"],"picked":"wariomod:RacingSpeed","floor":3.0},{"not_picked":["wariomod:HappyHit","wariomod:DamnedStrength"],"picked":"wariomod:BigUpgrade","floor":7.0},{"not_picked":["wariomod:DropBash","wariomod:DanceDash"],"picked":"wariomod:PoisonBombs","floor":8.0},{"not_picked":["wariomod:ChargeForth","wariomod:HastyRush","wariomod:SimpleShield"],"picked":"SKIP","floor":11.0},{"not_picked":["wariomod:Boomsmack","wariomod:DisarmingMoves"],"picked":"wariomod:Purify","floor":12.0},{"not_picked":["wariomod:TreasureDig","wariomod:PayItForwards"],"picked":"wariomod:DiceyMove","floor":14.0},{"not_picked":["wariomod:WipeClean","wariomod:EnergizedBombs"],"picked":"wariomod:BoomAndDoom","floor":16.0},{"not_picked":["wariomod:BodyBlock","wariomod:Smackflip+1"],"picked":"wariomod:Boomsmack+1","floor":18.0},{"not_picked":["wariomod:Game+1","wariomod:BodyBlock"],"picked":"wariomod:WhirlwindBurst","floor":19.0},{"not_picked":["wariomod:DisarmingMoves+1","wariomod:HappyHop"],"picked":"wariomod:Hopshield+1","floor":22},{"not_picked":["wariomod:EndlessBlast+1","wariomod:Smackflip+1"],"picked":"wariomod:DiceyMove","floor":24}],"player_experience":735697,"relics_obtained":[{"floor":9.0,"key":"White Beast Statue"},{"floor":11.0,"key":"Peace Pipe"}],"event_choices":[{"damage_healed":0.0,"max_hp_gain":0.0,"max_hp_loss":0.0,"gold_gain":0.0,"event_name":"NoteForYourself","player_choice":"Ignored","floor":2.0,"gold_loss":0.0,"damage_taken":0.0},{"damage_healed":0.0,"max_hp_gain":0.0,"max_hp_loss":0.0,"gold_gain":75.0,"event_name":"World of Goop","player_choice":"Gather Gold","floor":4.0,"gold_loss":0.0,"damage_taken":11.0},{"damage_healed":0.0,"max_hp_gain":0.0,"max_hp_loss":0.0,"gold_gain":0.0,"event_name":"yidonshenshe","player_choice":"Donate","floor":5.0,"gold_loss":40.0,"damage_taken":0.0,"relics_obtained":["PaintedHorse:ReiMu"]},{"damage_healed":0.0,"max_hp_gain":0.0,"max_hp_loss":0.0,"gold_gain":0.0,"event_name":"Big Fish","player_choice":"Box","floor":10.0,"gold_loss":0.0,"damage_taken":0.0,"relics_obtained":["Mummified Hand"],"cards_obtained":["Regret"]},{"damage_healed":0,"gold_gain":100,"player_choice":"Bet on Murderer","damage_taken":0,"max_hp_gain":0,"max_hp_loss":0,"event_name":"The Joust","floor":21,"gold_loss":50}],"is_beta":false,"boss_relics":[{"not_picked":["Ectoplasm","Coffee Dripper"],"picked":"Black Star"}],"items_purged_floors":[],"is_endless":false,"potions_floor_spawned":[8,11,12,14,16,18,19,22,24],"killed_by":"Cultist and Chosen","ascension_level":0}}