{"host":"mvlqq966zh3ccmv5","time":1608833852,"event":{"mods":["AchievementEnabler","BaseMod","DeckTracker","Minty Spire (QoL Compilation)","SuperFastMode"],"gold_per_floor":[116,66,66,66,66,100,114,126,126,126,139,139,153,169,169,267,267,267,267],"floor_reached":18,"playtime":216,"items_purged":[],"score":187,"play_id":"165e9ee2-9d68-40e3-a410-ef14e54f5c61","local_time":"20201225031732","is_ascension_mode":false,"campfire_choices":[{"data":"Neutralize","floor":10,"key":"SMITH"},{"data":"Blade Dance","floor":12,"key":"SMITH"},{"data":"Envenom","floor":15,"key":"SMITH"}],"circlet_count":0,"master_deck":["Strike_G","Strike_G","Strike_G","Strike_G","Defend_G","Defend_G","Defend_G","Defend_G+1","Defend_G+1","Survivor","Neutralize+1","Underhanded Strike","Flying Knee","Choke","Backstab","Blade Dance+1","Predator","Envenom+1","A Thousand Cuts"],"relics":["Ring of the Snake","NeowsBlessing","Meat on the Bone","HornCleat","Boot","Black Star"],"acts_visited":["Exordium","TheCity"],"potions_floor_usage":[16],"damage_taken":[{"damage":0,"enemies":"2 Louse","floor":1,"turns":1},{"damage":0,"enemies":"Lagavulin","floor":6,"turns":1},{"damage":0,"enemies":"Jaw Worm","floor":7,"turns":1},{"damage":0,"enemies":"Cultist","floor":8,"turns":3},{"damage":4,"enemies":"Blue Slaver","floor":11,"turns":3},{"damage":0,"enemies":"2 Fungi Beasts","floor":13,"turns":2},{"damage":0,"enemies":"Looter","floor":14,"turns":2},{"damage":8,"enemies":"Slime Boss","floor":16,"turns":8},{"damage":14,"enemies":"Spheric Guardian","floor":18,"turns":4}],"seed_played":"-2073877386463098977","potions_obtained":[{"floor":1,"key":"ColorlessPotion"},{"floor":11,"key":"Weak Potion"},{"floor":13,"key":"Dexterity Potion"},{"floor":14,"key":"Energy Potion"}],"is_trial":false,"path_per_floor":["M","$","?","?","?","E","M","M","T","R","M","R","M","M","R","B",null,"M"],"character_chosen":"THE_SILENT","items_purchased":["Underhanded Strike"],"campfire_rested":0,"item_purchase_floors":[2],"current_hp_per_floor":[70,70,63,49,37,37,37,37,37,37,45,45,45,45,45,37,70,56,56],"gold":267,"neow_bonus":"THREE_ENEMY_KILL","is_daily":false,"chose_seed":false,"campfire_upgraded":3,"win_rate":0.0,"timestamp":1608833852,"path_taken":["M","$","?","?","?","E","M","M","T","R","M","R","M","M","R","BOSS","M"],"items_purchased_type":["Card"],"build_version":"2020-12-22","purchased_purges":0,"victory":false,"max_hp_per_floor":[70,70,70,70,70,70,70,70,70,70,70,70,70,70,70,70,70,70,70],"card_choices":[{"not_picked":["Endless Agony","Bouncing Flask","Concentrate"],"picked":"SKIP","floor":1},{"not_picked":["Deflect","Riddle With Holes"],"picked":"Flying Knee","floor":6},{"not_picked":["Bouncing Flask","Poisoned Stab"],"picked":"Choke","floor":7},{"not_picked":["Riddle With Holes","Outmaneuver"],"picked":"Backstab","floor":8},{"not_picked":["Deadly Poison","Prepared"],"picked":"Blade Dance","floor":11},{"not_picked":["Deflect","Flying Knee"],"picked":"Predator","floor":13},{"not_picked":["PiercingWail","Poisoned Stab"],"picked":"Envenom","floor":14},{"not_picked":["Die Die Die","Glass Knife"],"picked":"A Thousand Cuts","floor":16}],"player_experience":225198,"relics_obtained":[{"floor":6,"key":"HornCleat"},{"floor":9,"key":"Boot"}],"event_choices":[{"cards_removed":["Strike_G"],"damage_healed":0,"gold_gain":0,"player_choice":"Card Removal","damage_taken":7,"max_hp_gain":0,"max_hp_loss":0,"event_name":"Golden Wing","floor":3,"gold_loss":0},{"damage_healed":0,"gold_gain":0,"player_choice":"Entered Light","damage_taken":14,"max_hp_gain":0,"max_hp_loss":0,"event_name":"Shining Light","floor":4,"gold_loss":0,"cards_upgraded":["Defend_G","Defend_G"]},{"damage_healed":0,"gold_gain":0,"player_choice":"Success","damage_taken":12,"relics_obtained":["Meat on the Bone"],"max_hp_gain":0,"max_hp_loss":0,"event_name":"Scrap Ooze","floor":5,"gold_loss":0}],"is_beta":false,"boss_relics":[{"not_picked":["Ectoplasm","Velvet Choker"],"picked":"Black Star"}],"items_purged_floors":[],"is_endless":false,"potions_floor_spawned":[1,11,13,14],"killed_by":"Spheric Guardian","ascension_level":0}}