{"host":"zr590xw2unlz0wv7","time":1608824996,"event":{"mods":["BaseMod","Minty Spire (QoL Compilation)","READ ME - Guardian Mod","StSLib"],"gold_per_floor":[110,110,110,110,110,110,122,147,147,147,147,167,197,211,211,311,311,324,324,339,185,185,185,198,198,198],"floor_reached":25,"playtime":809,"items_purged":[],"score":293,"play_id":"d7ba9114-d8f0-4203-be07-7bb1885afa89","local_time":"20201224234956","is_ascension_mode":true,"campfire_choices":[{"floor":6,"key":"REST"},{"floor":11,"key":"RECALL"},{"floor":15,"key":"REST"},{"floor":23,"key":"REST"}],"circlet_count":0,"master_deck":["Strike_B","Strike_B+1","Defend_B","Defend_B","Defend_B","Defend_B","Zap+1","Dualcast+1","Ball Lightning","Fusion+1","Hologram+1","Defragment","Fusion+1","Thunder Strike","Tempest+1","Skim+1","Capacitor","Auto Shields+1","Fission+1","Ball Lightning"],"relics":["Cracked Core","NeowsBlessing","Regal Pillow","Omamori","Toxic Egg 2","Dream Catcher","Empty Cage","Sundial"],"acts_visited":["Exordium","TheCity"],"potions_floor_usage":[13,20],"damage_taken":[{"damage":0,"enemies":"Small Slimes","floor":1,"turns":1},{"damage":0,"enemies":"2 Louse","floor":7,"turns":1},{"damage":0,"enemies":"Lagavulin","floor":8,"turns":1},{"damage":7,"enemies":"Jaw Worm","floor":12,"turns":2},{"damage":21,"enemies":"Gremlin Nob","floor":13,"turns":4},{"damage":0,"enemies":"2 Fungi Beasts","floor":14,"turns":2},{"damage":45,"enemies":"The Guardian","floor":16,"turns":11},{"damage":43,"enemies":"Chosen","floor":18,"turns":7},{"damage":20,"enemies":"3 Byrds","floor":20,"turns":3},{"damage":22,"enemies":"Snecko","floor":24,"turns":4},{"damage":53,"enemies":"Slavers","floor":25,"turns":3}],"seed_played":"8003861264257072217","potions_obtained":[{"floor":8,"key":"DistilledChaos"},{"floor":13,"key":"FairyPotion"},{"floor":18,"key":"FocusPotion"}],"is_trial":false,"path_per_floor":["M","?","?","?","?","R","M","E","T","?","R","M","E","M","R","B",null,"M","?","M","$","?","R","M","E"],"character_chosen":"DEFECT","items_purchased":["Capacitor","Auto Shields+1"],"campfire_rested":3,"item_purchase_floors":[21,21],"current_hp_per_floor":[75,75,60,35,35,72,72,72,72,72,72,65,44,44,75,30,64,21,21,1,1,1,38,16,0,0],"gold":198,"neow_bonus":"THREE_ENEMY_KILL","is_daily":false,"chose_seed":false,"campfire_upgraded":0,"win_rate":0.0,"timestamp":1608824996,"path_taken":["M","?","?","?","?","R","?","E","T","?","R","?","E","M","R","BOSS","M","?","M","$","?","R","M","E"],"items_purchased_type":["Card","Card"],"build_version":"2020-12-22","purchased_purges":0,"victory":false,"max_hp_per_floor":[75,75,75,75,75,75,75,75,75,75,75,75,75,75,75,75,75,75,75,75,75,75,75,75,75,75],"card_choices":[{"not_picked":["Beam Cell","Redo","Barrage"],"picked":"SKIP","floor":1},{"not_picked":["Turbo","Steam"],"picked":"Ball Lightning","floor":7},{"not_picked":["Leap+1","Static Discharge","Coolheaded+1"],"picked":"SKIP","floor":8},{"not_picked":["Reprogram+1","Leap+1"],"picked":"Fusion+1","floor":12},{"not_picked":["Doom and Gloom","Steam Power+1"],"picked":"Hologram+1","floor":13},{"not_picked":["Sunder","Rebound"],"picked":"Defragment","floor":14},{"not_picked":["Tempest+1","Leap+1"],"picked":"Fusion+1","floor":15},{"not_picked":["Core Surge","Biased Cognition"],"picked":"Thunder Strike","floor":16},{"not_picked":["Leap+1","Compile Driver"],"picked":"Tempest+1","floor":18},{"not_picked":["Steam Power+1","Steam+1"],"picked":"Skim+1","floor":20},{"not_picked":["Beam Cell","Reinforced Body+1"],"picked":"Fission+1","floor":23},{"not_picked":["Leap+1","Beam Cell"],"picked":"Ball Lightning","floor":24}],"player_experience":518219,"relics_obtained":[{"floor":8,"key":"Toxic Egg 2"},{"floor":13,"key":"Dream Catcher"}],"event_choices":[{"damage_healed":0,"gold_gain":0,"player_choice":"Box","damage_taken":0,"relics_obtained":["Regal Pillow"],"max_hp_gain":0,"max_hp_loss":0,"event_name":"Big Fish","floor":2,"gold_loss":0,"cards_obtained":["Regret"]},{"damage_healed":0,"gold_gain":0,"player_choice":"Entered Light","damage_taken":15,"max_hp_gain":0,"max_hp_loss":0,"event_name":"Shining Light","floor":3,"gold_loss":0,"cards_upgraded":["Dualcast","Strike_B"]},{"damage_healed":0,"gold_gain":0,"player_choice":"Success","damage_taken":25,"relics_obtained":["Omamori"],"max_hp_gain":0,"max_hp_loss":0,"event_name":"Scrap Ooze","floor":4,"gold_loss":0},{"cards_removed":["Regret"],"damage_healed":0,"gold_gain":0,"player_choice":"Forget","damage_taken":0,"max_hp_gain":0,"max_hp_loss":0,"event_name":"Living Wall","floor":5,"gold_loss":0},{"damage_healed":0,"gold_gain":0,"player_choice":"Forge","damage_taken":0,"max_hp_gain":0,"max_hp_loss":0,"event_name":"Accursed Blacksmith","floor":10,"gold_loss":0,"cards_upgraded":["Zap"]},{"damage_healed":0,"gold_gain":0,"player_choice":"Opened","damage_taken":0,"relics_obtained":["Sundial"],"max_hp_gain":0,"max_hp_loss":0,"event_name":"The Mausoleum","floor":19,"gold_loss":0},{"damage_healed":0,"gold_gain":0,"player_choice":"Ignored","damage_taken":0,"max_hp_gain":0,"max_hp_loss":0,"event_name":"Cursed Tome","floor":22,"gold_loss":0}],"is_beta":false,"boss_relics":[{"not_picked":["Snecko Eye","Fusion Hammer"],"picked":"Empty Cage"}],"items_purged_floors":[],"is_endless":false,"potions_floor_spawned":[8,13,18],"killed_by":"Slavers","ascension_level":5}}