{"host":"b0ld7eylq5gzg1l4","time":1608796480,"event":{"mods":["2.2 Compatiblity","BaseMod","Downfall","Hermit","Key Reminder","Minty Spire (QoL Compilation)","Permanent Neow","Shade Mod","StSLib","The Accelerator","The Clintock","The Construct","The Cursed","The Disciple","The Runesmith"],"gold_per_floor":[99,117,133,133,133,8,8,27,38,64,74,88,263,276,288,288,288,288],"floor_reached":16,"playtime":718,"items_purged":[],"score":133,"play_id":"de419f44-c265-489f-9ab2-6924b9843510","local_time":"20201224025440","is_ascension_mode":true,"campfire_choices":[{"floor":1,"key":"RECALL"},{"data":"Slimebound:SplitLeeching","floor":6,"key":"SMITH"}],"circlet_count":0,"master_deck":["Slimebound:Strike_Slimebound","Slimebound:Strike_Slimebound","Slimebound:Strike_Slimebound","Slimebound:Tackle","Slimebound:Defend_Slimebound","Slimebound:Defend_Slimebound","Slimebound:Defend_Slimebound","Slimebound:Defend_Slimebound","Slimebound:Split","Slimebound:CorrosiveSpit","Slimebound:SplitLeeching+1","Slimebound:SplitLeeching","Slimebound:ProtectTheBoss","Slimebound:SamplingLick","Slimebound:SlimeBarrage","Doubt","Slimebound:LivingWall","Slimebound:HauntingLick"],"relics":["Runic Pyramid","keyreminder:keyreminder","Bag of Marbles","Slimebound:GreedOozeRelic","downfall:HeartBlessingRed","construct:BoolHorns","Strawberry"],"acts_visited":["Exordium"],"potions_floor_usage":[10,16,16,16],"damage_taken":[{"damage":7,"enemies":"Small Slimes","floor":2,"turns":3},{"damage":10,"enemies":"Jaw Worm","floor":3,"turns":3},{"damage":4,"enemies":"2 Louse","floor":8,"turns":2},{"damage":14,"enemies":"3 Louse","floor":9,"turns":3},{"damage":17,"enemies":"Lagavulin","floor":10,"turns":6},{"damage":8,"enemies":"Large Slime","floor":11,"turns":3},{"damage":11,"enemies":"Exordium Wildlife","floor":12,"turns":4},{"damage":8,"enemies":"3 Louse","floor":14,"turns":2},{"damage":10,"enemies":"2 Fungi Beasts","floor":15,"turns":3},{"damage":49,"enemies":"downfall:Defect","floor":16,"turns":9}],"seed_played":"767651153585064444","potions_obtained":[{"floor":2,"key":"Regen Potion"},{"floor":9,"key":"sneckomod:MuddlingPotion"},{"floor":11,"key":"Swift Potion"},{"floor":12,"key":"Block Potion"},{"floor":15,"key":"Weak Potion"}],"is_trial":false,"path_per_floor":["R","M","M","?","?","R","T","M","M","E","M","M","?","M","M","B"],"character_chosen":"SLIMEBOUND","items_purchased":[],"campfire_rested":0,"item_purchase_floors":[],"current_hp_per_floor":[60,57,55,37,37,37,37,37,31,48,48,45,45,45,43,0,0,0],"gold":288,"neow_bonus":"BOSS_RELIC","is_daily":false,"chose_seed":false,"campfire_upgraded":1,"win_rate":0.0,"timestamp":1608796480,"path_taken":["R","M","M","?","?","R","T","M","M","E","M","M","?","?","M","BOSS"],"items_purchased_type":[],"build_version":"2020-12-22","purchased_purges":0,"victory":false,"max_hp_per_floor":[60,60,60,60,60,60,60,60,60,67,67,67,67,67,67,67,67,67],"card_choices":[{"not_picked":["Slimebound:RainOfGoop","Slimebound:FinishingTackle"],"picked":"Slimebound:SplitLeeching","floor":2},{"not_picked":["Slimebound:FinishingTackle","Slimebound:LeechingTouch"],"picked":"Slimebound:SplitLeeching","floor":3},{"not_picked":["Slimebound:ComboTackle","Slimebound:Chomp"],"picked":"Slimebound:ProtectTheBoss","floor":8},{"not_picked":["Slimebound:RainOfGoop","Slimebound:LeechingTouch"],"picked":"Slimebound:SamplingLick","floor":9},{"not_picked":["Slimebound:FinishingTackle","Slimebound:GrowthPunch"],"picked":"Slimebound:SlimeBarrage","floor":10},{"not_picked":["Slimebound:FinishingTackle","Slimebound:LeechEnergy","Slimebound:RollThrough"],"picked":"SKIP","floor":11},{"not_picked":["Slimebound:SplitBruiser","Slimebound:LeechEnergy","Slimebound:ItLooksTasty"],"picked":"SKIP","floor":12},{"not_picked":["Slimebound:SplitMire","Slimebound:SlimeSpikes"],"picked":"Slimebound:LivingWall","floor":14},{"not_picked":["Slimebound:SamplingLick","Slimebound:GrowthPunch"],"picked":"Slimebound:HauntingLick","floor":15}],"player_experience":743264,"relics_obtained":[{"floor":7,"key":"construct:BoolHorns"},{"floor":10,"key":"Strawberry"}],"event_choices":[{"damage_healed":0,"gold_gain":0,"player_choice":"Success","damage_taken":18,"relics_obtained":["Bag of Marbles"],"max_hp_gain":0,"max_hp_loss":0,"event_name":"Scrap Ooze","floor":4,"gold_loss":0}],"is_beta":false,"boss_relics":[],"items_purged_floors":[],"is_endless":false,"potions_floor_spawned":[2,9,11,12,15],"killed_by":"downfall:Defect","ascension_level":5}}