{"host":"msmkw03x1o7nq45i","time":1608846219,"event":{"mods":["BaseMod","Bestiary","Colored Powertips","GifTheSpireLib","Highlight Path","Minty Spire (QoL Compilation)","Random Character Button","StSLib","everything is the same but u backflip on backflip"],"gold_per_floor":[110,110,110,123,2,2,42,42,68,87,105,105,138,153,153,242,242,262,285,29,29,48,48,81,106,155,3,3,36,36,57,57,148,148,164,188,1,16,34,52,52,52,52,86,86,107,143,209,209,209,209,209,18,18,18],"floor_reached":54,"playtime":4830,"items_purged":["Strike_R","Strike_R","Strike_R"],"score":1312,"play_id":"61f73e53-fc95-4282-b687-675f057698a5","local_time":"20201224234339","is_ascension_mode":true,"campfire_choices":[{"data":"Armaments","floor":6,"key":"SMITH"},{"data":"True Grit","floor":8,"key":"SMITH"},{"data":"Second Wind","floor":12,"key":"SMITH"},{"data":"Feel No Pain","floor":15,"key":"SMITH"},{"floor":23,"key":"REST"},{"floor":28,"key":"REST"},{"floor":30,"key":"REST"},{"floor":32,"key":"RECALL"},{"floor":41,"key":"REST"},{"floor":45,"key":"REST"},{"floor":49,"key":"REST"},{"data":"Strike_R","floor":52,"key":"PURGE"}],"circlet_count":0,"master_deck":["AscendersBane","Strike_R","Defend_R","Defend_R","Defend_R","Defend_R","Bash+1","Feel No Pain+1","Spot Weakness","Armaments+1","True Grit+1","Battle Trance","Second Wind+1","Spot Weakness","Impervious","Power Through","Twin Strike","Evolve","Feel No Pain","Intimidate+1","Fiend Fire","Burning Pact","Cleave+1","Twin Strike","Bludgeon","Immolate+1","Heavy Blade+1","Dropkick","Juggernaut","Flame Barrier+1","Dark Shackles"],"relics":["Burning Blood","NeowsBlessing","Golden Idol","Gambling Chip","Centennial Puzzle","Bottled Lightning","Fusion Hammer","Mango","Regal Pillow","Smiling Mask","Snecko Eye","Peace Pipe","Blood Vial","Du-Vu Doll"],"acts_visited":["Exordium","TheCity","TheBeyond","TheEnding"],"potions_floor_usage":[16,16,24,29,44,47,48,53],"damage_taken":[{"damage":0,"enemies":"Jaw Worm","floor":1,"turns":1},{"damage":0,"enemies":"Small Slimes","floor":4,"turns":1},{"damage":0,"enemies":"Lagavulin","floor":7,"turns":1},{"damage":1,"enemies":"Cultist","floor":10,"turns":4},{"damage":9,"enemies":"Exordium Thugs","floor":11,"turns":4},{"damage":26,"enemies":"Gremlin Nob","floor":13,"turns":5},{"damage":0,"enemies":"Large Slime","floor":14,"turns":7},{"damage":52,"enemies":"Slime Boss","floor":16,"turns":16},{"damage":22,"enemies":"3 Byrds","floor":18,"turns":7},{"damage":6,"enemies":"Chosen","floor":19,"turns":7},{"damage":0,"enemies":"Centurion and Healer","floor":22,"turns":6},{"damage":29,"enemies":"Book of Stabbing","floor":24,"turns":6},{"damage":26,"enemies":"Shelled Parasite and Fungi","floor":25,"turns":7},{"damage":35,"enemies":"Slavers","floor":29,"turns":7},{"damage":5,"enemies":"Snecko","floor":31,"turns":7},{"damage":63,"enemies":"Automaton","floor":33,"turns":15},{"damage":0,"enemies":"Orb Walker","floor":35,"turns":3},{"damage":15,"enemies":"3 Darklings","floor":36,"turns":6},{"damage":21,"enemies":"Transient","floor":38,"turns":5},{"damage":6,"enemies":"Maw","floor":39,"turns":9},{"damage":8,"enemies":"Sphere and 2 Shapes","floor":40,"turns":3},{"damage":86,"enemies":"Reptomancer","floor":44,"turns":7},{"damage":1,"enemies":"4 Shapes","floor":46,"turns":6},{"damage":26,"enemies":"Giant Head","floor":47,"turns":9},{"damage":6,"enemies":"2 Orb Walkers","floor":48,"turns":4},{"damage":26,"enemies":"Donu and Deca","floor":50,"turns":6},{"damage":103,"enemies":"Shield and Spear","floor":54,"turns":6}],"seed_played":"6548678775115926809","potions_obtained":[{"floor":1,"key":"SteroidPotion"},{"floor":4,"key":"LiquidMemories"},{"floor":14,"key":"DuplicationPotion"},{"floor":19,"key":"FearPotion"},{"floor":25,"key":"Dexterity Potion"},{"floor":38,"key":"GamblersBrew"},{"floor":39,"key":"CultistPotion"},{"floor":46,"key":"Fruit Juice"},{"floor":47,"key":"LiquidBronze"},{"floor":48,"key":"BloodPotion"}],"is_trial":false,"path_per_floor":["M","?","?","M","$","R","E","R","T","M","M","R","E","M","R","B",null,"M","M","$","?","M","R","E","M","T","$","R","E","R","M","R","B",null,"M","M","$","M","M","M","R","?","T","E","R","M","E","?","R","B",null,"R","$","E"],"character_chosen":"IRONCLAD","items_purchased":["Armaments","Twin Strike","Evolve","LiquidMemories","Fiend Fire","Burning Pact","Immolate","Dark Shackles","CultistPotion"],"campfire_rested":6,"item_purchase_floors":[5,20,20,20,27,27,37,53,53],"current_hp_per_floor":[74,56,56,62,62,62,68,68,68,73,70,70,50,56,56,10,59,43,43,43,37,43,65,56,36,36,36,77,48,89,89,89,32,75,81,72,72,57,57,55,89,89,89,9,50,55,35,42,85,67,87,87,94,0,0],"gold":18,"neow_bonus":"THREE_ENEMY_KILL","is_daily":false,"chose_seed":false,"campfire_upgraded":4,"win_rate":0.0,"timestamp":1608846219,"path_taken":["M","?","?","M","$","R","E","R","T","M","M","R","E","M","R","BOSS","M","M","$","?","M","R","E","M","T","?","R","E","R","?","R","BOSS","M","M","$","M","M","M","R","?","T","E","R","?","E","?","R","BOSS","R","$","E"],"items_purchased_type":["Card","Card","Card","Potion","Card","Card","Card","Card","Potion"],"build_version":"2020-12-22","purchased_purges":3,"victory":false,"max_hp_per_floor":[75,75,75,75,75,75,75,75,75,75,75,75,75,75,75,75,75,75,75,75,75,75,75,89,89,89,89,89,89,89,89,89,89,89,89,89,89,89,89,89,89,89,89,89,89,89,89,94,94,94,94,94,94,94,94],"card_choices":[{"not_picked":["Infernal Blade","Rupture"],"picked":"Feel No Pain","floor":1},{"not_picked":["Anger","Thunderclap"],"picked":"Spot Weakness","floor":4},{"not_picked":["Dropkick","Perfected Strike"],"picked":"True Grit","floor":7},{"not_picked":["Thunderclap","Clothesline"],"picked":"Battle Trance","floor":10},{"not_picked":["Shrug It Off","Thunderclap"],"picked":"Second Wind","floor":11},{"not_picked":["Rage","Havoc","Flex"],"picked":"SKIP","floor":13},{"not_picked":["Fire Breathing","Perfected Strike"],"picked":"Spot Weakness","floor":14},{"not_picked":["Demon Form","Exhume"],"picked":"Impervious","floor":16},{"not_picked":["Ghostly Armor","Rage","Seeing Red"],"picked":"SKIP","floor":18},{"not_picked":["Dark Embrace","Flex"],"picked":"Power Through","floor":19},{"not_picked":["Headbutt","Flex","Clash"],"picked":"SKIP","floor":22},{"not_picked":["Flex","Clothesline"],"picked":"Feel No Pain","floor":24},{"not_picked":["Shrug It Off","Anger"],"picked":"Intimidate+1","floor":25},{"not_picked":["Flex","Thunderclap+1"],"picked":"Cleave+1","floor":29},{"not_picked":["Evolve","Perfected Strike+1"],"picked":"Twin Strike","floor":31},{"not_picked":["Brutality","Feed"],"picked":"Bludgeon","floor":33},{"not_picked":["Clash","Shrug It Off","Havoc+1"],"picked":"SKIP","floor":35},{"not_picked":["Iron Wave","Clash","Havoc+1"],"picked":"SKIP","floor":36},{"not_picked":["Iron Wave","Seeing Red+1","Perfected Strike+1"],"picked":"SKIP","floor":38},{"not_picked":["Wild Strike+1","Sentinel"],"picked":"Heavy Blade+1","floor":39},{"not_picked":["Clothesline+1","Cleave","Thunderclap"],"picked":"SKIP","floor":40},{"not_picked":["Cleave","Carnage"],"picked":"Dropkick","floor":44},{"not_picked":["Armaments","Heavy Blade","Searing Blow"],"picked":"SKIP","floor":46},{"not_picked":["Entrench","Shrug It Off+1"],"picked":"Juggernaut","floor":47},{"not_picked":["Clothesline","Wild Strike"],"picked":"Flame Barrier+1","floor":48}],"player_experience":313114,"relics_obtained":[{"floor":7,"key":"Gambling Chip"},{"floor":9,"key":"Centennial Puzzle"},{"floor":13,"key":"Bottled Lightning"},{"floor":24,"key":"Mango"},{"floor":26,"key":"Regal Pillow"},{"floor":29,"key":"Smiling Mask"},{"floor":44,"key":"Peace Pipe"},{"floor":47,"key":"Blood Vial"},{"floor":48,"key":"Du-Vu Doll"}],"event_choices":[{"damage_healed":0,"gold_gain":0,"player_choice":"Take Damage","damage_taken":18,"relics_obtained":["Golden Idol"],"max_hp_gain":0,"max_hp_loss":0,"event_name":"Golden Idol","floor":2,"gold_loss":0},{"damage_healed":0,"gold_gain":0,"player_choice":"Upgraded","damage_taken":0,"max_hp_gain":0,"max_hp_loss":0,"event_name":"Upgrade Shrine","floor":3,"gold_loss":0,"cards_upgraded":["Bash"]},{"damage_healed":0,"gold_gain":0,"player_choice":"","damage_taken":6,"max_hp_gain":0,"max_hp_loss":0,"event_name":"Knowing Skull","floor":21,"potions_obtained":[],"gold_loss":0,"cards_obtained":[]},{"damage_healed":0,"gold_gain":0,"player_choice":"Forge","damage_taken":0,"max_hp_gain":0,"max_hp_loss":0,"event_name":"Accursed Blacksmith","floor":42,"gold_loss":0,"cards_upgraded":["Immolate"]},{"damage_healed":0,"gold_gain":0,"player_choice":"Fight","damage_taken":0,"max_hp_gain":0,"max_hp_loss":0,"event_name":"Mysterious Sphere","floor":48,"gold_loss":0}],"is_beta":false,"boss_relics":[{"not_picked":["Cursed Key","SlaversCollar"],"picked":"Fusion Hammer"},{"not_picked":["Coffee Dripper","Sozu"],"picked":"Snecko Eye"}],"items_purged_floors":[5,20,37],"is_endless":false,"potions_floor_spawned":[1,4,14,19,22,25,38,39,40,46,47,48],"killed_by":"Shield and Spear","ascension_level":14}}