{"host":"q9718omregw4er46","time":1608825954,"event":{"mods":["BaseMod","Colored Powertips","Minty Spire (QoL Compilation)","Quick Restart","Relic Stats"],"gold_per_floor":[113,124,140,65,140,174,198,198,198,198,198,228,245,258,258,332,332,343,6,16,16,30,30,46,46,72,105,124,152,165,181,181,254,254,273,298,346,361,212,212,239,239,265,86,121,181,221,256,256,281,306,306,306,101,101,101],"floor_reached":55,"playtime":2478,"items_purged":["Defend_P","Strike_P","Defend_P"],"score":2233,"play_id":"1522a74d-d6eb-44d5-8d8d-fa2ecfd8d2cb","local_time":"20201224210554","is_ascension_mode":true,"campfire_choices":[{"data":"Wallop","floor":8.0,"key":"SMITH"},{"data":"Conclude","floor":10.0,"key":"SMITH"},{"floor":15.0,"key":"REST"},{"floor":23.0,"key":"REST"},{"data":"Meditate","floor":25.0,"key":"SMITH"},{"floor":32.0,"key":"REST"},{"data":"Meditate","floor":40.0,"key":"SMITH"},{"data":"1","floor":42.0,"key":"LIFT"},{"floor":49.0,"key":"RECALL"},{"data":"MentalFortress","floor":53.0,"key":"SMITH"}],"circlet_count":0,"master_deck":["AscendersBane","Strike_P+1","Strike_P+1","Defend_P","Defend_P+1","Eruption","Vigilance+1","FlurryOfBlows","Wallop+1","Conclude+1","DeceiveReality","Meditate+1","EmptyBody+1","DevaForm+1","Protect+1","WheelKick+1","WheelKick+1","Meditate+1","Wallop","Crescendo+1","LessonLearned","LikeWater","MentalFortress+1","Adaptation","Wish","TalkToTheHand","Worship+1","CrushJoints","MentalFortress"],"relics":["PureWater","Anchor","Vajra","Odd Mushroom","Letter Opener","Ancient Tea Set","Omamori","Cursed Key","Ice Cream","Oddly Smooth Stone","Bag of Marbles","Blood Vial","Snecko Eye","Thread and Needle","Turnip","Girya","Bronze Scales"],"acts_visited":["Exordium","TheCity","TheBeyond","TheEnding"],"potions_floor_usage":[55,55],"damage_taken":[{"damage":2.0,"enemies":"Jaw Worm","floor":1.0,"turns":7.0},{"damage":1.0,"enemies":"Small Slimes","floor":2.0,"turns":4.0},{"damage":1.0,"enemies":"2 Louse","floor":3.0,"turns":4.0},{"damage":20.0,"enemies":"3 Sentries","floor":6.0,"turns":4.0},{"damage":0.0,"enemies":"The Mushroom Lair","floor":7.0,"turns":3.0},{"damage":0.0,"enemies":"Lagavulin","floor":12.0,"turns":8.0},{"damage":0.0,"enemies":"2 Fungi Beasts","floor":13.0,"turns":2.0},{"damage":0.0,"enemies":"Blue Slaver","floor":14.0,"turns":1.0},{"damage":27.0,"enemies":"Hexaghost","floor":16.0,"turns":14.0},{"damage":9.0,"enemies":"2 Thieves","floor":18.0,"turns":3.0},{"damage":0.0,"enemies":"Spheric Guardian","floor":20.0,"turns":2.0},{"damage":31.0,"enemies":"Cultist and Chosen","floor":22.0,"turns":6.0},{"damage":0.0,"enemies":"Sentry and Sphere","floor":24.0,"turns":4.0},{"damage":3.0,"enemies":"Book of Stabbing","floor":27.0,"turns":4.0},{"damage":2.0,"enemies":"Shelled Parasite and Fungi","floor":28.0,"turns":4.0},{"damage":13.0,"enemies":"Slavers","floor":29.0,"turns":3.0},{"damage":0.0,"enemies":"Snecko","floor":30.0,"turns":2.0},{"damage":0.0,"enemies":"Centurion and Healer","floor":31.0,"turns":3.0},{"damage":0.0,"enemies":"Champ","floor":33.0,"turns":7.0},{"damage":0.0,"enemies":"Orb Walker","floor":35.0,"turns":2.0},{"damage":4.0,"enemies":"Mind Bloom Boss Battle","floor":36.0,"turns":7.0},{"damage":0.0,"enemies":"2 Orb Walkers","floor":37.0,"turns":3.0},{"damage":0.0,"enemies":"3 Darklings","floor":38.0,"turns":3.0},{"damage":0.0,"enemies":"Giant Head","floor":41.0,"turns":5.0},{"damage":6.0,"enemies":"4 Shapes","floor":45.0,"turns":5.0},{"damage":0.0,"enemies":"Nemesis","floor":46.0,"turns":7.0},{"damage":0.0,"enemies":"Sphere and 2 Shapes","floor":47.0,"turns":4.0},{"damage":0.0,"enemies":"Maw","floor":48.0,"turns":6.0},{"damage":16.0,"enemies":"Time Eater","floor":50.0,"turns":12.0},{"damage":0.0,"enemies":"Donu and Deca","floor":51.0,"turns":6.0},{"damage":89,"enemies":"Shield and Spear","floor":55,"turns":5}],"seed_played":"1234507754354739231","potions_obtained":[{"floor":3.0,"key":"CultistPotion"},{"floor":6.0,"key":"Fire Potion"},{"floor":13.0,"key":"DistilledChaos"},{"floor":20.0,"key":"StancePotion"},{"floor":24.0,"key":"StancePotion"},{"floor":29.0,"key":"SpeedPotion"},{"floor":30.0,"key":"LiquidMemories"},{"floor":33.0,"key":"LiquidMemories"},{"floor":41.0,"key":"PowerPotion"}],"is_trial":false,"path_per_floor":["M","M","M","?","?","E","?","R","T","R","?","E","M","M","R","B",null,"M","$","M","?","M","R","M","R","T","E","M","E","M","M","R","B",null,"M","?","?","M","$","R","E","R","T","$","M","E","M","M","R","B","B",null,"R","$","E"],"character_chosen":"WATCHER","items_purchased":["Ice Cream","Adaptation","TalkToTheHand","MentalFortress"],"campfire_rested":3,"item_purchase_floors":[19,39,44,54],"current_hp_per_floor":[59,58,57,57,46,26,26,26,26,26,15,15,15,15,35,8,53,44,44,44,44,13,33,33,33,33,30,28,15,17,19,39,41,61,63,61,63,65,65,65,67,67,67,67,62,64,66,68,68,52,54,65,65,65,0,0],"gold":101,"neow_bonus":"RANDOM_COMMON_RELIC","is_daily":false,"chose_seed":false,"campfire_upgraded":5,"win_rate":0.0,"timestamp":1608825954,"path_taken":["M","M","M","?","?","E","?","R","T","R","?","E","M","M","R","BOSS","M","$","M","?","M","R","M","R","T","E","M","E","M","M","R","BOSS","M","?","?","M","$","R","E","R","T","$","M","E","M","M","R","BOSS","BOSS","R","$","E"],"items_purchased_type":["Relic","Card","Card","Card"],"build_version":"2020-12-22","purchased_purges":3,"victory":false,"max_hp_per_floor":[68,68,68,68,68,68,68,68,68,68,68,68,68,68,68,68,68,68,68,68,68,68,68,68,68,68,68,68,68,68,68,68,68,68,68,68,68,68,68,68,68,68,68,68,68,68,68,68,68,68,68,68,68,68,68,68],"relic_stats":{"Blood Vial":27,"counters":[31,150],"Bronze Scales":[102],"Snecko Eye":[116,128,124,132],"Turnip":[14],"Letter Opener":[194],"Cursed Key":2,"obtain_stats":[{"Ice Cream":19,"Girya":41,"Vajra":6,"Oddly Smooth Stone":26,"Thread and Needle":36,"Omamori":12,"Letter Opener":9,"Odd Mushroom":7,"Ancient Tea Set":11,"Cursed Key":17,"Blood Vial":29,"Anchor":0,"Bronze Scales":46,"Snecko Eye":34,"Turnip":37,"Bag of Marbles":27,"PureWater":0},{"Ice Cream":10,"Girya":24,"Vajra":4,"Oddly Smooth Stone":13,"Thread and Needle":21,"Omamori":6,"Letter Opener":5,"Odd Mushroom":5,"Ancient Tea Set":5,"Cursed Key":9,"Blood Vial":16,"Anchor":0,"Bronze Scales":26,"Snecko Eye":19,"Turnip":22,"Bag of Marbles":14,"PureWater":0},{"Ice Cream":50,"Girya":105,"Vajra":19,"Oddly Smooth Stone":62,"Thread and Needle":94,"Omamori":30,"Letter Opener":22,"Odd Mushroom":22,"Ancient Tea Set":22,"Cursed Key":47,"Blood Vial":73,"Anchor":0,"Bronze Scales":117,"Snecko Eye":85,"Turnip":97,"Bag of Marbles":66,"PureWater":0}]},"card_choices":[{"not_picked":["Collect","CrushJoints"],"picked":"FlurryOfBlows","floor":1.0},{"not_picked":["EmptyMind","Collect"],"picked":"Wallop","floor":2.0},{"not_picked":["BowlingBash","CutThroughFate"],"picked":"Conclude","floor":3.0},{"not_picked":["FollowUp","Consecrate"],"picked":"DeceiveReality","floor":6.0},{"not_picked":["ThirdEye","WaveOfTheHand"],"picked":"Meditate","floor":12.0},{"not_picked":["FearNoEvil","Crescendo"],"picked":"EmptyBody","floor":13.0},{"not_picked":["ThirdEye","FollowUp","ClearTheMind"],"picked":"SKIP","floor":14.0},{"not_picked":["LessonLearned","Omniscience"],"picked":"DevaForm","floor":16.0},{"not_picked":["Halt","Perseverance","Conclude"],"picked":"SKIP","floor":18.0},{"not_picked":["BowlingBash","Evaluate"],"picked":"Protect+1","floor":20.0},{"not_picked":["Prostrate","FearNoEvil+1"],"picked":"WheelKick","floor":22.0},{"not_picked":["JustLucky","FlurryOfBlows"],"picked":"WheelKick","floor":24.0},{"not_picked":["Sanctity","FlurryOfBlows"],"picked":"Meditate","floor":27.0},{"not_picked":["SandsOfTime","Evaluate","BattleHymn"],"picked":"SKIP","floor":28.0},{"not_picked":["Meditate","SpiritShield"],"picked":"Wallop","floor":29.0},{"not_picked":["Consecrate","PathToVictory"],"picked":"Crescendo+1","floor":30.0},{"not_picked":["FollowUp","ClearTheMind","Perseverance"],"picked":"SKIP","floor":31.0},{"not_picked":["Scrawl","Devotion"],"picked":"LessonLearned","floor":33.0},{"not_picked":["DeceiveReality","Crescendo+1","Nirvana"],"picked":"SKIP","floor":35.0},{"not_picked":["Consecrate","Protect+1"],"picked":"LikeWater","floor":36.0},{"not_picked":["Tantrum","ThirdEye"],"picked":"MentalFortress","floor":37.0},{"not_picked":["BowlingBash","FlurryOfBlows","ThirdEye"],"picked":"SKIP","floor":38.0},{"not_picked":["Alpha","CutThroughFate"],"picked":"Wish","floor":41.0},{"not_picked":["FlyingSleeves","PathToVictory"],"picked":"Worship+1","floor":45.0},{"not_picked":["Judgement","Crescendo"],"picked":"CrushJoints","floor":46.0},{"not_picked":["FlurryOfBlows","ClearTheMind","InnerPeace"],"picked":"SKIP","floor":47.0},{"not_picked":["CrushJoints+1","Tantrum","Weave"],"picked":"SKIP","floor":48.0}],"player_experience":1103096,"relics_obtained":[{"floor":6.0,"key":"Vajra"},{"floor":7.0,"key":"Odd Mushroom"},{"floor":9.0,"key":"Letter Opener"},{"floor":12.0,"key":"Omamori"},{"floor":26.0,"key":"Oddly Smooth Stone"},{"floor":27.0,"key":"Bag of Marbles"},{"floor":29.0,"key":"Blood Vial"},{"floor":36.0,"key":"Thread and Needle"},{"floor":37.0,"key":"Turnip"},{"floor":41.0,"key":"Girya"},{"floor":46.0,"key":"Bronze Scales"}],"event_choices":[{"cards_removed":["Strike_P"],"damage_healed":0.0,"max_hp_gain":0.0,"max_hp_loss":0.0,"gold_gain":0.0,"event_name":"The Cleric","player_choice":"Card Removal","floor":4.0,"gold_loss":75.0,"damage_taken":0.0},{"damage_healed":0.0,"max_hp_gain":0.0,"max_hp_loss":0.0,"gold_gain":75.0,"event_name":"World of Goop","player_choice":"Gather Gold","floor":5.0,"gold_loss":0.0,"damage_taken":11.0},{"damage_healed":0.0,"max_hp_gain":0.0,"max_hp_loss":0.0,"gold_gain":0.0,"event_name":"Mushrooms","player_choice":"Fought Mushrooms","floor":7.0,"gold_loss":0.0,"damage_taken":0.0},{"damage_healed":0.0,"max_hp_gain":0.0,"max_hp_loss":0.0,"gold_gain":0.0,"event_name":"Scrap Ooze","player_choice":"Success","floor":11.0,"gold_loss":0.0,"damage_taken":11.0,"relics_obtained":["Ancient Tea Set"]},{"damage_healed":0.0,"max_hp_gain":0.0,"max_hp_loss":0.0,"gold_gain":0.0,"event_name":"Ghosts","player_choice":"Ignored","floor":21.0,"gold_loss":0.0,"damage_taken":0.0},{"damage_healed":0.0,"max_hp_gain":0.0,"max_hp_loss":0.0,"gold_gain":0.0,"event_name":"MindBloom","player_choice":"Fight","floor":36.0,"gold_loss":0.0,"damage_taken":0.0},{"damage_healed":0.0,"max_hp_gain":0.0,"max_hp_loss":0.0,"gold_gain":0.0,"event_name":"Mysterious Sphere","player_choice":"Fight","floor":37.0,"gold_loss":0.0,"damage_taken":0.0}],"is_beta":false,"boss_relics":[{"not_picked":["Pandora\u0027s Box","Coffee Dripper"],"picked":"Cursed Key"},{"not_picked":["Philosopher\u0027s Stone","Tiny House"],"picked":"Snecko Eye"}],"items_purged_floors":[39,44,54],"is_endless":false,"potions_floor_spawned":[3,6,7,13,20,24,29,30,33,41,45,47,48],"killed_by":"Shield and Spear","ascension_level":20}}