{"host":"jh7kh5nqtgzr3auj","time":1608829384,"event":{"mods":["AchievementEnabler","Act Like it!","Aspiration","BaseMod","CapriCore","Highlight Path","Minty Spire (QoL Compilation)","Pale of the Ancients","Quick Restart","Robot Space Explorer","StSLib","TestMod"],"gold_per_floor":[115,115,130,146,146,146,177,177,177,204,204,262,287,336,336,437,437,453,853,853,903,914,914,945,963,1040,1071,542,557,583,606,606,705,705,718,718,768,598,598,625,500,525,548,575,575,575,604,617,617,617,635,655,655,505,505,523,523,44,44,44],"floor_reached":61,"playtime":7329,"items_purged":["RobotSpaceExplorer:ToxicBomb","RobotSpaceExplorer:MiniLasers+1","RobotSpaceExplorer:FrostMissile","RobotSpaceExplorer:GlueShot","Doubt"],"score":1893,"play_id":"a2c04aba-5fd6-49ca-b40b-687e4b3c4a76","local_time":"20201225010304","is_ascension_mode":true,"campfire_choices":[{"data":"RobotSpaceExplorer:SelfCleaning","floor":6.0,"key":"SMITH"},{"data":"RobotSpaceExplorer:Calculate","floor":8.0,"key":"SMITH"},{"data":"RobotSpaceExplorer:TrailblazerForm","floor":11.0,"key":"SMITH"},{"data":"RobotSpaceExplorer:MiniLasers","floor":15.0,"key":"SMITH"},{"data":"RobotSpaceExplorer:ShockMissile","floor":23.0,"key":"SMITH"},{"data":"RobotSpaceExplorer:Reload","floor":32.0,"key":"SMITH"},{"data":"Madness","floor":46.0,"key":"SMITH"},{"data":"Madness","floor":49.0,"key":"SMITH"},{"data":"RobotSpaceExplorer:IronShell","floor":55.0,"key":"SMITH"},{"data":"RobotSpaceExplorer:Explosion","floor":57.0,"key":"SMITH"}],"circlet_count":0,"master_deck":["RobotSpaceExplorer:Scan+1","RobotSpaceExplorer:SelfCleaning+1","RobotSpaceExplorer:ScrapMissile","RobotSpaceExplorer:Calculate+1","RobotSpaceExplorer:TrailblazerForm+1","RobotSpaceExplorer:Explosion+1","RobotSpaceExplorer:IronShell+1","RobotSpaceExplorer:ShockMissile+1","RobotSpaceExplorer:StunGrenade","RobotSpaceExplorer:SlimeMissile","RobotSpaceExplorer:SlimeMissile","RobotSpaceExplorer:FranticSearch+1","RobotSpaceExplorer:Reload+1","RobotSpaceExplorer:Arsenal","Madness+1","Madness+1","RobotSpaceExplorer:SlimeMissile+1","BattleHymn","RobotSpaceExplorer:Ammunition+1","Shame","Shame"],"relics":["RobotSpaceExplorer:RoboCore","testmod-ChristmasGift","Tiny Chest","Kunai","Juzu Bracelet","testmod-BlackFramedGlasses","Toy Ornithopter","testmod-AssaultLearning","RobotSpaceExplorer:BottledGravity","RobotSpaceExplorer:ClockworkSextant","Dream Catcher","Pandora\u0027s Box","Pocketwatch","Gremlin Horn","Akabeko","Lee\u0027s Waffle","Eternal Feather","Bag of Marbles","Orichalcum","aspiration:WatcherSkillbook","WingedGreaves","Nunchaku","Meat on the Bone","aspiration:HiddenCompartment","testmod-Antiphasic","Art of War","Pen Nib","paleoftheancients:Timepiece","paleoftheancients:KeyRelic","Anchor","Ice Cream","Letter Opener","paleoftheancients:SoulOfTheShowman","testmod-Laevatain"],"acts_visited":["Exordium","TheCity","TheBeyond","paleoftheancients:PaleOfTheAncients"],"potions_floor_usage":[60,60,60,60,60,60,60,60,60,60,60,60,60,60,60,60],"damage_taken":[{"damage":7.0,"enemies":"Small Slimes","floor":1.0,"turns":6.0},{"damage":0.0,"enemies":"2 Louse","floor":3.0,"turns":3.0},{"damage":3.0,"enemies":"Jaw Worm","floor":4.0,"turns":5.0},{"damage":25.0,"enemies":"Lagavulin","floor":7.0,"turns":7.0},{"damage":14.0,"enemies":"Gremlin Nob","floor":10.0,"turns":4.0},{"damage":23.0,"enemies":"Gremlin Nob","floor":12.0,"turns":4.0},{"damage":0.0,"enemies":"3 Sentries","floor":13.0,"turns":6.0},{"damage":0.0,"enemies":"The Guardian","floor":16.0,"turns":7.0},{"damage":1.0,"enemies":"Chosen","floor":18.0,"turns":6.0},{"damage":12.0,"enemies":"2 Thieves","floor":22.0,"turns":5.0},{"damage":13.0,"enemies":"Book of Stabbing","floor":24.0,"turns":9.0},{"damage":5.0,"enemies":"Chosen and Byrds","floor":25.0,"turns":5.0},{"damage":0.0,"enemies":"Gremlin Leader","floor":27.0,"turns":6.0},{"damage":0.0,"enemies":"Snecko","floor":29.0,"turns":3.0},{"damage":0.0,"enemies":"Book of Stabbing","floor":30.0,"turns":4.0},{"damage":0.0,"enemies":"Automaton","floor":33.0,"turns":5.0},{"damage":0.0,"enemies":"Orb Walker","floor":35.0,"turns":2.0},{"damage":9.0,"enemies":"Mind Bloom Boss Battle","floor":37.0,"turns":5.0},{"damage":0.0,"enemies":"Nemesis","floor":40.0,"turns":7.0},{"damage":0.0,"enemies":"Reptomancer","floor":42.0,"turns":3.0},{"damage":2.0,"enemies":"Nemesis","floor":44.0,"turns":3.0},{"damage":0.0,"enemies":"Giant Head","floor":47.0,"turns":3.0},{"damage":2.0,"enemies":"3 Shapes","floor":48.0,"turns":1.0},{"damage":56.0,"enemies":"Time Eater","floor":50.0,"turns":8.0},{"damage":22.0,"enemies":"Time Eater","floor":51.0,"turns":5.0},{"damage":0.0,"enemies":"Time Eater","floor":52.0,"turns":3.0},{"damage":26.0,"enemies":"Time Eater","floor":56.0,"turns":4.0},{"damage":31,"enemies":"paleoftheancients:N","floor":60,"turns":7}],"seed_played":"5086775840161965723","potions_obtained":[{"floor":1.0,"key":"testmod-TestPotion"},{"floor":3.0,"key":"Strength Potion"},{"floor":7.0,"key":"CultistPotion"},{"floor":12.0,"key":"Swift Potion"},{"floor":18.0,"key":"Energy Potion"},{"floor":24.0,"key":"Strength Potion"},{"floor":25.0,"key":"LiquidMemories"},{"floor":33.0,"key":"SkillPotion"},{"floor":35.0,"key":"Swift Potion"},{"floor":44.0,"key":"Fruit Juice"},{"floor":47.0,"key":"AttackPotion"},{"floor":51.0,"key":"Dexterity Potion"},{"floor":56.0,"key":"Weak Potion"}],"is_trial":false,"path_per_floor":["M","?","M","M","?","R","E","R","T","E","R","?","E","T","R","B",null,"M","?","?","?","M","R","E","M","T","E","$","M","E","T","R","B",null,"M","?","?","$","?","E","$","E","T","E","T","R","E","M","R","B","M","M","?","$","R","M","R","$","?","B",null],"character_chosen":"RobotSpaceExplorer","items_purchased":["Lee\u0027s Waffle","Eternal Feather","RobotSpaceExplorer:SlimeMissile","BattleHymn","testmod-Laevatain"],"campfire_rested":0,"item_purchase_floors":[28,28,28,38,58],"current_hp_per_floor":[73,70,74,74,74,74,51,51,51,43,43,72,75,75,75,75,75,75,75,75,75,75,75,75,75,75,75,82,82,82,82,82,82,82,82,72,82,82,82,82,82,82,82,87,87,87,87,86,87,92,89,92,92,92,92,92,92,92,92,92],"gold":44,"neow_bonus":"RANDOM_COMMON_RELIC","is_daily":false,"chose_seed":false,"campfire_upgraded":10,"win_rate":0.0,"timestamp":1608829384,"path_taken":["M","?","M","M","?","R","E","R","T","E","R","?","E","?","R","BOSS","M","?","?","?","M","R","E","M","T","E","$","M","E","?","R","BOSS","M","?","?","$","?","E","$","E","T","E","?","R","E","M","R","BOSS","M","M","?","$","R","M","R","$","?","BOSS"],"items_purchased_type":["Relic","Relic","Card","Card","Relic"],"build_version":"2020-12-22","purchased_purges":5,"victory":true,"max_hp_per_floor":[75,75,75,75,75,75,75,75,75,75,75,75,75,75,75,75,75,75,75,75,75,75,75,75,75,75,75,82,82,82,82,82,82,82,82,82,82,82,82,82,82,82,82,87,87,87,87,87,87,92,92,92,92,92,92,92,92,92,92,92],"card_choices":[{"not_picked":["RobotSpaceExplorer:StunGrenade","RobotSpaceExplorer:SwiftStep"],"picked":"RobotSpaceExplorer:SelfCleaning","floor":1.0},{"not_picked":["RobotSpaceExplorer:SurgingShield","RobotSpaceExplorer:Counterblock"],"picked":"RobotSpaceExplorer:ScrapMissile","floor":3.0},{"not_picked":["RobotSpaceExplorer:SurgingShield","RobotSpaceExplorer:ToxicBomb","RobotSpaceExplorer:Pulsar"],"picked":"SKIP","floor":4.0},{"not_picked":["RobotSpaceExplorer:ShockKick","RobotSpaceExplorer:MiniDrones"],"picked":"RobotSpaceExplorer:Calculate","floor":7.0},{"not_picked":["RobotSpaceExplorer:SurgingShield","RobotSpaceExplorer:MiniDrones"],"picked":"RobotSpaceExplorer:TrailblazerForm","floor":10.0},{"not_picked":["RobotSpaceExplorer:SlimeMissile","RobotSpaceExplorer:SurgingStrike","RobotSpaceExplorer:TurboDodge"],"picked":"SKIP","floor":13.0},{"not_picked":["RobotSpaceExplorer:BlastShield","RobotSpaceExplorer:TrailblazerForm"],"picked":"RobotSpaceExplorer:Explosion","floor":16.0},{"not_picked":["RobotSpaceExplorer:BigMissile","RobotSpaceExplorer:SwiftStep","RobotSpaceExplorer:FreezingShield"],"picked":"SKIP","floor":18.0},{"not_picked":["RobotSpaceExplorer:ScrapToss","RobotSpaceExplorer:ShovelStrike"],"picked":"RobotSpaceExplorer:BigMissile+1","floor":22.0},{"not_picked":["RobotSpaceExplorer:GlueShot+1","RobotSpaceExplorer:GlueSpray","RobotSpaceExplorer:Pulsar"],"picked":"SKIP","floor":24.0},{"not_picked":["RobotSpaceExplorer:Electroshield","RobotSpaceExplorer:ImprovisedAttack","RobotSpaceExplorer:TurboDodge"],"picked":"SKIP","floor":25.0},{"not_picked":["RobotSpaceExplorer:ImprovisedAttack","RobotSpaceExplorer:SurgingStrike"],"picked":"RobotSpaceExplorer:FrostMissile","floor":27.0},{"not_picked":["RobotSpaceExplorer:Probe","RobotSpaceExplorer:FrostMissile+1"],"picked":"RobotSpaceExplorer:FranticSearch","floor":29.0},{"not_picked":["RobotSpaceExplorer:ImprovisedAttack","RobotSpaceExplorer:Scanner"],"picked":"RobotSpaceExplorer:Reload","floor":30.0},{"not_picked":["RobotSpaceExplorer:TrailblazerForm","RobotSpaceExplorer:DroneSwarm"],"picked":"RobotSpaceExplorer:Arsenal","floor":33.0},{"not_picked":["SashWhip+1","JustLucky","LikeWater+1","ClearTheMind"],"picked":"SKIP","floor":35.0},{"not_picked":["FlurryOfBlows","RobotSpaceExplorer:FreezeRay","RobotSpaceExplorer:MetalStrike+1"],"picked":"RobotSpaceExplorer:SlimeMissile+1","floor":37.0},{"not_picked":["RobotSpaceExplorer:FrostMissile+1","ClearTheMind+1","RobotSpaceExplorer:MiniDrones+1","Evaluate+1"],"picked":"SKIP","floor":40.0},{"not_picked":["PathToVictory","Prostrate","RobotSpaceExplorer:StarLightning+1","WreathOfFlame"],"picked":"SKIP","floor":42.0},{"not_picked":["RobotSpaceExplorer:Autoloader","RobotSpaceExplorer:PowerGlove+1","RobotSpaceExplorer:GlueShot+1","RobotSpaceExplorer:FreezeRay+1"],"picked":"SKIP","floor":44.0},{"not_picked":["RobotSpaceExplorer:BigMissile","Prostrate","Collect+1","CutThroughFate"],"picked":"SKIP","floor":47.0},{"not_picked":["ReachHeaven","ClearTheMind","Weave","RobotSpaceExplorer:SurgingStrike"],"picked":"SKIP","floor":48.0},{"not_picked":["Wireheading","Wallop","RobotSpaceExplorer:ScrapToss"],"picked":"RobotSpaceExplorer:Ammunition+1","floor":51.0},{"not_picked":["Evaluate+1","RobotSpaceExplorer:FrostMissile","Collect+1"],"picked":"RobotSpaceExplorer:Wormhole","floor":52.0},{"not_picked":["Tantrum+1","RobotSpaceExplorer:FrostMissile+1","ClearTheMind","CutThroughFate+1"],"picked":"SKIP","floor":56.0}],"player_experience":278909,"relics_obtained":[{"floor":7.0,"key":"Juzu Bracelet"},{"floor":9.0,"key":"testmod-BlackFramedGlasses"},{"floor":10.0,"key":"Toy Ornithopter"},{"floor":12.0,"key":"testmod-AssaultLearning"},{"floor":12.0,"key":"RobotSpaceExplorer:BottledGravity"},{"floor":13.0,"key":"RobotSpaceExplorer:ClockworkSextant"},{"floor":14.0,"key":"Dream Catcher"},{"floor":24.0,"key":"Pocketwatch"},{"floor":26.0,"key":"Gremlin Horn"},{"floor":27.0,"key":"Akabeko"},{"floor":30.0,"key":"Bag of Marbles"},{"floor":31.0,"key":"Orichalcum"},{"floor":37.0,"key":"WingedGreaves"},{"floor":40.0,"key":"Nunchaku"},{"floor":42.0,"key":"Meat on the Bone"},{"floor":43.0,"key":"aspiration:HiddenCompartment"},{"floor":44.0,"key":"testmod-Antiphasic"},{"floor":45.0,"key":"Art of War"},{"floor":47.0,"key":"Pen Nib"},{"floor":51.0,"key":"paleoftheancients:SoulOfTheShowman"}],"event_choices":[{"damage_healed":0.0,"max_hp_gain":0.0,"max_hp_loss":0.0,"gold_gain":0.0,"event_name":"Scrap Ooze","player_choice":"Success","floor":2.0,"gold_loss":0.0,"damage_taken":3.0,"relics_obtained":["Kunai"]},{"damage_healed":0.0,"max_hp_gain":0.0,"max_hp_loss":0.0,"gold_gain":0.0,"event_name":"给自己的盒子","player_choice":"Swap Relic","floor":5.0,"relics_lost":["War Paint"],"gold_loss":0.0,"damage_taken":0.0,"relics_obtained":["War Paint"]},{"damage_healed":0.0,"max_hp_gain":0.0,"max_hp_loss":0.0,"gold_gain":0.0,"event_name":"Dead Adventurer","player_choice":"Searched \u00271\u0027 times","floor":12.0,"gold_loss":0.0,"damage_taken":0.0},{"damage_healed":0.0,"max_hp_gain":0.0,"max_hp_loss":0.0,"gold_gain":400.0,"event_name":"恩洛斯的盘子","player_choice":"Sell","floor":19.0,"relics_lost":["testmod-TestBox"],"gold_loss":0.0,"damage_taken":0.0},{"damage_healed":0.0,"max_hp_gain":0.0,"max_hp_loss":0.0,"gold_gain":0.0,"cards_transformed":["RobotSpaceExplorer:ImprovisedAttack","RobotSpaceExplorer:SwiftStep"],"event_name":"Drug Dealer","player_choice":"Became Test Subject","floor":20.0,"gold_loss":0.0,"damage_taken":0.0,"cards_obtained":["RobotSpaceExplorer:SlimeMissile","RobotSpaceExplorer:ToxicBomb"]},{"damage_healed":0.0,"max_hp_gain":0.0,"max_hp_loss":0.0,"gold_gain":100.0,"event_name":"The Joust","player_choice":"Bet on Murderer","floor":21.0,"gold_loss":50.0,"damage_taken":0.0},{"damage_healed":0.0,"max_hp_gain":0.0,"max_hp_loss":0.0,"gold_gain":0.0,"event_name":"Winding Halls","player_choice":"Embrace Madness","floor":36.0,"gold_loss":0.0,"damage_taken":10.0,"cards_obtained":["Madness","Madness"]},{"damage_healed":0.0,"max_hp_gain":0.0,"max_hp_loss":0.0,"gold_gain":0.0,"event_name":"MindBloom","player_choice":"Fight","floor":37.0,"gold_loss":0.0,"damage_taken":0.0},{"damage_healed":0.0,"max_hp_gain":0.0,"max_hp_loss":0.0,"gold_gain":0.0,"event_name":"Upgrade Shrine","player_choice":"Upgraded","floor":39.0,"gold_loss":0.0,"damage_taken":0.0,"cards_upgraded":["RobotSpaceExplorer:FranticSearch"]}],"is_beta":false,"boss_relics":[{"not_picked":["testmod-HarvestTotem","Empty Cage"],"picked":"Pandora\u0027s Box"},{"not_picked":["testmod-Nine","aspiration:IroncladSkillbook"],"picked":"aspiration:WatcherSkillbook"}],"items_purged_floors":[28,38,41,54,58],"is_endless":false,"potions_floor_spawned":[1,3,7,12,18,24,25,33,35,44,47,51,56],"ascension_level":2}}