{"host":"cij6922spxtbkai3","time":1608824211,"event":{"mods":["2.2 Compatiblity","AchievementEnabler","BaseMod","Colored Map","DeckTracker","Highlight Path","Keyboard Shortcuts","Minty Spire (QoL Compilation)","Permanent Neow","Quick Restart","Rare Cards Sparkle","SuperFastMode","everything is the same but u backflip on backflip"],"gold_per_floor":[118,130,145,145,163,163,177,220,220,243,243,8,8,31,31,156,156,96,96,96,96,78,78,78,78,78,78,78,78,78,78,78,78,78,78,78,78,78,78,78,78,78,78,78,78,78,78,78,78,78],"floor_reached":51,"playtime":4209,"items_purged":[],"score":705,"play_id":"00ca54bd-e85c-4f57-8b85-90def3ba9537","local_time":"20201225003651","is_ascension_mode":false,"campfire_choices":[{"data":"Bludgeon","floor":6,"key":"SMITH"},{"data":"Metallicize","floor":13,"key":"SMITH"},{"data":"Body Slam","floor":15,"key":"SMITH"},{"data":"Entrench","floor":24,"key":"SMITH"},{"data":"Seeing Red","floor":27,"key":"SMITH"},{"data":"Searing Blow","floor":30,"key":"SMITH"},{"data":"Searing Blow+1","floor":32,"key":"SMITH"},{"data":"Armaments","floor":40,"key":"SMITH"},{"data":"Offering","floor":42,"key":"SMITH"},{"data":"Impervious","floor":47,"key":"SMITH"},{"floor":49,"key":"REST"}],"circlet_count":0,"master_deck":["Strike_R","Strike_R","Strike_R","Defend_R","Defend_R","Defend_R","Defend_R","Bash","Shrug It Off","Body Slam+1","Bludgeon+1","Metallicize+1","Seeing Red+1","Infernal Blade","Iron Wave","Uppercut","Impervious+1","Armaments+1","Double Tap","True Grit+1","Searing Blow+2","Cleave","Ghostly Armor","Shockwave","Entrench+1","Anger","Barricade+1","Shrug It Off","Offering+1","Pommel Strike+1","Entrench+1","Armaments+1","Pummel+1","Berserk+1","Thunderclap+1"],"relics":["Burning Blood","Ginger","Golden Idol","Happy Flower","Centennial Puzzle","Membership Card","Ectoplasm","Lantern","Frozen Egg 2","Runic Pyramid","Oddly Smooth Stone","Pantograph"],"acts_visited":["Exordium","TheCity","TheBeyond"],"potions_floor_usage":[8,16,16,16,23,33,33,46,48,48],"damage_taken":[{"damage":6,"enemies":"Jaw Worm","floor":1,"turns":6},{"damage":0,"enemies":"2 Louse","floor":2,"turns":4},{"damage":0,"enemies":"Small Slimes","floor":3,"turns":3},{"damage":5,"enemies":"2 Fungi Beasts","floor":5,"turns":3},{"damage":10,"enemies":"Exordium Wildlife","floor":7,"turns":5},{"damage":17,"enemies":"Lagavulin","floor":8,"turns":6},{"damage":7,"enemies":"Lots of Slimes","floor":10,"turns":6},{"damage":3,"enemies":"Looter","floor":14,"turns":2},{"damage":41,"enemies":"Slime Boss","floor":16,"turns":16},{"damage":11,"enemies":"2 Thieves","floor":18,"turns":4},{"damage":14,"enemies":"3 Byrds","floor":19,"turns":6},{"damage":23,"enemies":"Centurion and Healer","floor":20,"turns":7},{"damage":16,"enemies":"Shelled Parasite and Fungi","floor":21,"turns":7},{"damage":3,"enemies":"Book of Stabbing","floor":23,"turns":5},{"damage":0,"enemies":"Chosen and Byrds","floor":29,"turns":7},{"damage":3,"enemies":"Centurion and Healer","floor":31,"turns":6},{"damage":46,"enemies":"Collector","floor":33,"turns":8},{"damage":4,"enemies":"Orb Walker","floor":35,"turns":2},{"damage":0,"enemies":"3 Darklings","floor":37,"turns":10},{"damage":10,"enemies":"Jaw Worm Horde","floor":38,"turns":6},{"damage":9,"enemies":"Spire Growth","floor":39,"turns":5},{"damage":41,"enemies":"4 Shapes","floor":41,"turns":4},{"damage":0,"enemies":"Maw","floor":45,"turns":6},{"damage":24,"enemies":"Writhing Mass","floor":46,"turns":4},{"damage":36,"enemies":"Reptomancer","floor":48,"turns":7},{"damage":35,"enemies":"Awakened One","floor":50,"turns":14}],"seed_played":"-5652136158226437647","potions_obtained":[{"floor":3,"key":"BloodPotion"},{"floor":8,"key":"Dexterity Potion"},{"floor":10,"key":"LiquidBronze"},{"floor":14,"key":"SteroidPotion"},{"floor":20,"key":"LiquidMemories"},{"floor":21,"key":"FearPotion"},{"floor":29,"key":"BloodPotion"},{"floor":35,"key":"EssenceOfSteel"},{"floor":39,"key":"FearPotion"},{"floor":41,"key":"DistilledChaos"},{"floor":45,"key":"Regen Potion"}],"is_trial":false,"path_per_floor":["M","M","M","?","M","R","M","E","T","M","?","$","R","M","R","B",null,"M","M","M","M","$","E","R","?","T","R","?","M","R","M","R","B",null,"M","?","M","M","M","R","M","R","T","?","M","M","R","E","R","B",null],"character_chosen":"IRONCLAD","items_purchased":["Membership Card","Impervious","Shockwave"],"campfire_rested":1,"item_purchase_floors":[12,12,22],"current_hp_per_floor":[56,62,68,48,49,49,45,50,50,49,49,49,49,52,52,17,80,75,67,50,40,40,43,43,28,28,28,28,34,34,37,37,14,85,85,85,85,81,78,78,43,43,43,43,49,40,40,10,35,31],"gold":78,"neow_bonus":"ONE_RARE_RELIC","is_daily":false,"chose_seed":false,"campfire_upgraded":10,"win_rate":0.0,"timestamp":1608824211,"path_taken":["M","M","M","?","M","R","M","E","T","M","?","$","R","M","R","BOSS","M","M","M","M","$","E","R","?","T","R","?","M","R","M","R","BOSS","M","?","M","M","M","R","M","R","T","?","M","?","R","E","R","BOSS"],"items_purchased_type":["Relic","Card","Card"],"build_version":"2020-12-22","purchased_purges":0,"victory":true,"max_hp_per_floor":[80,80,80,80,80,80,80,80,80,80,80,80,80,80,80,80,80,80,80,80,80,80,80,80,85,85,85,85,85,85,85,85,85,85,85,85,85,85,85,85,85,85,85,85,85,85,85,85,85,85],"card_choices":[{"not_picked":["Warcry","Power Through"],"picked":"Shrug It Off","floor":1},{"not_picked":["Combust","Cleave"],"picked":"Body Slam","floor":2},{"not_picked":["Dual Wield","Clothesline"],"picked":"Bludgeon","floor":3},{"not_picked":["Anger","Thunderclap"],"picked":"Metallicize","floor":5},{"not_picked":["Sword Boomerang","Body Slam"],"picked":"Seeing Red","floor":7},{"not_picked":["Heavy Blade","Twin Strike"],"picked":"Infernal Blade","floor":8},{"not_picked":["Spot Weakness","Clash"],"picked":"Iron Wave","floor":10},{"not_picked":["Rampage","Shockwave"],"picked":"Armaments","floor":14},{"not_picked":["Fiend Fire","Bludgeon"],"picked":"Double Tap","floor":16},{"not_picked":["Clothesline+1","Dropkick"],"picked":"True Grit+1","floor":18},{"not_picked":["Cleave","Flex+1"],"picked":"Searing Blow","floor":19},{"not_picked":["Searing Blow","Anger"],"picked":"Cleave","floor":20},{"not_picked":["Burning Pact","Cleave"],"picked":"Ghostly Armor","floor":21},{"not_picked":["Brutality","Body Slam+1"],"picked":"Entrench","floor":23},{"not_picked":["Headbutt","Cleave"],"picked":"Anger","floor":29},{"not_picked":["Perfected Strike+1","Headbutt"],"picked":"Demon Form+1","floor":31},{"not_picked":["Demon Form+1","Impervious"],"picked":"Barricade+1","floor":33},{"not_picked":["Armaments","Twin Strike+1"],"picked":"Shrug It Off","floor":35},{"not_picked":["Dual Wield","Clothesline"],"picked":"Offering","floor":37},{"not_picked":["Whirlwind+1","Twin Strike+1"],"picked":"Pommel Strike+1","floor":38},{"not_picked":["Anger","Headbutt+1"],"picked":"Entrench+1","floor":39},{"not_picked":["Thunderclap","Anger+1"],"picked":"Armaments+1","floor":41},{"not_picked":["Clothesline","True Grit"],"picked":"Pummel+1","floor":45},{"not_picked":["Pummel+1","Iron Wave+1"],"picked":"Berserk+1","floor":46},{"not_picked":["Anger+1","Headbutt"],"picked":"Thunderclap+1","floor":48}],"player_experience":12669,"relics_obtained":[{"floor":8,"key":"Happy Flower"},{"floor":9,"key":"Centennial Puzzle"},{"floor":23,"key":"Lantern"},{"floor":26,"key":"Frozen Egg 2"},{"floor":43,"key":"Oddly Smooth Stone"},{"floor":48,"key":"Pantograph"}],"event_choices":[{"damage_healed":0,"gold_gain":0,"player_choice":"Take Damage","damage_taken":20,"relics_obtained":["Golden Idol"],"max_hp_gain":0,"max_hp_loss":0,"event_name":"Golden Idol","floor":4,"gold_loss":0},{"damage_healed":0,"gold_gain":0,"cards_transformed":["Strike_R"],"player_choice":"Change","damage_taken":0,"max_hp_gain":0,"max_hp_loss":0,"event_name":"Living Wall","floor":11,"gold_loss":0,"cards_obtained":["Uppercut"]},{"damage_healed":0,"gold_gain":0,"player_choice":"Shed Blood","damage_taken":20,"max_hp_gain":5,"max_hp_loss":0,"event_name":"Forgotten Altar","floor":25,"gold_loss":0},{"cards_removed":["Strike_R"],"damage_healed":0,"gold_gain":0,"player_choice":"Elegance","damage_taken":0,"max_hp_gain":0,"max_hp_loss":0,"event_name":"Back to Basics","floor":28,"gold_loss":0},{"cards_removed":["Demon Form"],"damage_healed":0,"gold_gain":0,"player_choice":"Removed Power","damage_taken":0,"max_hp_gain":0,"max_hp_loss":0,"event_name":"Falling","floor":36,"gold_loss":0},{"damage_healed":0,"gold_gain":300,"player_choice":"Gold","damage_taken":0,"max_hp_gain":0,"max_hp_loss":0,"event_name":"Wheel of Change","floor":44,"gold_loss":0}],"is_beta":false,"boss_relics":[{"not_picked":["Black Blood","Astrolabe"],"picked":"Ectoplasm"},{"not_picked":["Sozu","Philosopher\u0027s Stone"],"picked":"Runic Pyramid"}],"items_purged_floors":[],"is_endless":false,"potions_floor_spawned":[3,8,10,14,20,21,29,35,39,41,45],"ascension_level":0}}