{"host":"0msxzbajcl1c78mb","time":1608844060,"event":{"mods":["AchievementEnabler","BaseMod","Colored Map","Colored Powertips","Highlight Path","Minty Spire (QoL Compilation)","Relic Sorter","Relic Stats","StSLib","The Jungle","everything is the same but u backflip on backflip"],"gold_per_floor":[111,36,36,51,64,64,93,103,126,151,151,151,166,200,200,303,303,320,332,138,153,173,205,219,219,219],"floor_reached":25,"playtime":1487,"items_purged":["Strike_R","Strike_R"],"score":405,"play_id":"d0644322-2a5f-460f-99ea-666714388cfa","local_time":"20201224160740","is_ascension_mode":true,"campfire_choices":[{"data":"The Bomb","floor":6,"key":"SMITH"},{"floor":11,"key":"REST"},{"data":"Demon Form","floor":15,"key":"SMITH"}],"circlet_count":0,"master_deck":["AscendersBane","Strike_R","Strike_R+1","Strike_R","Defend_R+1","Defend_R","Defend_R","Defend_R","Bash","The Bomb+1","Intimidate+1","Battle Trance","Battle Trance","Limit Break","Demon Form+1","Limit Break","Shrug It Off","Uppercut","Shrug It Off","Inflame+1","Metallicize+1"],"relics":["Burning Blood","Potion Belt","Smiling Mask","Bag of Preparation","Anchor","Runic Dome","Toy Ornithopter","Omamori"],"acts_visited":["Exordium","TheCity"],"potions_floor_usage":[8,10,10,21,23,23,24],"damage_taken":[{"damage":4,"enemies":"2 Louse","floor":1,"turns":3},{"damage":6,"enemies":"Jaw Worm","floor":4,"turns":4},{"damage":6,"enemies":"Cultist","floor":5,"turns":4},{"damage":12,"enemies":"3 Sentries","floor":7,"turns":4},{"damage":10,"enemies":"Lots of Slimes","floor":8,"turns":4},{"damage":17,"enemies":"Gremlin Nob","floor":10,"turns":4},{"damage":3,"enemies":"Looter","floor":13,"turns":3},{"damage":0,"enemies":"Lagavulin","floor":14,"turns":5},{"damage":34,"enemies":"Hexaghost","floor":16,"turns":8},{"damage":1,"enemies":"3 Byrds","floor":18,"turns":3},{"damage":19,"enemies":"Spheric Guardian","floor":19,"turns":4},{"damage":7,"enemies":"Centurion and Healer","floor":21,"turns":5},{"damage":22,"enemies":"Sentry and Sphere","floor":22,"turns":5},{"damage":31,"enemies":"Book of Stabbing","floor":23,"turns":7},{"damage":30,"enemies":"Chosen and Byrds","floor":24,"turns":6},{"damage":29,"enemies":"Gremlin Leader","floor":25,"turns":2}],"seed_played":"-3153271019169666958","potions_obtained":[{"floor":4,"key":"FearPotion"},{"floor":5,"key":"SpeedPotion"},{"floor":7,"key":"Weak Potion"},{"floor":16,"key":"Regen Potion"},{"floor":18,"key":"Weak Potion"},{"floor":19,"key":"Regen Potion"},{"floor":21,"key":"Weak Potion"}],"is_trial":false,"path_per_floor":["M","$","?","M","M","R","E","M","T","E","R","?","M","E","R","B",null,"M","M","$","M","M","E","M","E"],"character_chosen":"IRONCLAD","items_purchased":["Toy Ornithopter"],"campfire_rested":1,"item_purchase_floors":[20],"current_hp_per_floor":[72,72,58,58,58,58,52,48,48,37,58,58,61,67,67,39,64,69,56,56,69,53,38,24,0,0],"gold":219,"neow_bonus":"RANDOM_COLORLESS_2","is_daily":false,"chose_seed":false,"campfire_upgraded":2,"win_rate":0.0,"timestamp":1608844060,"path_taken":["M","$","?","M","M","R","E","M","T","E","R","?","M","E","R","BOSS","M","?","$","M","?","E","M","E"],"items_purchased_type":["Relic"],"build_version":"2020-12-22","purchased_purges":2,"victory":false,"max_hp_per_floor":[72,72,72,72,72,72,72,72,72,72,72,72,72,72,72,72,72,72,72,72,72,72,72,72,72,72],"relic_stats":{"counters":[16,71],"Bag of Preparation":[20],"Smiling Mask":50,"obtain_stats":[{"Potion Belt":7,"Runic Dome":17,"Anchor":14,"Bag of Preparation":10,"Omamori":23,"Smiling Mask":9,"Burning Blood":0,"Toy Ornithopter":20},{"Potion Belt":4,"Runic Dome":9,"Anchor":8,"Bag of Preparation":6,"Omamori":14,"Smiling Mask":5,"Burning Blood":0,"Toy Ornithopter":11},{"Potion Belt":15,"Runic Dome":39,"Anchor":31,"Bag of Preparation":23,"Omamori":63,"Smiling Mask":19,"Burning Blood":0,"Toy Ornithopter":46}],"Burning Blood":88,"Toy Ornithopter":20},"card_choices":[{"not_picked":["Panache","Sadistic Nature"],"picked":"The Bomb","floor":0},{"not_picked":["Clash","Dark Embrace"],"picked":"Intimidate","floor":1},{"not_picked":["Thunderclap","Power Through","Sword Boomerang"],"picked":"SKIP","floor":4},{"not_picked":["Clothesline","Perfected Strike"],"picked":"Battle Trance","floor":5},{"not_picked":["Flex","Cleave"],"picked":"Battle Trance","floor":7},{"not_picked":["Flex","Bloodletting","Perfected Strike"],"picked":"SKIP","floor":8},{"not_picked":["Fire Breathing","Dark Embrace"],"picked":"Limit Break","floor":10},{"not_picked":["Heavy Blade","Clash","Body Slam"],"picked":"SKIP","floor":13},{"not_picked":["Feel No Pain","Spot Weakness"],"picked":"Demon Form","floor":14},{"not_picked":["Corruption","Immolate"],"picked":"Limit Break","floor":16},{"not_picked":["Spot Weakness+1","Carnage"],"picked":"Shrug It Off","floor":18},{"not_picked":["Pommel Strike","Headbutt"],"picked":"Uppercut","floor":19},{"not_picked":["Feel No Pain","Burning Pact"],"picked":"Shrug It Off","floor":21},{"not_picked":["Body Slam","Bloodletting","Whirlwind"],"picked":"SKIP","floor":22},{"not_picked":["Seeing Red","Evolve"],"picked":"Inflame+1","floor":23},{"not_picked":["Rupture","Twin Strike"],"picked":"Metallicize+1","floor":24}],"player_experience":293206,"relics_obtained":[{"floor":7,"key":"Potion Belt"},{"floor":9,"key":"Smiling Mask"},{"floor":10,"key":"Bag of Preparation"},{"floor":14,"key":"Anchor"},{"floor":23,"key":"Omamori"}],"event_choices":[{"damage_healed":0,"gold_gain":0,"player_choice":"Entered Light","damage_taken":14,"max_hp_gain":0,"max_hp_loss":0,"event_name":"Shining Light","floor":3,"gold_loss":0,"cards_upgraded":["Strike_R","Defend_R"]},{"damage_healed":0,"gold_gain":0,"player_choice":"Forge","damage_taken":0,"max_hp_gain":0,"max_hp_loss":0,"event_name":"Accursed Blacksmith","floor":12,"gold_loss":0,"cards_upgraded":["Intimidate"]}],"is_beta":false,"boss_relics":[{"not_picked":["Sozu","Busted Crown"],"picked":"Runic Dome"}],"items_purged_floors":[2,20],"is_endless":false,"potions_floor_spawned":[4,5,7,16,18,19,21],"killed_by":"Gremlin Leader","ascension_level":10}}