{"host":"5jn3rki867005t18","time":1608850146,"event":{"mods":["AchievementEnabler","BaseMod","Colored Map","DeckTracker","Highlight Path","Minty Spire (QoL Compilation)","Permanent Neow","Quick Restart","StSLib","SuperFastMode"],"gold_per_floor":[113,113,128,138,157,186,203,203,229,241,110,110,110,130,130,227,227,243,256,110,128,128,128,160,160,160,175,175,202,127,127,127],"floor_reached":31,"playtime":1253,"items_purged":["Strike_P"],"score":255,"play_id":"0629b4ad-d6fd-4cb5-a728-b03892271174","local_time":"20201225074906","is_ascension_mode":false,"campfire_choices":[{"data":"Adaptation","floor":8,"key":"SMITH"},{"data":"Conclude","floor":10,"key":"SMITH"},{"floor":12,"key":"REST"},{"data":"Dark Shackles","floor":15,"key":"SMITH"},{"floor":23,"key":"REST"},{"floor":25,"key":"REST"}],"circlet_count":0,"master_deck":["Strike_P","Defend_P","Defend_P","Defend_P","Defend_P","Eruption+1","Vigilance","CrushJoints","Halt","Conclude+1","CrushJoints","Adaptation+1","Sanctity","Dark Shackles+1","FollowUp","ClearTheMind","Devotion","Adaptation","CrushJoints","Tantrum","Writhe"],"relics":["PureWater","Matryoshka","Boot","MawBank","VioletLotus","Tiny Chest","The Courier","Ancient Tea Set","Gambling Chip","PreservedInsect"],"acts_visited":["Exordium","TheCity"],"potions_floor_usage":[6,7,16,27],"damage_taken":[{"damage":0,"enemies":"Small Slimes","floor":1,"turns":2},{"damage":0,"enemies":"2 Louse","floor":3,"turns":2},{"damage":0,"enemies":"Cultist","floor":4,"turns":3},{"damage":0,"enemies":"3 Louse","floor":5,"turns":2},{"damage":18,"enemies":"3 Sentries","floor":6,"turns":3},{"damage":3,"enemies":"Large Slime","floor":7,"turns":3},{"damage":7,"enemies":"Looter","floor":14,"turns":2},{"damage":36,"enemies":"Hexaghost","floor":16,"turns":8},{"damage":1,"enemies":"Chosen","floor":18,"turns":5},{"damage":7,"enemies":"2 Thieves","floor":19,"turns":4},{"damage":14,"enemies":"Snake Plant","floor":21,"turns":4},{"damage":22,"enemies":"Book of Stabbing","floor":24,"turns":5},{"damage":56,"enemies":"Shelled Parasite and Fungi","floor":27,"turns":4},{"damage":14,"enemies":"Sentry and Sphere","floor":31,"turns":3}],"seed_played":"-1430238387664207642","potions_obtained":[{"floor":4,"key":"DuplicationPotion"},{"floor":5,"key":"Regen Potion"},{"floor":6,"key":"DistilledChaos"},{"floor":24,"key":"SpeedPotion"},{"floor":27,"key":"GamblersBrew"}],"is_trial":false,"path_per_floor":["M","?","M","M","M","E","M","R","T","R","$","R","?","M","R","B",null,"M","M","$","M","?","R","E","R","T","M","?","T","?","M"],"character_chosen":"WATCHER","items_purchased":["Dark Shackles","FollowUp","Tantrum"],"campfire_rested":3,"item_purchase_floors":[11,11,20],"current_hp_per_floor":[72,65,65,65,65,47,49,49,49,49,49,70,70,63,63,27,72,71,64,64,50,50,71,49,70,70,14,14,14,14,0,0],"gold":127,"neow_bonus":"UPGRADE_CARD","is_daily":false,"chose_seed":false,"campfire_upgraded":3,"win_rate":0.0,"timestamp":1608850146,"path_taken":["M","?","M","M","M","E","M","R","T","R","$","R","?","M","R","BOSS","M","M","?","M","?","R","E","R","T","M","?","?","?","M"],"items_purchased_type":["Card","Card","Card"],"build_version":"2020-12-22","purchased_purges":1,"victory":false,"max_hp_per_floor":[72,72,72,72,72,72,72,72,72,72,72,72,72,72,72,72,72,72,72,72,72,72,72,72,72,72,72,72,72,72,72,72],"card_choices":[{"not_picked":["JustLucky","Consecrate"],"picked":"CrushJoints","floor":1},{"not_picked":["JustLucky","Prostrate"],"picked":"Halt","floor":3},{"not_picked":["PathToVictory","FlyingSleeves"],"picked":"Conclude","floor":4},{"not_picked":["Halt","WaveOfTheHand"],"picked":"CrushJoints","floor":5},{"not_picked":["FearNoEvil","ClearTheMind"],"picked":"Adaptation","floor":6},{"not_picked":["ConjureBlade","BowlingBash"],"picked":"Sanctity","floor":7},{"not_picked":["LikeWater","CutThroughFate"],"picked":"ClearTheMind","floor":14},{"not_picked":["Judgement","Ragnarok"],"picked":"Devotion","floor":16},{"not_picked":["Crescendo+1","CutThroughFate"],"picked":"Adaptation","floor":18},{"not_picked":["Collect","Conclude+1"],"picked":"CrushJoints","floor":19},{"not_picked":["PathToVictory","EmptyFist","Swivel+1"],"picked":"SKIP","floor":21},{"not_picked":["CrushJoints","EmptyMind+1","Scrawl"],"picked":"SKIP","floor":24},{"not_picked":["Conclude","Crescendo","EmptyFist"],"picked":"SKIP","floor":27}],"player_experience":125284,"relics_obtained":[{"floor":6,"key":"Matryoshka"},{"floor":9,"key":"Boot"},{"floor":9,"key":"MawBank"},{"floor":24,"key":"The Courier"},{"floor":26,"key":"Ancient Tea Set"},{"floor":26,"key":"Gambling Chip"},{"floor":29,"key":"PreservedInsect"}],"event_choices":[{"cards_removed":["Strike_P"],"damage_healed":0,"gold_gain":0,"player_choice":"Card Removal","damage_taken":7,"max_hp_gain":0,"max_hp_loss":0,"event_name":"Golden Wing","floor":2,"gold_loss":0},{"cards_removed":["Strike_P"],"damage_healed":0,"gold_gain":0,"player_choice":"Purged","damage_taken":0,"max_hp_gain":0,"max_hp_loss":0,"event_name":"Purifier","floor":13,"gold_loss":0},{"damage_healed":0,"gold_gain":0,"player_choice":"Opened","damage_taken":0,"relics_obtained":["Tiny Chest"],"max_hp_gain":0,"max_hp_loss":0,"event_name":"The Mausoleum","floor":22,"gold_loss":0,"cards_obtained":["Writhe"]},{"damage_healed":0,"gold_gain":0,"player_choice":"Smashed Altar","damage_taken":0,"max_hp_gain":0,"max_hp_loss":0,"event_name":"Forgotten Altar","floor":28,"gold_loss":0,"cards_obtained":["Decay"]},{"cards_removed":["Decay"],"damage_healed":0,"gold_gain":0,"player_choice":"Gave Gold","damage_taken":0,"max_hp_gain":0,"max_hp_loss":0,"event_name":"Beggar","floor":30,"gold_loss":75}],"is_beta":false,"boss_relics":[{"not_picked":["Calling Bell","Empty Cage"],"picked":"VioletLotus"}],"items_purged_floors":[20],"is_endless":false,"potions_floor_spawned":[4,5,6,24,27],"killed_by":"Sentry and Sphere","ascension_level":0}}