{"host":"9373kjg5yrouhim6","time":1608798729,"event":{"mods":["2.2 Compatiblity","AchievementEnabler","Aspiration","BaseMod","Beaked The Cultist","Better Altar","Better Match","Better Note","Better Sensory Stone","Better Skull","Better Third Choice","Colored Map","Colored Powertips","Conspire","Downfall","Friendly Minions","Highlight Path","Hubris","Infinite Spire","Mimic Mod","Minty Spire (QoL Compilation)","Replay The Spire","Spicy Shops","StSLib","The Construct","The Disciple","vexMod"],"gold_per_floor":[99,110,41,57,42,142,168,184,194,194,214,214,214,232,249,249,249,249],"floor_reached":16,"playtime":771,"items_purged":[],"score":94,"play_id":"764543a6-6e93-43cc-b928-f0f9e262f8e4","local_time":"20201224033209","is_ascension_mode":false,"campfire_choices":[{"data":"champ:Taunt","floor":1,"key":"SMITH"},{"floor":13,"key":"REST"}],"circlet_count":0,"master_deck":["champ:Strike","champ:Strike","champ:Strike","champ:Defend","champ:Defend","champ:Defend","champ:Taunt+1","champ:EnGarde+1","champ:FalseCounter"],"relics":["champ:ChampionCrown","Potion Belt"],"acts_visited":["Exordium"],"potions_floor_usage":[5,5,6,6,11,12,12,12,16,16],"damage_taken":[{"damage":11,"enemies":"Cultist","floor":2,"turns":3},{"damage":10,"enemies":"downfall:FleeingMerchant","floor":3,"turns":4},{"damage":14,"enemies":"infinitespire:Voidling","floor":4,"turns":4},{"damage":20,"enemies":"downfall:FleeingMerchant","floor":5,"turns":4},{"damage":21,"enemies":"downfall:LadyInBlue","floor":6,"turns":6},{"damage":15,"enemies":"Small Slimes","floor":8,"turns":3},{"damage":6,"enemies":"Blue Slaver","floor":9,"turns":3},{"damage":16,"enemies":"Large Slime","floor":11,"turns":1},{"damage":4,"enemies":"Large Slime","floor":12,"turns":3},{"damage":17,"enemies":"Red Slaver","floor":14,"turns":3},{"damage":10,"enemies":"2 Fungi Beasts","floor":15,"turns":4},{"damage":14,"enemies":"downfall:Silent","floor":16,"turns":4}],"seed_played":"-1621372483557148327","potions_obtained":[{"floor":4,"key":"EntropicBrew"},{"floor":6,"key":"SpeedPotion"},{"floor":6,"key":"champ:CounterPotion"},{"floor":6,"key":"SmokeBomb"},{"floor":8,"key":"sneckomod:MuddlingPotion"},{"floor":9,"key":"EssenceOfSteel"},{"floor":15,"key":"SpeedPotion"}],"is_trial":false,"path_per_floor":["R","M","$","M","$","?","T","M","M","?","M","?","R","M","M","B"],"character_chosen":"THE_CHAMP","items_purchased":["champ:EnGarde+1"],"campfire_rested":1,"item_purchase_floors":[3],"current_hp_per_floor":[63,62,62,62,52,46,46,36,30,30,14,10,37,20,10,0,0,0],"gold":249,"neow_bonus":"REMOVE_TWO","is_daily":false,"chose_seed":false,"campfire_upgraded":1,"win_rate":0.0,"timestamp":1608798729,"path_taken":["R","M","$","M","$","?","T","M","?","?","M","?","R","M","M","BOSS"],"items_purchased_type":["Card"],"build_version":"2020-12-22","purchased_purges":0,"victory":false,"max_hp_per_floor":[90,90,90,90,90,90,90,90,90,90,90,90,90,90,90,90,90,90],"card_choices":[{"not_picked":["champ:AdrenalArmor","champ:SwordSigil","champ:Lariat"],"picked":"SKIP","floor":2},{"not_picked":["champ:GladiatorsShout","champ:RageSigil","champ:FightOn"],"picked":"SKIP","floor":3},{"not_picked":["champ:Shatter","champ:Duel","champ:VampiricStrike"],"picked":"SKIP","floor":4},{"not_picked":["champ:HeartStrike","champ:ShieldSigil","champ:FlashCut"],"picked":"SKIP","floor":5},{"not_picked":["champ:CrookedStrike","champ:Balance","champ:StanceDance"],"picked":"SKIP","floor":8},{"not_picked":["champ:Haymaker","champ:EnGarde","champ:RecklessLeap"],"picked":"SKIP","floor":9},{"not_picked":["champ:BringItOn","champ:PerfectedStrike"],"picked":"champ:FalseCounter","floor":11},{"not_picked":["champ:ViciousMockery","champ:AdrenalArmor","champ:TornadoPunch"],"picked":"SKIP","floor":14},{"not_picked":["champ:RapidStrikes","champ:HeartStrike","champ:TornadoPunch"],"picked":"SKIP","floor":15}],"player_experience":340945,"relics_obtained":[{"floor":6,"key":"Potion Belt"}],"event_choices":[{"cards_removed":["champ:Execute"],"damage_healed":0,"gold_gain":0,"player_choice":"Forget","damage_taken":0,"max_hp_gain":0,"max_hp_loss":0,"event_name":"Living Wall","floor":10,"gold_loss":0}],"is_beta":false,"boss_relics":[],"items_purged_floors":[],"is_endless":false,"potions_floor_spawned":[4,8,9,12,15],"killed_by":"downfall:Silent","ascension_level":0}}