{"host":"63rwe7p34ct1i0qu","time":1608826890,"event":{"mods":["BaseMod","Colored Map","DeckTracker","Minty Spire (QoL Compilation)","Permanent Neow","Quick Restart","StSLib"],"gold_per_floor":[118,118,193,203,203,203,229,229,282,302,302,41,55,71,71,71,71],"floor_reached":16,"playtime":576,"items_purged":[],"score":160,"play_id":"2d1d29b5-2477-4b7b-83fc-e38bafdcaee2","local_time":"20201225012130","is_ascension_mode":true,"campfire_choices":[{"data":"Zap","floor":6,"key":"SMITH"},{"data":"Hologram","floor":8,"key":"SMITH"},{"floor":15,"key":"REST"}],"circlet_count":0,"master_deck":["AscendersBane","Strike_B","Defend_B","Defend_B","Defend_B","Zap+1","Dualcast","Reprogram","White Noise","Hologram+1","Hologram","Streamline","Go for the Eyes","Hologram"],"relics":["Empty Cage","Bronze Scales","Smiling Mask","Akabeko","Orrery"],"acts_visited":["Exordium"],"potions_floor_usage":[7,14],"damage_taken":[{"damage":4,"enemies":"2 Louse","floor":1,"turns":3},{"damage":7,"enemies":"Small Slimes","floor":4,"turns":5},{"damage":6,"enemies":"Lagavulin","floor":7,"turns":10},{"damage":6,"enemies":"Cultist","floor":10,"turns":7},{"damage":7,"enemies":"3 Louse","floor":13,"turns":2},{"damage":6,"enemies":"Looter","floor":14,"turns":2},{"damage":25,"enemies":"Slime Boss","floor":16,"turns":6}],"seed_played":"-2853833492613792082","potions_obtained":[{"floor":4,"key":"BlessingOfTheForge"},{"floor":7,"key":"Weak Potion"},{"floor":14,"key":"PotionOfCapacity"}],"is_trial":false,"path_per_floor":["M","?","?","M","?","R","E","R","T","M","?","$","M","M","R","B"],"character_chosen":"DEFECT","items_purchased":["Orrery","Streamline","Go for the Eyes"],"campfire_rested":1,"item_purchase_floors":[12,12,12],"current_hp_per_floor":[64,57,46,39,39,39,33,33,33,27,24,24,17,11,33,8,8],"gold":71,"neow_bonus":"BOSS_RELIC","is_daily":false,"chose_seed":false,"campfire_upgraded":2,"win_rate":0.0,"timestamp":1608826890,"path_taken":["M","?","?","M","?","R","E","R","T","?","?","$","M","M","R","BOSS"],"items_purchased_type":["Relic","Card","Card"],"build_version":"2020-12-22","purchased_purges":0,"victory":false,"max_hp_per_floor":[75,75,75,75,75,75,75,75,75,75,75,75,75,75,75,75,75],"card_choices":[{"not_picked":["Beam Cell","Hello World"],"picked":"Reprogram","floor":1},{"not_picked":["Turbo","Loop"],"picked":"White Noise","floor":4},{"not_picked":["Heatsinks","Stack"],"picked":"Hologram","floor":7},{"not_picked":["Ball Lightning","Multi-Cast","Scrape"],"picked":"SKIP","floor":10},{"not_picked":["Storm","Sunder"],"picked":"Hologram","floor":12},{"not_picked":["Ball Lightning","BootSequence"],"picked":"Hologram","floor":13},{"not_picked":["Fusion","Ball Lightning","Darkness"],"picked":"SKIP","floor":14}],"player_experience":809296,"relics_obtained":[{"floor":7,"key":"Bronze Scales"},{"floor":9,"key":"Smiling Mask"}],"event_choices":[{"cards_removed":["Strike_B"],"damage_healed":0,"gold_gain":0,"player_choice":"Card Removal","damage_taken":7,"max_hp_gain":0,"max_hp_loss":0,"event_name":"Golden Wing","floor":2,"gold_loss":0},{"damage_healed":0,"gold_gain":75,"player_choice":"Gather Gold","damage_taken":11,"max_hp_gain":0,"max_hp_loss":0,"event_name":"World of Goop","floor":3,"gold_loss":0},{"cards_removed":["Defend_B"],"damage_healed":0,"gold_gain":0,"player_choice":"Offered Basic","damage_taken":0,"max_hp_gain":0,"max_hp_loss":0,"event_name":"Bonfire Elementals","floor":5,"gold_loss":0},{"damage_healed":0,"gold_gain":0,"player_choice":"Success","damage_taken":3,"relics_obtained":["Akabeko"],"max_hp_gain":0,"max_hp_loss":0,"event_name":"Scrap Ooze","floor":11,"gold_loss":0}],"is_beta":false,"boss_relics":[],"items_purged_floors":[],"is_endless":false,"potions_floor_spawned":[4,7,14],"killed_by":"Slime Boss","ascension_level":12}}