{"host":"98jnipsbpkz8k2sh","time":1608768115,"event":{"mods":["Aspiration","BaseMod","Challenge The Spire","GifTheSpireLib","Infinite Spire","Minty Spire (QoL Compilation)","Replay The Spire","StSLib"],"gold_per_floor":[217,12,26,26,26,59,59,88,88,101,101,101,115,20,20,123,123,142,155,105,120,120,120,161,161,209,209,209,260,308,358,358,503,503,543,580,626,677,677,707,707],"floor_reached":40,"playtime":1256,"items_purged":["Strike_R"],"score":425,"play_id":"02857c95-c0ba-4935-8a1d-d3b75669b3b4","local_time":"20201223160155","is_ascension_mode":false,"campfire_choices":[{"data":"Flex","floor":7,"key":"SMITH"},{"data":"Anger","floor":11,"key":"SMITH"},{"data":"Perfected Strike","floor":15,"key":"SMITH"},{"data":"infinitespire:SevenWalls","floor":23,"key":"SMITH"},{"data":"Replay:Many Hands","floor":25,"key":"SMITH"},{"floor":32,"key":"REST"}],"circlet_count":0,"master_deck":["Strike_R","Strike_R","Strike_R","Strike_R","Defend_R+1","Defend_R","Defend_R","Bash","Flex+1","Anger+1","Pommel Strike","Sword Boomerang+1","Twin Strike","Sword Boomerang","Clothesline","Perfected Strike+1","Panacea","Offering","Thunderclap","Cleave","Replay:Undeath\u0027s Touch+1","infinitespire:SevenWalls+1","Replay:Many Hands+1","Doubt","RitualDagger","ReplayTheSpireMod:Limb From Limb+1","Ghostly Armor","Spot Weakness+1","Feed","Twin Strike+1","Anger+1"],"relics":["Burning Blood","War Paint","Kunai","Bottled Flame","Strawberry","Cursed Key","Replay:Bandana","Replay:Wax Seal","SacredBark"],"acts_visited":["Exordium","TheCity","TheBeyond"],"potions_floor_usage":[6,18,24,29,30,33,37],"damage_taken":[{"damage":6,"enemies":"Jaw Worm","floor":1,"turns":3},{"damage":12,"enemies":"infinitespire:Voidling","floor":3,"turns":4},{"damage":20,"enemies":"Lagavulin","floor":6,"turns":4},{"damage":0,"enemies":"Replay:BlueRogue","floor":8,"turns":3},{"damage":0,"enemies":"Cultist","floor":10,"turns":2},{"damage":4,"enemies":"2 Fungi Beasts","floor":13,"turns":2},{"damage":40,"enemies":"Fading Forest","floor":16,"turns":11},{"damage":4,"enemies":"3 Byrds","floor":18,"turns":3},{"damage":6,"enemies":"Spheric Guardian","floor":19,"turns":2},{"damage":41,"enemies":"Shelled Parasite and Fungi","floor":21,"turns":4},{"damage":12,"enemies":"Snake Plant","floor":24,"turns":2},{"damage":19,"enemies":"Centurion and Healer","floor":29,"turns":4},{"damage":10,"enemies":"Chosen and Byrds","floor":30,"turns":3},{"damage":0,"enemies":"Snecko","floor":31,"turns":3},{"damage":24,"enemies":"Automaton","floor":33,"turns":8},{"damage":27,"enemies":"Orb Walker","floor":35,"turns":4},{"damage":25,"enemies":"3 Shapes","floor":36,"turns":4},{"damage":10,"enemies":"3 Darklings","floor":37,"turns":5},{"damage":6,"enemies":"Transient","floor":38,"turns":5},{"damage":46,"enemies":"Nightmare","floor":40,"turns":4}],"seed_played":"-5269567048559519636","potions_obtained":[{"floor":1,"key":"BlessingOfTheForge"},{"floor":16,"key":"Explosive Potion"},{"floor":18,"key":"Fire Potion"},{"floor":21,"key":"Ancient Potion"},{"floor":24,"key":"Weak Potion"},{"floor":29,"key":"Regen Potion"},{"floor":36,"key":"Block Potion"}],"is_trial":false,"path_per_floor":["M","$","M","?","$","E","R","E","T","M","R","?","M","$","R","B",null,"M","M","?","M","AVR","R","M","R","T","?","?","M","M","M","R","B",null,"M","M","M","M","?","NM"],"character_chosen":"IRONCLAD","items_purchased":["War Paint","Anger","Panacea"],"campfire_rested":1,"item_purchase_floors":[2,2,14],"current_hp_per_floor":[80,80,80,80,80,66,66,72,79,85,85,85,87,87,87,53,87,87,87,87,52,52,52,46,46,46,40,40,27,32,38,64,46,87,69,50,46,46,46,0,0],"gold":707,"neow_bonus":"HUNDRED_GOLD","is_daily":false,"chose_seed":false,"campfire_upgraded":5,"win_rate":0.0,"timestamp":1608768115,"path_taken":["M","$","M","?","$","E","R","E","T","M","R","?","?","?","R","BOSS","M","M","?","?","AVR","R","M","R","T","?","?","M","M","M","R","BOSS","M","M","M","M","?","NM"],"items_purchased_type":["Relic","Card","Card"],"build_version":"2020-12-22","purchased_purges":1,"victory":false,"max_hp_per_floor":[80,80,80,80,80,80,80,80,87,87,87,87,87,87,87,87,87,87,87,87,87,87,87,87,87,87,87,87,87,87,87,87,87,87,90,90,90,90,85,85,85],"card_choices":[{"not_picked":["ReplayTheSpireMod:Strike From Hell","Burning Pact"],"picked":"Flex","floor":1},{"not_picked":["Iron Wave","Warcry"],"picked":"Pommel Strike","floor":3},{"not_picked":["Hemogenesis","Shockwave"],"picked":"Twin Strike","floor":6},{"not_picked":["Pommel Strike","Sever Soul"],"picked":"Sword Boomerang","floor":8},{"not_picked":["Armaments","Perfected Strike"],"picked":"Clothesline","floor":10},{"not_picked":["True Grit","Corruption"],"picked":"Perfected Strike","floor":13},{"not_picked":["Brutality","Fiend Fire"],"picked":"Offering","floor":16},{"not_picked":["Sword Boomerang","Heavy Blade"],"picked":"Thunderclap","floor":18},{"not_picked":["Intimidate","Wild Strike"],"picked":"Cleave","floor":19},{"not_picked":["Havoc","Run Through+1"],"picked":"Replay:Undeath\u0027s Touch+1","floor":21},{"not_picked":["Rupture+1","Headbutt"],"picked":"Replay:Many Hands","floor":24},{"not_picked":["Dropkick","Heavy Blade"],"picked":"ReplayTheSpireMod:Limb From Limb+1","floor":29},{"not_picked":["Seeing Red+1","Sentinel"],"picked":"Ghostly Armor","floor":30},{"not_picked":["Body Slam","Massacre"],"picked":"Spot Weakness+1","floor":31},{"not_picked":["Exhume","Hemogenesis"],"picked":"Feed","floor":33},{"not_picked":["Clothesline","Dropkick+1","Body Slam+1"],"picked":"SKIP","floor":35},{"not_picked":["True Grit","Havoc+1"],"picked":"Twin Strike+1","floor":36},{"not_picked":["Run Through","Pommel Strike+1"],"picked":"Anger+1","floor":37},{"not_picked":["Run Through+1","Iron Wave","ReplayTheSpireMod:LeadingStrike"],"picked":"SKIP","floor":38}],"player_experience":1073064,"relics_obtained":[{"floor":6,"key":"Kunai"},{"floor":8,"key":"Bottled Flame"},{"floor":9,"key":"Strawberry"},{"floor":26,"key":"Replay:Wax Seal"}],"event_choices":[{"damage_healed":0,"gold_gain":0,"player_choice":"0 cards matched","damage_taken":0,"max_hp_gain":0,"max_hp_loss":0,"event_name":"Match and Keep!","floor":12,"gold_loss":0,"cards_obtained":[]},{"damage_healed":0,"gold_gain":0,"player_choice":"Bet on Murderer","damage_taken":0,"max_hp_gain":0,"max_hp_loss":0,"event_name":"The Joust","floor":20,"gold_loss":50},{"damage_healed":0,"gold_gain":0,"player_choice":"Joined the Cult","damage_taken":6,"max_hp_gain":0,"max_hp_loss":0,"event_name":"Nest","floor":27,"gold_loss":0,"cards_obtained":["RitualDagger"]},{"damage_healed":0,"gold_gain":0,"player_choice":"Ignored","damage_taken":0,"max_hp_gain":0,"max_hp_loss":0,"event_name":"Ghosts","floor":28,"gold_loss":0},{"damage_healed":0,"gold_gain":0,"player_choice":"Max HP","damage_taken":0,"max_hp_gain":0,"max_hp_loss":5,"event_name":"Winding Halls","floor":39,"gold_loss":0}],"is_beta":false,"boss_relics":[{"not_picked":["Runic Pyramid","ChewingGum"],"picked":"Cursed Key"},{"not_picked":["Ooze Armor","Runic Cube"],"picked":"SacredBark"}],"items_purged_floors":[22],"is_endless":false,"potions_floor_spawned":[1,16,18,21,24,29,36],"killed_by":"Nightmare","ascension_level":0}}