{"host":"7xrfhfoo16q2v8hj","time":1608794371,"event":{"mods":["BaseMod","Colored Map","DeckTracker","Highlight Path","Minty Spire (QoL Compilation)","StSLib","SuperFastMode"],"gold_per_floor":[118,293,293,293,307,339,1,1,24,35,310,310,120,152,152,254,254,270,270,270,270],"floor_reached":20,"playtime":489,"items_purged":["Regret"],"score":223,"play_id":"303bef8d-3f55-42c7-a65c-83a616685127","local_time":"20201224011931","is_ascension_mode":true,"campfire_choices":[{"data":"Loop","floor":12,"key":"SMITH"},{"floor":15,"key":"REST"}],"circlet_count":0,"master_deck":["Strike_B","Strike_B","Strike_B","Strike_B","Defend_B","Defend_B","Defend_B","Defend_B","Zap","Dualcast","Storm","Blizzard","Loop+1","Loop","Tempest","Defragment","Ball Lightning","Chaos","Creative AI","Beam Cell"],"relics":["Cracked Core","NeowsBlessing","Blue Candle","Darkstone Periapt","Juzu Bracelet","Regal Pillow","SlaversCollar"],"acts_visited":["Exordium","TheCity"],"potions_floor_usage":[14,16,20,20],"damage_taken":[{"damage":0,"enemies":"Cultist","floor":1,"turns":1},{"damage":0,"enemies":"2 Louse","floor":5,"turns":1},{"damage":0,"enemies":"3 Sentries","floor":6,"turns":2},{"damage":16,"enemies":"Small Slimes","floor":10,"turns":3},{"damage":31,"enemies":"Lagavulin","floor":14,"turns":5},{"damage":60,"enemies":"The Guardian","floor":16,"turns":8},{"damage":62,"enemies":"2 Thieves","floor":18,"turns":4},{"damage":20,"enemies":"Spheric Guardian","floor":20,"turns":3}],"seed_played":"5204952187779929842","potions_obtained":[{"floor":1,"key":"Swift Potion"},{"floor":14,"key":"LiquidBronze"},{"floor":18,"key":"EssenceOfSteel"}],"is_trial":false,"path_per_floor":["M","?","?","?","M","E","$","$","T","M","?","R","$","E","R","B",null,"M","?","M"],"character_chosen":"DEFECT","items_purchased":["Loop","Darkstone Periapt","Defragment","Ball Lightning"],"campfire_rested":1,"item_purchase_floors":[7,7,13,13],"current_hp_per_floor":[75,75,68,68,68,68,68,68,68,52,58,58,58,27,66,6,81,19,7,0,0],"gold":270,"neow_bonus":"THREE_ENEMY_KILL","is_daily":false,"chose_seed":false,"campfire_upgraded":1,"win_rate":0.0,"timestamp":1608794371,"path_taken":["M","?","?","?","M","E","?","$","T","M","?","R","$","E","R","BOSS","M","?","M"],"items_purchased_type":["Card","Relic","Card","Card"],"build_version":"2020-12-22","purchased_purges":1,"victory":false,"max_hp_per_floor":[75,75,75,75,75,75,75,75,75,75,81,81,81,81,81,81,81,81,81,81,81],"card_choices":[{"not_picked":["Heatsinks","Leap"],"picked":"Storm","floor":1},{"not_picked":["Rebound","Cold Snap"],"picked":"Blizzard","floor":5},{"not_picked":["Leap","Turbo"],"picked":"Loop","floor":6},{"not_picked":["Leap","Stack"],"picked":"Tempest","floor":10},{"not_picked":["Hyperbeam","Turbo"],"picked":"Chaos","floor":14},{"not_picked":["Meteor Strike","Multi-Cast"],"picked":"Creative AI","floor":16},{"not_picked":["Rebound","Go for the Eyes"],"picked":"Beam Cell","floor":18}],"player_experience":541678,"relics_obtained":[{"floor":6,"key":"Blue Candle"},{"floor":9,"key":"Juzu Bracelet"},{"floor":14,"key":"Regal Pillow"}],"event_choices":[{"damage_healed":0,"gold_gain":175,"player_choice":"AGREE","damage_taken":0,"max_hp_gain":0,"max_hp_loss":0,"event_name":"Liars Game","floor":2,"gold_loss":0,"cards_obtained":["Doubt"]},{"cards_removed":["Doubt"],"damage_healed":0,"gold_gain":0,"player_choice":"Card Removal","damage_taken":7,"max_hp_gain":0,"max_hp_loss":0,"event_name":"Golden Wing","floor":3,"gold_loss":0},{"damage_healed":0,"gold_gain":0,"player_choice":"Leave","damage_taken":0,"max_hp_gain":0,"max_hp_loss":0,"event_name":"The Cleric","floor":4,"gold_loss":0},{"damage_healed":0,"gold_gain":275,"player_choice":"Desecrate","damage_taken":0,"max_hp_gain":0,"max_hp_loss":0,"event_name":"Golden Shrine","floor":11,"gold_loss":0,"cards_obtained":["Regret"]},{"damage_healed":0,"gold_gain":0,"player_choice":"POTION ","damage_taken":12,"max_hp_gain":0,"max_hp_loss":0,"event_name":"Knowing Skull","floor":19,"potions_obtained":["Regen Potion"],"gold_loss":0,"cards_obtained":[]}],"is_beta":false,"boss_relics":[{"not_picked":["Cursed Key","Sozu"],"picked":"SlaversCollar"}],"items_purged_floors":[13],"is_endless":false,"potions_floor_spawned":[1,14,18],"killed_by":"Spheric Guardian","ascension_level":2}}