{"host":"e1pm3b7xpcm97e5w","time":1608842638,"event":{"mods":["BaseMod","Better Skull","Googly Eyes","Minty Spire (QoL Compilation)","Relic Stats","Shop Mod","Spicy Shops","StSLib"],"gold_per_floor":[212,212,231,1,1,1,34,34,34,34,58,58,58,79,79,204,204,228,249,249,263,362,362,393,393,417,417,442,465,465,484,484,609,609,629,277,292,355,37,37,61,101,101,121,137,0,41,54,54,54],"floor_reached":51,"playtime":1921,"items_purged":["Strike_P","Indignation+1","Vengeance+1"],"score":1083,"play_id":"06debfe7-453d-4257-891b-8a2a0b395445","local_time":"20201224154358","is_ascension_mode":true,"campfire_choices":[{"data":"PathToVictory","floor":6.0,"key":"SMITH"},{"data":"PathToVictory","floor":10.0,"key":"SMITH"},{"data":"Eruption","floor":12.0,"key":"SMITH"},{"data":"TalkToTheHand","floor":15.0,"key":"SMITH"},{"floor":23,"key":"REST"},{"data":"PathToVictory","floor":25,"key":"SMITH"},{"floor":30,"key":"REST"},{"floor":32,"key":"REST"},{"data":"Vault","floor":40,"key":"SMITH"},{"floor":49,"key":"REST"}],"circlet_count":0,"master_deck":["Defend_P","Defend_P","Defend_P","Defend_P","Eruption+1","Vigilance","PathToVictory+1","Protect","PathToVictory+1","Protect","TalkToTheHand+1","Evaluate","TalkToTheHand","DeusExMachina","PathToVictory+1","PathToVictory+1","PathToVictory","Vault+1","Evaluate+1","PathToVictory+1","Protect+1","PathToVictory","Vault"],"relics":["PureWater","Du-Vu Doll","Golden Idol","White Beast Statue","Letter Opener","Unceasing Top","Runic Dome","Enchiridion","Ice Cream","Dream Catcher","Astrolabe","Membership Card","Chemical X","StoneCalendar","Incense Burner","Lizard Tail","Toy Ornithopter","Bag of Marbles","Blue Candle","Red Mask","Singing Bowl"],"acts_visited":["Exordium","TheCity","TheBeyond"],"potions_floor_usage":[24,33,33,41,42,45,50,50],"damage_taken":[{"damage":6.0,"enemies":"Jaw Worm","floor":1.0,"turns":5.0},{"damage":11.0,"enemies":"2 Louse","floor":3.0,"turns":2.0},{"damage":29.0,"enemies":"3 Sentries","floor":7.0,"turns":16.0},{"damage":0.0,"enemies":"Cultist","floor":11.0,"turns":2.0},{"damage":1.0,"enemies":"Looter","floor":14.0,"turns":3.0},{"damage":28.0,"enemies":"Slime Boss","floor":16.0,"turns":14.0},{"damage":0,"enemies":"Spheric Guardian","floor":18,"turns":3},{"damage":1,"enemies":"Shell Parasite","floor":19,"turns":5},{"damage":4,"enemies":"3 Cultists","floor":21,"turns":5},{"damage":10,"enemies":"Gremlin Leader","floor":24,"turns":6},{"damage":22,"enemies":"Cultist and Chosen","floor":28,"turns":6},{"damage":26,"enemies":"Snake Plant","floor":29,"turns":3},{"damage":7,"enemies":"Shelled Parasite and Fungi","floor":31,"turns":2},{"damage":18,"enemies":"Collector","floor":33,"turns":6},{"damage":5,"enemies":"Orb Walker","floor":35,"turns":2},{"damage":0,"enemies":"3 Darklings","floor":37,"turns":3},{"damage":0,"enemies":"Mind Bloom Boss Battle","floor":38,"turns":4},{"damage":0,"enemies":"Writhing Mass","floor":41,"turns":2},{"damage":18,"enemies":"Reptomancer","floor":42,"turns":4},{"damage":0,"enemies":"Transient","floor":44,"turns":6},{"damage":0,"enemies":"4 Shapes","floor":45,"turns":2},{"damage":3,"enemies":"Nemesis","floor":47,"turns":4},{"damage":10,"enemies":"Maw","floor":48,"turns":4},{"damage":48,"enemies":"Awakened One","floor":50,"turns":9}],"seed_played":"8607358176304328654","potions_obtained":[{"floor":7.0,"key":"StancePotion"},{"floor":11.0,"key":"FairyPotion"},{"floor":14.0,"key":"PowerPotion"},{"floor":16.0,"key":"Strength Potion"},{"floor":18,"key":"GamblersBrew"},{"floor":19,"key":"BottledMiracle"},{"floor":21,"key":"SkillPotion"},{"floor":24,"key":"LiquidBronze"},{"floor":29,"key":"Block Potion"},{"floor":33,"key":"SkillPotion"},{"floor":35,"key":"LiquidMemories"},{"floor":41,"key":"AttackPotion"},{"floor":42,"key":"PowerPotion"},{"floor":45,"key":"FearPotion"},{"floor":47,"key":"CultistPotion"},{"floor":48,"key":"Explosive Potion"}],"is_trial":false,"path_per_floor":["M","?","M","$","?","R","E","?","T","R","M","R","T","M","R","B",null,"M","M","?","M","?","R","E","R","T","?","M","M","R","M","R","B",null,"M","$","M","?","$","R","M","E","T","M","M","?","E","M","R","B",null],"character_chosen":"WATCHER","items_purchased":["PathToVictory","Protect","Membership Card","Chemical X","FairyPotion","PathToVictory","Incense Burner","Lizard Tail","Toy Ornithopter"],"campfire_rested":4,"item_purchase_floors":[4,4,36,36,36,39,39,39,39],"current_hp_per_floor":[59,52,41,41,41,41,12,34,34,34,34,34,34,33,33,5,52,52,51,35,31,31,51,41,41,41,41,19,20,40,33,53,35,59,54,54,54,54,54,54,59,46,46,46,51,51,50,42,65,25],"gold":54,"neow_bonus":"HUNDRED_GOLD","is_daily":false,"chose_seed":false,"campfire_upgraded":6,"win_rate":0.0,"timestamp":1608842638,"path_taken":["M","?","M","$","?","R","E","?","T","R","M","R","?","?","R","BOSS","M","M","?","M","?","R","E","R","T","?","M","M","R","M","R","BOSS","M","$","M","?","$","R","M","E","T","M","M","?","E","M","R","BOSS"],"items_purchased_type":["Card","Card","Relic","Relic","Potion","Card","Relic","Relic","Relic"],"build_version":"2020-12-22","purchased_purges":3,"victory":true,"max_hp_per_floor":[72,72,72,72,67,67,67,67,67,67,67,67,67,67,67,67,67,67,67,67,67,67,67,67,67,67,67,67,67,67,67,67,67,67,67,67,67,67,67,67,67,67,67,67,67,67,69,71,73,73],"relic_stats":{"Singing Bowl":6,"counters":[24,118],"Golden Idol":174,"Astrolabe":["Indignation","Evaluate","Vengeance"],"Blue Candle":[0],"StoneCalendar":[52],"Letter Opener":[435],"Dream Catcher":3,"Lizard Tail":0,"Chemical X":[1],"obtain_stats":[{"Ice Cream":24,"Singing Bowl":47,"Golden Idol":5,"Astrolabe":34,"Blue Candle":43,"Enchiridion":20,"StoneCalendar":38,"Incense Burner":39,"Letter Opener":9,"White Beast Statue":7,"Du-Vu Doll":2,"Runic Dome":17,"Dream Catcher":26,"Lizard Tail":39,"Bag of Marbles":42,"Red Mask":46,"Membership Card":36,"Chemical X":36,"PureWater":0,"Unceasing Top":13,"Toy Ornithopter":39},{"Ice Cream":10,"Singing Bowl":22,"Golden Idol":2,"Astrolabe":14,"Blue Candle":19,"Enchiridion":8,"StoneCalendar":17,"Incense Burner":17,"Letter Opener":3,"White Beast Statue":3,"Du-Vu Doll":1,"Runic Dome":6,"Dream Catcher":10,"Lizard Tail":17,"Bag of Marbles":19,"Red Mask":21,"Membership Card":15,"Chemical X":15,"PureWater":0,"Unceasing Top":4,"Toy Ornithopter":17},{"Ice Cream":61,"Singing Bowl":105,"Golden Idol":7,"Astrolabe":78,"Blue Candle":93,"Enchiridion":50,"StoneCalendar":87,"Incense Burner":87,"Letter Opener":23,"White Beast Statue":23,"Du-Vu Doll":5,"Runic Dome":42,"Dream Catcher":61,"Lizard Tail":87,"Bag of Marbles":93,"Red Mask":101,"Membership Card":80,"Chemical X":80,"PureWater":0,"Unceasing Top":25,"Toy Ornithopter":87}],"Unceasing Top":[0],"Toy Ornithopter":23},"card_choices":[{"not_picked":["Crescendo","SashWhip"],"picked":"PathToVictory","floor":1.0},{"not_picked":["FearNoEvil","EmptyMind"],"picked":"Protect","floor":3.0},{"not_picked":["Perseverance","FlurryOfBlows"],"picked":"TalkToTheHand","floor":7.0},{"not_picked":["Halt","ClearTheMind"],"picked":"Evaluate","floor":11.0},{"not_picked":["JustLucky","Weave"],"picked":"TalkToTheHand","floor":14.0},{"not_picked":["Omniscience","Alpha"],"picked":"DeusExMachina","floor":16.0},{"not_picked":["Prostrate+1","ReachHeaven","Wallop"],"picked":"SKIP","floor":18},{"not_picked":["EmptyFist","BowlingBash","Vengeance"],"picked":"SKIP","floor":19},{"not_picked":["Weave","FearNoEvil","FollowUp"],"picked":"SKIP","floor":21},{"not_picked":["Protect","WheelKick"],"picked":"PathToVictory","floor":24},{"not_picked":["ThirdEye","Sanctity"],"picked":"PathToVictory+1","floor":28},{"not_picked":["JustLucky","CarveReality+1","ForeignInfluence"],"picked":"SKIP","floor":29},{"not_picked":["SashWhip","MentalFortress"],"picked":"PathToVictory","floor":31},{"not_picked":["Ragnarok","Brilliance"],"picked":"Vault","floor":33},{"not_picked":["Conclude+1","Fasting2+1"],"picked":"PathToVictory+1","floor":35},{"not_picked":["InnerPeace+1","Indignation"],"picked":"Protect+1","floor":37},{"not_picked":["JustLucky+1","BattleHymn+1","EmptyBody"],"picked":"SKIP","floor":41},{"not_picked":["Evaluate","Perseverance+1"],"picked":"Vault","floor":42},{"not_picked":["Perseverance+1","EmptyBody+1","Conclude+1"],"picked":"SKIP","floor":44},{"not_picked":["FollowUp","TalkToTheHand","JustLucky+1"],"picked":"SKIP","floor":45},{"not_picked":["Indignation+1","SashWhip+1","Ragnarok"],"picked":"Singing Bowl","floor":47},{"not_picked":["Consecrate","Indignation+1","ThirdEye+1"],"picked":"Singing Bowl","floor":48},{"not_picked":["MentalFortress","ClearTheMind","CrushJoints"],"picked":"Singing Bowl","floor":49}],"player_experience":433087,"relics_obtained":[{"floor":7.0,"key":"White Beast Statue"},{"floor":9.0,"key":"Letter Opener"},{"floor":13.0,"key":"Unceasing Top"},{"floor":20,"key":"Enchiridion"},{"floor":24,"key":"Ice Cream"},{"floor":26,"key":"Dream Catcher"},{"floor":38,"key":"StoneCalendar"},{"floor":42,"key":"Bag of Marbles"},{"floor":43,"key":"Blue Candle"},{"floor":47,"key":"Singing Bowl"}],"event_choices":[{"damage_healed":0.0,"max_hp_gain":0.0,"max_hp_loss":0.0,"gold_gain":0.0,"event_name":"Scrap Ooze","player_choice":"Success","floor":2.0,"gold_loss":0.0,"damage_taken":7.0,"relics_obtained":["Du-Vu Doll"]},{"damage_healed":0.0,"max_hp_gain":0.0,"max_hp_loss":5.0,"gold_gain":0.0,"event_name":"Golden Idol","player_choice":"Lose Max HP","floor":5.0,"gold_loss":0.0,"damage_taken":0.0,"relics_obtained":["Golden Idol"]},{"damage_healed":22.0,"max_hp_gain":0.0,"max_hp_loss":0.0,"gold_gain":0.0,"event_name":"Big Fish","player_choice":"Banana","floor":8.0,"gold_loss":0.0,"damage_taken":0.0},{"damage_healed":0,"gold_gain":0,"player_choice":"Obtained Book","damage_taken":16,"max_hp_gain":0,"max_hp_loss":0,"event_name":"Cursed Tome","floor":20,"gold_loss":0},{"damage_healed":0,"gold_gain":99,"player_choice":"Stole From Cult","damage_taken":0,"max_hp_gain":0,"max_hp_loss":0,"event_name":"Nest","floor":22,"gold_loss":0},{"damage_healed":0,"gold_gain":0,"player_choice":"Ignored","damage_taken":0,"max_hp_gain":0,"max_hp_loss":0,"event_name":"The Mausoleum","floor":27,"gold_loss":0},{"damage_healed":0,"gold_gain":0,"player_choice":"Fight","damage_taken":0,"max_hp_gain":0,"max_hp_loss":0,"event_name":"MindBloom","floor":38,"gold_loss":0},{"damage_healed":0,"gold_gain":0,"player_choice":"Paid","damage_taken":0,"relics_obtained":["Red Mask"],"max_hp_gain":0,"max_hp_loss":0,"event_name":"Tomb of Lord Red Mask","floor":46,"gold_loss":137}],"is_beta":false,"boss_relics":[{"not_picked":["Coffee Dripper","Ectoplasm"],"picked":"Runic Dome"},{"not_picked":["Velvet Choker","Black Star"],"picked":"Astrolabe"}],"items_purged_floors":[4,36,36],"is_endless":false,"potions_floor_spawned":[7,11,14,16,18,19,21,24,28,29,31,33,35,37,38,41,42,44,45,47,48],"ascension_level":8}}