{"host":"f6tqpspb2ou2a4h5","time":1608817963,"event":{"mods":["2.2 Compatiblity","Ascension Unlocker","BaseMod","Colored Map","DeckTracker","Hermit","Highlight Path","KOR Keyword Fix","Keyboard Shortcuts","Minty Spire (QoL Compilation)","Permanent Neow","Quick Restart","Random Character Button","StSLib","SuperFastMode","The Poker Player","everything is the same but u backflip on backflip"],"gold_per_floor":[119,44,44,44,58,58,82,105,129,145,45,45,78,51,51,140,140,163,176,51,51,51,51,51,70,70,70,70,70,83,101,101,101,101],"floor_reached":33,"playtime":998,"items_purged":["Strike_G","Strike_G","Defend_G"],"score":490,"play_id":"fa36a045-a841-4d88-a890-8ae1ef8c2c54","local_time":"20201224225243","is_ascension_mode":true,"campfire_choices":[{"data":"Terror","floor":6.0,"key":"SMITH"},{"data":"Crippling Poison","floor":12.0,"key":"SMITH"},{"data":"Noxious Fumes","floor":15.0,"key":"SMITH"},{"data":"Phantasmal Killer","floor":23.0,"key":"SMITH"},{"floor":27.0,"key":"REST"},{"data":"Blur","floor":29.0,"key":"SMITH"},{"floor":32.0,"key":"REST"}],"circlet_count":0,"master_deck":["AscendersBane","Defend_G","Defend_G","Defend_G","Survivor","Neutralize","Masterful Stab","Terror+1","Dodge and Roll","Poisoned Stab","Crippling Poison+1","Blur+1","Noxious Fumes+1","Phantasmal Killer+1","Dagger Spray","Escape Plan","Shame","Acrobatics"],"relics":["Ring of the Snake","Strawberry","Golden Idol","Happy Flower","MawBank","Empty Cage","Darkstone Periapt","Kunai"],"acts_visited":["Exordium","TheCity"],"potions_floor_usage":[33,33],"damage_taken":[{"damage":4.0,"enemies":"Small Slimes","floor":1.0,"turns":5.0},{"damage":0.0,"enemies":"Jaw Worm","floor":5.0,"turns":4.0},{"damage":0.0,"enemies":"Cultist","floor":7.0,"turns":3.0},{"damage":0.0,"enemies":"Blue Slaver","floor":8.0,"turns":5.0},{"damage":3.0,"enemies":"Exordium Wildlife","floor":10.0,"turns":3.0},{"damage":12.0,"enemies":"Lagavulin","floor":13.0,"turns":5.0},{"damage":22.0,"enemies":"The Guardian","floor":16.0,"turns":10.0},{"damage":6.0,"enemies":"Spheric Guardian","floor":18.0,"turns":4.0},{"damage":23.0,"enemies":"Shell Parasite","floor":19.0,"turns":7.0},{"damage":8.0,"enemies":"3 Cultists","floor":25.0,"turns":4.0},{"damage":5.0,"enemies":"Centurion and Healer","floor":30.0,"turns":7.0},{"damage":11.0,"enemies":"Cultist and Chosen","floor":31.0,"turns":6.0},{"damage":62,"enemies":"Champ","floor":33,"turns":11}],"seed_played":"-1636192590019648220","potions_obtained":[{"floor":5.0,"key":"FearPotion"},{"floor":7.0,"key":"SneckoOil"},{"floor":13.0,"key":"EssenceOfSteel"},{"floor":16.0,"key":"Weak Potion"},{"floor":18.0,"key":"CunningPotion"}],"is_trial":false,"path_per_floor":["M","$","?","?","M","R","M","M","T","M","$","R","E","$","R","B",null,"M","M","$","?","$","R","$","M","T","R","?","R","M","M","R","B"],"character_chosen":"THE_SILENT","items_purchased":["Noxious Fumes"],"campfire_rested":2,"item_purchase_floors":[14],"current_hp_per_floor":[62,62,67,67,67,67,67,67,67,64,64,64,52,52,52,30,61,55,32,32,32,32,32,32,24,24,45,51,51,46,35,58,0,0],"gold":101,"neow_bonus":"RANDOM_COMMON_RELIC","is_daily":false,"chose_seed":false,"campfire_upgraded":5,"win_rate":0.0,"timestamp":1608817963,"path_taken":["M","$","?","?","M","R","M","M","T","M","?","R","E","?","R","BOSS","M","M","?","?","?","R","$","?","T","R","?","R","M","M","R","BOSS"],"items_purchased_type":["Card"],"build_version":"2020-12-22","purchased_purges":3,"victory":false,"max_hp_per_floor":[73,73,78,71,71,71,71,71,71,71,71,71,71,71,71,71,71,71,71,71,71,71,71,71,71,71,71,77,77,77,77,77,77,77],"card_choices":[{"not_picked":["Quick Slash","Backflip"],"picked":"Masterful Stab","floor":1.0},{"not_picked":["Dodge and Roll","Bane"],"picked":"Terror","floor":5.0},{"not_picked":["Deflect","Deadly Poison"],"picked":"Dodge and Roll","floor":7.0},{"not_picked":["Tactician","Catalyst"],"picked":"Poisoned Stab","floor":8.0},{"not_picked":["Acrobatics","Endless Agony"],"picked":"Crippling Poison","floor":10.0},{"not_picked":["Footwork","PiercingWail"],"picked":"Blur","floor":13.0},{"not_picked":["Storm of Steel","Die Die Die"],"picked":"Phantasmal Killer","floor":16.0},{"not_picked":["Backflip","Bane","Poisoned Stab"],"picked":"SKIP","floor":18.0},{"not_picked":["Flechettes","Dodge and Roll","Well Laid Plans"],"picked":"SKIP","floor":19.0},{"not_picked":["All Out Attack","Flying Knee","Deflect"],"picked":"SKIP","floor":25.0},{"not_picked":["Deadly Poison","Catalyst","Outmaneuver"],"picked":"SKIP","floor":30.0},{"not_picked":["Sucker Punch","Predator"],"picked":"Acrobatics","floor":31.0}],"player_experience":45603,"relics_obtained":[{"floor":9.0,"key":"Happy Flower"},{"floor":13.0,"key":"MawBank"},{"floor":26.0,"key":"Darkstone Periapt"}],"event_choices":[{"damage_healed":0.0,"max_hp_gain":5.0,"max_hp_loss":0.0,"gold_gain":0.0,"event_name":"Big Fish","player_choice":"Donut","floor":3.0,"gold_loss":0.0,"damage_taken":0.0},{"damage_healed":0.0,"max_hp_gain":0.0,"max_hp_loss":7.0,"gold_gain":0.0,"event_name":"Golden Idol","player_choice":"Lose Max HP","floor":4.0,"gold_loss":0.0,"damage_taken":0.0,"relics_obtained":["Golden Idol"]},{"damage_healed":0.0,"max_hp_gain":0.0,"max_hp_loss":0.0,"gold_gain":0.0,"cards_transformed":["Strike_G","Strike_G"],"event_name":"Drug Dealer","player_choice":"Became Test Subject","floor":21.0,"gold_loss":0.0,"damage_taken":0.0,"cards_obtained":["Dagger Spray","Escape Plan"]},{"damage_healed":0.0,"max_hp_gain":0.0,"max_hp_loss":0.0,"gold_gain":0.0,"event_name":"Addict","player_choice":"Stole Relic","floor":28.0,"gold_loss":0.0,"damage_taken":0.0,"relics_obtained":["Kunai"],"cards_obtained":["Shame"]}],"is_beta":false,"boss_relics":[{"not_picked":["Fusion Hammer","Runic Pyramid"],"picked":"Empty Cage"}],"items_purged_floors":[2,11,20],"is_endless":false,"potions_floor_spawned":[5,7,13,16,18,30],"killed_by":"Champ","ascension_level":20}}