{"host":"zhypnm5xlgq8j242","time":1608805902,"event":{"mods":["AchievementEnabler","BaseMod","BetterRewards","Colored Powertips","Hermit","Keyboard Shortcuts","Minty Spire (QoL Compilation)","Quick Restart","Replay The Spire","Shop Mod","StSLib","The Cursed","The Hierophant","The Runesmith"],"gold_per_floor":[117,117,292,303,89,89,89,121,196,196,209,209,15,31,31,128,128,144,144,154,30,30,30,130,145,145,145,145],"floor_reached":27,"playtime":2333,"items_purged":["Doubt","Pain"],"score":316,"play_id":"bdeae28e-869b-4684-945a-b6a4330cef00","local_time":"20201224193142","is_ascension_mode":true,"campfire_choices":[{"data":"Eruption","floor":10.0,"key":"SMITH"},{"data":"Flex","floor":12.0,"key":"SMITH"},{"data":"Battle Trance","floor":15.0,"key":"SMITH"},{"data":"ReplayTheSpireMod:Muscle Training","floor":23,"key":"SMITH"}],"circlet_count":0,"master_deck":["Strike_R","Strike_R","Strike_R","Strike_R","Strike_R","Defend_R","Defend_R","Perfected Strike","Eruption+1","Sword Boomerang","Flex+1","Sword Boomerang","Perfected Strike","Tantrum","Battle Trance+1","Reaper","Twin Strike","Flame Barrier","Abandon","ReplayTheSpireMod:Muscle Training+1","Intimidate","Uppercut+1","Twin Strike","Second Wind+1","Corruption","Flame Barrier"],"relics":["NeowsBlessing","Replay:M_SmolderingBlood","Membership Card","WarpedTongs","Bag of Preparation","Eternal Feather","Sling","MealTicket","Replay:Bronze Core","Orrery","White Beast Statue"],"acts_visited":["Exordium","TheCity"],"potions_floor_usage":[20,27],"damage_taken":[{"damage":0.0,"enemies":"Cultist","floor":1.0,"turns":1.0},{"damage":0.0,"enemies":"2 Louse","floor":4.0,"turns":1.0},{"damage":0.0,"enemies":"Gremlin Nob","floor":8.0,"turns":1.0},{"damage":10.0,"enemies":"Jaw Worm","floor":11.0,"turns":3.0},{"damage":0.0,"enemies":"Large Slime","floor":14.0,"turns":1.0},{"damage":62.0,"enemies":"Hexaghost","floor":16.0,"turns":7.0},{"damage":7,"enemies":"Chosen","floor":18,"turns":4},{"damage":25,"enemies":"3 Byrds","floor":20,"turns":3},{"damage":36,"enemies":"Snake Plant","floor":25,"turns":4},{"damage":33,"enemies":"Book of Stabbing","floor":27,"turns":3}],"seed_played":"3950419258441632217","potions_obtained":[{"floor":11.0,"key":"ElixirPotion"},{"floor":16.0,"key":"ColorlessPotion"},{"floor":25,"key":"Fire Potion"}],"is_trial":false,"path_per_floor":["M","?","?","M","$","?","?","E","T","R","M","R","$","M","R","B",null,"M","?","M","$","?","R","?","M","T","E"],"character_chosen":"IRONCLAD","items_purchased":["Membership Card","Flex","Tantrum","Sling","MealTicket","Orrery"],"campfire_rested":0,"item_purchase_floors":[5,5,13,13,13,21],"current_hp_per_floor":[78,78,78,78,78,83,83,83,83,85,75,84,84,84,85,23,70,63,63,38,53,53,68,68,32,32,0,0],"gold":145,"neow_bonus":"THREE_ENEMY_KILL","is_daily":false,"chose_seed":false,"campfire_upgraded":4,"win_rate":0.0,"timestamp":1608805902,"path_taken":["M","?","?","M","$","?","?","E","T","R","M","R","$","?","R","BOSS","M","?","M","$","?","R","?","M","T","E"],"items_purchased_type":["Relic","Card","Card","Relic","Relic","Relic"],"build_version":"2020-12-22","purchased_purges":2,"victory":false,"max_hp_per_floor":[80,80,80,80,80,85,85,85,85,85,85,85,85,85,85,85,85,85,85,85,85,85,85,85,85,85,85,85],"card_choices":[{"not_picked":["Replay:Undeath\u0027s Touch","Flame Barrier"],"picked":"Perfected Strike","floor":1.0},{"not_picked":["Armaments","Cleave"],"picked":"Sword Boomerang","floor":4.0},{"not_picked":["Shockwave","Offering"],"picked":"Sword Boomerang","floor":8.0},{"not_picked":["Clash","Wild Strike"],"picked":"Perfected Strike","floor":11.0},{"not_picked":["Halt","Iron Wave"],"picked":"Battle Trance","floor":14.0},{"not_picked":["Offering","Impervious"],"picked":"Reaper","floor":16.0},{"not_picked":["True Grit","Anger"],"picked":"Twin Strike","floor":18},{"not_picked":["Burning Pact+1","Clash"],"picked":"ReplayTheSpireMod:Muscle Training","floor":20},{"not_picked":["Clash","Anger"],"picked":"Intimidate","floor":21},{"not_picked":["Shrug It Off","Shockwave"],"picked":"Uppercut+1","floor":21},{"not_picked":["Warcry","Battle Trance"],"picked":"Twin Strike","floor":21},{"not_picked":["Cleave","Clothesline"],"picked":"Second Wind+1","floor":21},{"not_picked":["Massacre+1","Anger"],"picked":"Corruption","floor":21},{"not_picked":["Clash+1","Anger+1"],"picked":"Flame Barrier","floor":25}],"player_experience":606377,"relics_obtained":[{"floor":8.0,"key":"Bag of Preparation"},{"floor":9.0,"key":"Eternal Feather"},{"floor":26,"key":"White Beast Statue"}],"event_choices":[{"damage_healed":0.0,"max_hp_gain":0.0,"max_hp_loss":0.0,"gold_gain":175.0,"event_name":"Liars Game","player_choice":"AGREE","floor":3.0,"gold_loss":0.0,"damage_taken":0.0,"cards_obtained":["Doubt"]},{"damage_healed":0.0,"max_hp_gain":5.0,"max_hp_loss":0.0,"gold_gain":0.0,"event_name":"Big Fish","player_choice":"Donut","floor":6.0,"gold_loss":0.0,"damage_taken":0.0},{"damage_healed":0.0,"max_hp_gain":0.0,"max_hp_loss":0.0,"gold_gain":0.0,"event_name":"Accursed Blacksmith","player_choice":"Rummage","floor":7.0,"gold_loss":0.0,"damage_taken":0.0,"relics_obtained":["WarpedTongs"],"cards_obtained":["Pain"]},{"damage_healed":0,"gold_gain":0,"cards_transformed":["Defend_R","Defend_R"],"player_choice":"Became Test Subject","damage_taken":0,"max_hp_gain":0,"max_hp_loss":0,"event_name":"Drug Dealer","floor":19,"gold_loss":0,"cards_obtained":["Flame Barrier","Abandon"]},{"damage_healed":0,"gold_gain":100,"player_choice":"Pray","damage_taken":0,"max_hp_gain":0,"max_hp_loss":0,"event_name":"Golden Shrine","floor":24,"gold_loss":0}],"is_beta":false,"boss_relics":[{"not_picked":["Tiny House","Runic Pyramid"],"picked":"Replay:Bronze Core"}],"items_purged_floors":[5,21],"is_endless":false,"potions_floor_spawned":[11,16,25],"killed_by":"Book of Stabbing","ascension_level":7}}