{"host":"g1na4j704t0qpw5f","time":1608774137,"event":{"mods":["AchievementEnabler","BaseMod","Card Forge","Colored Powertips","Custom Start","Googly Eyes","Highlight Path","Minty Spire (QoL Compilation)","StSLib"],"gold_per_floor":[114,49178,49198,49208,49223,49248,49248,49279,49279,48669,48684,48684,48715,48733,48733,48807,48807,48822,47841,47858,47858,47878,47922,47933,47959,47995,48014,47939,47939,47255,47297,47297,47380,47380,47396,46508,46524,46542,46565,46606,46606,46632,46644,46699,46711,46755,46791,46833,46845,46857,46869],"floor_reached":52,"playtime":5093,"items_purged":["Strike_B","Strike_B","Strike_B","Defend_B","Defend_B"],"score":2678,"play_id":"e5815283-d8e3-4112-9784-be66649c7a82","local_time":"20201223204217","is_ascension_mode":true,"campfire_choices":[{"data":"Defragment","floor":7.0,"key":"SMITH"},{"floor":12.0,"key":"REST"},{"data":"Consume","floor":15.0,"key":"SMITH"},{"data":"Echo Form","floor":29,"key":"SMITH"},{"data":"Capacitor","floor":32,"key":"SMITH"},{"data":"Redo","floor":41,"key":"SMITH"},{"data":"Dualcast","floor":49,"key":"SMITH"}],"circlet_count":0,"master_deck":["AscendersBane","Defend_B","Defend_B","Zap","Dualcast+1","Melter","Coolheaded+1","Glacier+1","Defragment+1","Blizzard+1","Redo+1","Defragment+1","Coolheaded","Defragment+1","Consume+1","Fission+1","Self Repair","Blizzard+1","Glacier+1","Chill","Defragment+1","Streamline+1","Echo Form+1","Coolheaded+1","Skim+1","Core Surge","Capacitor+1","White Noise+1","Meteor Strike+1","Coolheaded","Fission+1","Double Energy+1","Loop+1","Electrodynamics+1","Self Repair"],"relics":["Hammer of Thor","Seething Fire","Anvil of the Gods","SacredBark","Potion Belt","Symbiotic Virus","Strange Spoon","Regal Pillow","PreservedInsect","Anchor","Ice Cream","Nunchaku","Cables","Nuclear Battery","Bottled Tornado","CeramicFish","DollysMirror","MutagenicStrength","Boot","MealTicket","Ancient Tea Set","Bronze Scales","Orrery","Lantern","Coffee Dripper","Black Star","Bag of Preparation","Omamori","Frozen Eye","Art of War","Centennial Puzzle","MawBank","Molten Egg 2","Letter Opener","Meat on the Bone","Pen Nib","Pear","Blood Vial","Smiling Mask","Calipers"],"acts_visited":["Exordium","TheCity","TheBeyond"],"potions_floor_usage":[18,50,50,50,50],"damage_taken":[{"damage":2.0,"enemies":"Cultist","floor":1.0,"turns":4.0},{"damage":1.0,"enemies":"Small Slimes","floor":3.0,"turns":3.0},{"damage":5.0,"enemies":"Jaw Worm","floor":4.0,"turns":3.0},{"damage":20.0,"enemies":"Lots of Slimes","floor":5.0,"turns":6.0},{"damage":18.0,"enemies":"Gremlin Nob","floor":6.0,"turns":4.0},{"damage":9.0,"enemies":"3 Sentries","floor":8.0,"turns":9.0},{"damage":0.0,"enemies":"Large Slime","floor":11.0,"turns":8.0},{"damage":0.0,"enemies":"Lagavulin","floor":13.0,"turns":6.0},{"damage":0.0,"enemies":"Blue Slaver","floor":14.0,"turns":6.0},{"damage":0.0,"enemies":"Hexaghost","floor":16.0,"turns":14.0},{"damage":3,"enemies":"3 Byrds","floor":18,"turns":5},{"damage":0,"enemies":"Chosen","floor":20,"turns":10},{"damage":22,"enemies":"Centurion and Healer","floor":22,"turns":8},{"damage":2,"enemies":"Book of Stabbing","floor":23,"turns":6},{"damage":0,"enemies":"Chosen and Byrds","floor":24,"turns":7},{"damage":0,"enemies":"Shelled Parasite and Fungi","floor":25,"turns":5},{"damage":0,"enemies":"Snake Plant","floor":27,"turns":4},{"damage":0,"enemies":"Gremlin Leader","floor":31,"turns":8},{"damage":0,"enemies":"Champ","floor":33,"turns":10},{"damage":0,"enemies":"3 Shapes","floor":35,"turns":5},{"damage":0,"enemies":"Orb Walker","floor":37,"turns":4},{"damage":38,"enemies":"Transient","floor":38,"turns":6},{"damage":0,"enemies":"Jaw Worm Horde","floor":39,"turns":5},{"damage":0,"enemies":"Giant Head","floor":40,"turns":6},{"damage":32,"enemies":"Nemesis","floor":42,"turns":3},{"damage":0,"enemies":"Giant Head","floor":44,"turns":5},{"damage":32,"enemies":"Nemesis","floor":46,"turns":3},{"damage":9,"enemies":"4 Shapes","floor":47,"turns":3},{"damage":0,"enemies":"Reptomancer","floor":48,"turns":3},{"damage":45,"enemies":"Time Eater","floor":50,"turns":4},{"damage":19,"enemies":"Awakened One","floor":51,"turns":12}],"seed_played":"7235084499792198129","potions_obtained":[{"floor":1.0,"key":"FocusPotion"},{"floor":4.0,"key":"FearPotion"},{"floor":11.0,"key":"Explosive Potion"},{"floor":13.0,"key":"BlessingOfTheForge"},{"floor":16.0,"key":"AttackPotion"},{"floor":46,"key":"Regen Potion"}],"is_trial":false,"path_per_floor":["M","$","M","M","M","E","R","E","T","$","M","R","E","M","R","B",null,"M","$","M","?","M","E","M","M","T","M","?","R","$","E","R","B",null,"M","$","M","M","M","E","R","E","T","E","?","E","M","E","R","B","B",null],"character_chosen":"DEFECT","items_purchased":["Coolheaded","Glacier","Defragment","Blizzard","Potion Belt","Symbiotic Virus","Strange Spoon","Ice Cream","Nunchaku","Bottled Tornado","CeramicFish","Self Repair","Blizzard","DollysMirror","EssenceOfDarkness","PowerPotion","Ancient Tea Set","Bronze Scales","Orrery","Core Surge","Bag of Preparation","Omamori","Frozen Eye","Coolheaded","Fission"],"campfire_rested":1,"item_purchase_floors":[2,2,2,2,2,2,2,10,10,19,19,19,19,19,19,19,30,30,30,30,36,36,36,36,36],"current_hp_per_floor":[62,62,61,56,36,18,18,9,9,9,9,45,45,45,45,45,65,62,62,69,69,54,59,66,71,71,71,71,71,71,71,71,71,71,71,71,71,47,54,61,61,29,29,36,36,33,52,68,68,37,39],"gold":46881,"neow_bonus":"BOSS_RELIC","is_daily":false,"chose_seed":false,"campfire_upgraded":6,"win_rate":0.0,"timestamp":1608774137,"path_taken":["M","$","?","M","M","E","R","E","T","$","?","R","E","M","R","BOSS","M","$","M","?","M","E","M","M","T","M","?","R","$","E","R","BOSS","M","$","M","M","M","E","R","E","T","E","?","E","?","E","R","BOSS","BOSS"],"items_purchased_type":["Card","Card","Card","Card","Relic","Relic","Relic","Relic","Relic","Relic","Relic","Card","Card","Relic","Potion","Potion","Relic","Relic","Relic","Card","Relic","Relic","Relic","Card","Card"],"build_version":"2020-12-22","purchased_purges":5,"victory":true,"max_hp_per_floor":[71,71,71,71,71,71,71,71,71,71,71,71,71,71,71,71,71,71,71,71,71,71,71,71,71,71,71,71,71,71,71,71,71,71,71,71,71,71,71,71,71,71,71,71,71,81,81,81,81,81,81],"card_choices":[{"not_picked":["Conserve Battery","Gash"],"picked":"Melter","floor":1.0},{"not_picked":["Sweeping Beam","Steam"],"picked":"Redo","floor":3.0},{"not_picked":["Reinforced Body","Machine Learning"],"picked":"Defragment","floor":4.0},{"not_picked":["Streamline","Ball Lightning"],"picked":"Coolheaded","floor":5.0},{"not_picked":["Force Field","Conserve Battery","Barrage"],"picked":"SKIP","floor":6.0},{"not_picked":["Sunder","Rainbow"],"picked":"Defragment","floor":8.0},{"not_picked":["Barrage","Go for the Eyes","Beam Cell"],"picked":"SKIP","floor":11.0},{"not_picked":["FTL","Leap"],"picked":"Consume","floor":13.0},{"not_picked":["Barrage","Streamline","Reprogram"],"picked":"SKIP","floor":14.0},{"not_picked":["Machine Learning","Buffer"],"picked":"Fission","floor":16.0},{"not_picked":["Beam Cell","Rebound","Ball Lightning"],"picked":"SKIP","floor":18},{"not_picked":["Steam Power","FTL","White Noise"],"picked":"SKIP","floor":20},{"not_picked":["Loop","Aggregate","FTL"],"picked":"SKIP","floor":22},{"not_picked":["Thunder Strike","Fusion"],"picked":"Chill","floor":23},{"not_picked":["Compile Driver","Streamline+1","Rebound"],"picked":"SKIP","floor":24},{"not_picked":["Lockon","Conserve Battery"],"picked":"Defragment","floor":25},{"not_picked":["Steam","Consume"],"picked":"Echo Form","floor":27},{"not_picked":["Auto Shields","Leap"],"picked":"Rebound","floor":30},{"not_picked":["Steam Power","Capacitor"],"picked":"Coolheaded+1","floor":30},{"not_picked":["FTL","Rebound"],"picked":"Skim+1","floor":30},{"not_picked":["Leap","Blizzard"],"picked":"White Noise+1","floor":31},{"not_picked":["Buffer","Multi-Cast"],"picked":"Meteor Strike","floor":33},{"not_picked":["Steam Power","Sweeping Beam","Sunder+1"],"picked":"SKIP","floor":35},{"not_picked":["Scrape+1","Hello World","Conserve Battery"],"picked":"SKIP","floor":37},{"not_picked":["Rebound","Leap","Sweeping Beam+1"],"picked":"SKIP","floor":38},{"not_picked":["Lockon","Redo+1"],"picked":"Double Energy+1","floor":39},{"not_picked":["BootSequence","Streamline+1"],"picked":"Loop+1","floor":40},{"not_picked":["Force Field","White Noise","Thunder Strike+1"],"picked":"SKIP","floor":42},{"not_picked":["Darkness","Reinforced Body"],"picked":"Electrodynamics","floor":44},{"not_picked":["Reinforced Body","Force Field+1","Heatsinks"],"picked":"SKIP","floor":46},{"not_picked":["Skim+1","Auto Shields"],"picked":"Self Repair","floor":47},{"not_picked":["Tempest","Sweeping Beam+1","Auto Shields"],"picked":"SKIP","floor":48}],"player_experience":498361,"relics_obtained":[{"floor":6.0,"key":"Regal Pillow"},{"floor":8.0,"key":"PreservedInsect"},{"floor":9.0,"key":"Anchor"},{"floor":13.0,"key":"Cables"},{"floor":23,"key":"Boot"},{"floor":26,"key":"MealTicket"},{"floor":31,"key":"Lantern"},{"floor":40,"key":"Art of War"},{"floor":40,"key":"Centennial Puzzle"},{"floor":42,"key":"MawBank"},{"floor":42,"key":"Molten Egg 2"},{"floor":43,"key":"Letter Opener"},{"floor":44,"key":"Meat on the Bone"},{"floor":44,"key":"Pen Nib"},{"floor":46,"key":"Pear"},{"floor":46,"key":"Blood Vial"},{"floor":48,"key":"Smiling Mask"},{"floor":48,"key":"Calipers"}],"event_choices":[{"damage_healed":0,"gold_gain":0,"player_choice":"Inject Mutagens","damage_taken":0,"relics_obtained":["MutagenicStrength"],"max_hp_gain":0,"max_hp_loss":0,"event_name":"Drug Dealer","floor":21,"gold_loss":0},{"cards_removed":["Strike_B"],"damage_healed":0,"gold_gain":0,"player_choice":"Gave Gold","damage_taken":0,"max_hp_gain":0,"max_hp_loss":0,"event_name":"Beggar","floor":28,"gold_loss":75},{"damage_healed":0,"gold_gain":0,"player_choice":"Upgraded","damage_taken":0,"max_hp_gain":0,"max_hp_loss":0,"event_name":"Upgrade Shrine","floor":45,"gold_loss":0,"cards_upgraded":["Electrodynamics"]}],"is_beta":false,"boss_relics":[{"not_picked":["Calling Bell","Busted Crown"],"picked":"Nuclear Battery"},{"not_picked":["Black Star","Tiny House"],"picked":"Coffee Dripper"}],"items_purged_floors":[2,10,19,30,36],"is_endless":false,"potions_floor_spawned":[1,4,11,13,16,20,22,27,31,42,46,47,48],"ascension_level":20}}