{"host":"h5acbxt0wmjo1kpm","time":1608811471,"event":{"mods":["2.2 Compatiblity","Act Like it!","AlwaysNeverKeys","Aspiration","Bartender","BaseMod","Better Third Choice","Colored Map","Elementarium","Gensokyo","GifTheSpireLib","Hallownest","Marisa????????","Minty Spire (QoL Compilation)","Permanent Neow","Potionbrewer","Relic Filter","Replay The Spire","Robot Space Explorer","RumiaBox-????????","Shade Mod","Spicy Shops","StSLib","Strawberry Spire","The Blackbeard","The Dragon Tamer","The Forsaken","The Gatherer","The Problem Sleuth","The Servant 0.9.4","Wandering Minibosses","vexMod"],"gold_per_floor":[112,112,34,45,59,59,92,92,92,73,73,88,158,173,173,173,173],"floor_reached":16,"playtime":825,"items_purged":[],"score":148,"play_id":"053ea73a-eb33-4a29-94f2-d1e432486408","local_time":"20201224040431","is_ascension_mode":true,"campfire_choices":[{"data":"Toxin Wave","floor":6,"key":"SMITH"},{"data":"Neutralize","floor":8,"key":"SMITH"},{"data":"Well Laid Plans","floor":11,"key":"SMITH"},{"data":"Bouncing Flask","floor":15,"key":"SMITH"}],"circlet_count":0,"master_deck":["AscendersBane","Strike_G","Strike_G","Strike_G","Strike_G","Strike_G","Defend_G","Defend_G","Defend_G","Defend_G","Defend_G","Survivor","Neutralize+1","Dagger Spray","Bouncing Flask+1","Escape Plan","Toxin Wave+1","Well Laid Plans+1","strawberrySpire:Insectonator"],"relics":["Ring of the Snake","NeowsBlessing","Baka","Hallownest:DreamNailRelic","aspiration:HatOfInfinitePower","Smiling Mask"],"acts_visited":["Hallownest:Greenpath"],"potions_floor_usage":[14,16,16,16],"damage_taken":[{"damage":0,"enemies":"Hallownest:2_MossCreeps","floor":1,"turns":1},{"damage":0,"enemies":"Hallownest:monsterHuskWarrior","floor":4,"turns":1},{"damage":0,"enemies":"Hallownest:monsterHuskGuard","floor":5,"turns":1},{"damage":7,"enemies":"Hallownest:eliteVengeflyKing","floor":7,"turns":7},{"damage":11,"enemies":"Hallownest:Wandering_and_Horned","floor":10,"turns":5},{"damage":2,"enemies":"Hallownest:Guard_and_Warrior","floor":12,"turns":4},{"damage":0,"enemies":"Hallownest:1_Baldur_1_Crawlid_1_Warrior","floor":14,"turns":3},{"damage":58,"enemies":"Hallownest:BossHornet","floor":16,"turns":9}],"seed_played":"-867445674353615778","potions_obtained":[{"floor":5,"key":"Weak Potion"},{"floor":7,"key":"Adrenaline Potion"},{"floor":10,"key":"Swift Potion"},{"floor":14,"key":"potionbrewer:InfectionPotion"}],"is_trial":false,"path_per_floor":["M","?","$","M","M","R","E","R","T","M","R","M","?","M","R","B"],"character_chosen":"THE_SILENT","items_purchased":["Bouncing Flask"],"campfire_rested":0,"item_purchase_floors":[3],"current_hp_per_floor":[63,63,63,63,63,63,56,56,56,45,45,43,43,43,43,0,0],"gold":173,"neow_bonus":"THREE_ENEMY_KILL","is_daily":false,"chose_seed":false,"campfire_upgraded":4,"win_rate":0.0,"timestamp":1608811471,"path_taken":["M","?","$","M","?","R","E","R","T","M","R","M","?","?","R","BOSS"],"items_purchased_type":["Card"],"build_version":"2020-12-22","purchased_purges":0,"victory":false,"max_hp_per_floor":[70,70,70,70,70,70,70,70,70,70,70,70,70,70,70,70,70],"card_choices":[{"not_picked":["Slice","strawberrySpire:SpinKick"],"picked":"Dagger Spray","floor":1},{"not_picked":["Acrobatics","Sucker Punch"],"picked":"Escape Plan","floor":4},{"not_picked":["Dagger Throw","Reflex"],"picked":"Toxin Wave","floor":5},{"not_picked":["Replay:Poison Smokescreen","ReplayTheSpireMod:The Works","Underhanded Strike"],"picked":"SKIP","floor":7},{"not_picked":["Bane","Dagger Throw"],"picked":"Well Laid Plans","floor":10},{"not_picked":["Bane","strawberrySpire:SpinKick","Setup"],"picked":"SKIP","floor":12},{"not_picked":["Outmaneuver","Quick Slash"],"picked":"strawberrySpire:Insectonator","floor":14}],"player_experience":1926401,"relics_obtained":[{"floor":1,"key":"Baka"},{"floor":4,"key":"aspiration:HatOfInfinitePower"},{"floor":7,"key":"Smiling Mask"},{"floor":9,"key":"Calipers"}],"event_choices":[],"is_beta":false,"boss_relics":[],"items_purged_floors":[],"is_endless":false,"potions_floor_spawned":[5,7,10,14],"killed_by":"Hallownest:BossHornet","ascension_level":10}}