{"host":"2qv44oxt58ptq59r","time":1608821718,"event":{"mods":["AchievementEnabler","BaseMod","Colored Powertips","Highlight Path","Minty Spire (QoL Compilation)","Permanent Neow","StSLib"],"gold_per_floor":[119,69,84,96,96,124,1,32,58,58,77,94,113,113,113,243,243,258,218,239,12,25,25,39,60,60,93,0,0,0,0,0,129,129,144,167,190,190,19,19,19,38,38,38,38],"floor_reached":44,"playtime":10505,"items_purged":[],"score":490,"play_id":"383c7ca9-9f45-4ff9-92ef-e2915bfefc42","local_time":"20201224145518","is_ascension_mode":false,"campfire_choices":[{"floor":10.0,"key":"REST"},{"floor":15.0,"key":"REST"},{"floor":23.0,"key":"REST"},{"floor":30,"key":"REST"},{"floor":32,"key":"REST"},{"floor":41,"key":"REST"}],"circlet_count":0,"master_deck":["Strike_R","Strike_R","Strike_R","Defend_R","Defend_R","Defend_R","Defend_R","Bash","Trip","Searing Blow","Thunderclap","Spot Weakness","Fire Breathing","Trip","Blood for Blood","Inflame","Limit Break","Armaments","Pommel Strike","Limit Break","CurseOfTheBell","True Grit+1","Disarm","Clothesline","Feel No Pain","Shockwave+1","Heavy Blade","Fire Breathing+1","Impervious","RitualDagger","Wild Strike","Power Through","Juggernaut","Rage+1","Headbutt+1","Seeing Red+1","Madness","Madness","Flame Barrier"],"relics":["Burning Blood","Pen Nib","Lantern","Golden Idol","Calling Bell","Oddly Smooth Stone","Meat on the Bone","Shovel","Bag of Marbles","Gremlin Horn","Dream Catcher","Mark of Pain","Eternal Feather"],"acts_visited":["Exordium","TheCity","TheBeyond"],"potions_floor_usage":[25,27,27,37,37,42,42,44],"damage_taken":[{"damage":4.0,"enemies":"Jaw Worm","floor":1.0,"turns":4.0},{"damage":0.0,"enemies":"2 Louse","floor":3.0,"turns":2.0},{"damage":1.0,"enemies":"Cultist","floor":4.0,"turns":3.0},{"damage":10.0,"enemies":"Gremlin Nob","floor":6.0,"turns":3.0},{"damage":29.0,"enemies":"Lagavulin","floor":8.0,"turns":6.0},{"damage":1.0,"enemies":"Large Slime","floor":11.0,"turns":6.0},{"damage":16.0,"enemies":"Red Slaver","floor":12.0,"turns":3.0},{"damage":4.0,"enemies":"Blue Slaver","floor":13.0,"turns":3.0},{"damage":19.0,"enemies":"Slime Boss","floor":16.0,"turns":8.0},{"damage":28.0,"enemies":"3 Byrds","floor":18.0,"turns":5.0},{"damage":17.0,"enemies":"Shell Parasite","floor":20.0,"turns":6.0},{"damage":5.0,"enemies":"Snecko","floor":22.0,"turns":6.0},{"damage":41.0,"enemies":"Shelled Parasite and Fungi","floor":24.0,"turns":6.0},{"damage":32,"enemies":"Chosen and Byrds","floor":25,"turns":7},{"damage":28,"enemies":"Book of Stabbing","floor":27,"turns":6},{"damage":58,"enemies":"Automaton","floor":33,"turns":12},{"damage":28,"enemies":"3 Darklings","floor":35,"turns":6},{"damage":16,"enemies":"Orb Walker","floor":36,"turns":4},{"damage":30,"enemies":"Maw","floor":37,"turns":8},{"damage":9,"enemies":"4 Shapes","floor":42,"turns":4},{"damage":76,"enemies":"Spire Growth","floor":44,"turns":5}],"seed_played":"-6114938334097233036","potions_obtained":[{"floor":4.0,"key":"Swift Potion"},{"floor":6.0,"key":"SkillPotion"},{"floor":8.0,"key":"Dexterity Potion"},{"floor":16.0,"key":"SpeedPotion"},{"floor":19.0,"key":"EntropicBrew"},{"floor":19.0,"key":"SmokeBomb"},{"floor":19.0,"key":"BlessingOfTheForge"},{"floor":20.0,"key":"FearPotion"},{"floor":24.0,"key":"Energy Potion"},{"floor":25,"key":"AttackPotion"},{"floor":36,"key":"GamblersBrew"}],"is_trial":false,"path_per_floor":["M","?","M","M","?","E","$","E","T","R","M","M","M","?","R","B",null,"M","?","M","$","M","R","M","M","T","E","?","?","R","$","R","B",null,"M","M","M","?","$","?","R","M","T","M"],"character_chosen":"IRONCLAD","items_purchased":["Trip","Blood for Blood","Bag of Marbles","Clothesline","Feel No Pain","Regen Potion","AttackPotion","FearPotion"],"campfire_rested":6,"item_purchase_floors":[7,7,21,21,21,39,39,39],"current_hp_per_floor":[80,80,80,80,80,76,76,53,53,77,80,70,72,52,76,63,80,58,58,47,47,48,72,49,35,35,25,25,19,43,43,67,27,80,58,48,36,36,36,26,50,59,59,0,0],"gold":38,"neow_bonus":"RANDOM_COLORLESS","is_daily":false,"chose_seed":false,"campfire_upgraded":0,"win_rate":0.0,"timestamp":1608821718,"path_taken":["M","?","M","M","?","E","$","E","T","R","M","?","M","?","R","BOSS","M","?","M","$","?","R","M","M","T","E","?","?","R","?","R","BOSS","M","M","M","?","$","?","R","M","T","M"],"items_purchased_type":["Card","Card","Relic","Card","Card","Potion","Potion","Potion"],"build_version":"2020-12-22","purchased_purges":0,"victory":false,"max_hp_per_floor":[80,80,80,80,80,80,80,80,80,80,80,80,80,80,80,80,80,80,80,80,80,80,80,80,80,80,80,80,80,80,80,80,80,80,80,80,80,80,80,80,80,80,80,80,80],"card_choices":[{"not_picked":["Forethought","Deep Breath"],"picked":"Trip","floor":0.0},{"not_picked":["Rupture","Cleave"],"picked":"Searing Blow","floor":1.0},{"not_picked":["Perfected Strike","Iron Wave"],"picked":"Thunderclap","floor":3.0},{"not_picked":["Bloodletting","Havoc"],"picked":"Spot Weakness","floor":4.0},{"not_picked":["True Grit","Blood for Blood"],"picked":"Fire Breathing","floor":6.0},{"not_picked":["Wild Strike","True Grit"],"picked":"Inflame","floor":8.0},{"not_picked":["Disarm","Wild Strike"],"picked":"Limit Break","floor":11.0},{"not_picked":["Clash","Pommel Strike"],"picked":"Armaments","floor":12.0},{"not_picked":["Clash","Sever Soul"],"picked":"Pommel Strike","floor":13.0},{"not_picked":["Barricade","Exhume"],"picked":"Limit Break","floor":16.0},{"not_picked":["Inflame","Iron Wave"],"picked":"True Grit+1","floor":18.0},{"not_picked":["Dropkick","Spot Weakness"],"picked":"Disarm","floor":20.0},{"not_picked":["Bloodletting+1","Warcry"],"picked":"Shockwave+1","floor":22.0},{"not_picked":["Sword Boomerang+1","Entrench+1"],"picked":"Heavy Blade","floor":24.0},{"not_picked":["Twin Strike","Cleave"],"picked":"Fire Breathing+1","floor":25},{"not_picked":["Hemokinesis+1","Brutality"],"picked":"Impervious","floor":27},{"not_picked":["Havoc","Shockwave"],"picked":"Wild Strike","floor":30},{"not_picked":["Shockwave+1","Flame Barrier"],"picked":"Power Through","floor":32},{"not_picked":["Impervious","Barricade"],"picked":"Juggernaut","floor":33},{"not_picked":["Evolve","Perfected Strike"],"picked":"Rage+1","floor":35},{"not_picked":["Rampage","Twin Strike"],"picked":"Headbutt+1","floor":36},{"not_picked":["Perfected Strike+1","Iron Wave+1"],"picked":"Seeing Red+1","floor":37},{"not_picked":["Perfected Strike+1","Brutality"],"picked":"Flame Barrier","floor":42}],"player_experience":5000565,"relics_obtained":[{"floor":6.0,"key":"Pen Nib"},{"floor":8.0,"key":"Lantern"},{"floor":17.0,"key":"Oddly Smooth Stone"},{"floor":17.0,"key":"Meat on the Bone"},{"floor":17.0,"key":"Shovel"},{"floor":26,"key":"Gremlin Horn"},{"floor":27,"key":"Dream Catcher"},{"floor":43,"key":"Eternal Feather"}],"event_choices":[{"cards_removed":["Strike_R"],"damage_healed":0.0,"max_hp_gain":0.0,"max_hp_loss":0.0,"gold_gain":0.0,"event_name":"The Cleric","player_choice":"Card Removal","floor":2.0,"gold_loss":50.0,"damage_taken":0.0},{"cards_removed":["Strike_R"],"damage_healed":0.0,"max_hp_gain":0.0,"max_hp_loss":0.0,"gold_gain":0.0,"event_name":"Bonfire Elementals","player_choice":"Offered Basic","floor":5.0,"gold_loss":0.0,"damage_taken":0.0},{"damage_healed":0.0,"max_hp_gain":0.0,"max_hp_loss":0.0,"gold_gain":0.0,"event_name":"Golden Idol","player_choice":"Take Damage","floor":14.0,"gold_loss":0.0,"damage_taken":20.0,"relics_obtained":["Golden Idol"]},{"damage_healed":0.0,"max_hp_gain":0.0,"max_hp_loss":0.0,"gold_gain":0.0,"event_name":"The Woman in Blue","player_choice":"Bought 3 Potions","floor":19.0,"gold_loss":0.0,"damage_taken":0.0},{"damage_healed":0,"gold_gain":0,"player_choice":"Paid Fearfully","damage_taken":0,"max_hp_gain":0,"max_hp_loss":0,"event_name":"Masked Bandits","floor":28,"gold_loss":93},{"damage_healed":0,"gold_gain":0,"player_choice":"Joined the Cult","damage_taken":6,"max_hp_gain":0,"max_hp_loss":0,"event_name":"Nest","floor":29,"gold_loss":0,"cards_obtained":["RitualDagger"]},{"damage_healed":0,"gold_gain":0,"player_choice":"Ignored","damage_taken":0,"max_hp_gain":0,"max_hp_loss":0,"event_name":"Tomb of Lord Red Mask","floor":38,"gold_loss":0},{"damage_healed":0,"gold_gain":0,"player_choice":"Embrace Madness","damage_taken":10,"max_hp_gain":0,"max_hp_loss":0,"event_name":"Winding Halls","floor":40,"gold_loss":0,"cards_obtained":["Madness","Madness"]}],"is_beta":false,"boss_relics":[{"not_picked":["Tiny House","Fusion Hammer"],"picked":"Calling Bell"},{"not_picked":["Astrolabe","Cursed Key"],"picked":"Mark of Pain"}],"items_purged_floors":[],"is_endless":false,"potions_floor_spawned":[4,6,8,16,20,24,25,36],"killed_by":"Spire Growth","ascension_level":0}}