{"host":"njruw0b0uprlitpx","time":1608832135,"event":{"mods":["2.2 Compatiblity","Astrologer","Bartender","BaseMod","Better Altar","Better Match","Better Note","Better Sensory Stone","Better Skull","Better Third Choice","BetterRewards","Block Reminder","Chen","Colored Map","Colored Powertips","Jedi Mod","Keyboard Shortcuts","Magitek Elite","Minty Spire (QoL Compilation)","Quick Restart","Relic Stats","Replay The Spire","SacredBarkPlus","Spicy Shops","StSLib","SuperFastMode","The Construct","The Disciple","The Evolution","The Forsaken","The Marked","The Mystic","The Necromancer","The Spell Scribe","TheVelvet","Wandering Minibosses"],"gold_per_floor":[114,114,25,40,40,40,53,53,101,101,115,190,400,428,428,526,526,541,55,68,68,84,84,104,104,128,46,64,64,97,97,97,192,192,212,262,3,21,84,122,122,2,2,2,23,41,0,0,0,0],"floor_reached":51,"playtime":1673,"items_purged":["construct:Strike_Gold"],"score":1514,"play_id":"b9a09925-6583-4a91-82b7-cc92f1579043","local_time":"20201224114855","is_ascension_mode":true,"campfire_choices":[{"data":"construct:QuickAttack","floor":6,"key":"SMITH"},{"data":"construct:QuickAttack+1","floor":8,"key":"SMITH"},{"data":"construct:Zapper","floor":10,"key":"SMITH"},{"floor":15,"key":"REST"},{"data":"construct:SiegeForm","floor":23,"key":"SMITH"},{"data":"construct:SiegeForm+1","floor":25,"key":"SMITH"},{"data":"construct:MemoryTap","floor":32,"key":"SMITH"},{"data":"construct:GatlingGun","floor":41,"key":"SMITH"},{"data":"construct:GatlingGun+1","floor":49,"key":"SMITH"}],"circlet_count":0,"master_deck":["construct:Zapper+2","construct:ScrapCannon","construct:QuickAttack+2","jedi:cleanse+1","construct:VentSteam","construct:SyphonStrike","construct:Disrupt","construct:MassProduction","construct:Versatility","construct:SiegeForm+2","construct:GatlingGun","AbeCurse","construct:SweepLaser+1","construct:ForceCore+1","construct:Reinforce+1","construct:MetalShell","construct:MemoryTap+1","construct:SaveState","construct:Boost+1","construct:SiegeForm+2","construct:HastyRepair","construct:Construct_Overclock","construct:SweepLaser","construct:Failsafe","construct:Accumulate","construct:GatlingGun+2","construct:ScopeCore","construct:PointDefense","construct:Disrupt","construct:Missile","Delirium","construct:FlakBarrage","construct:Versatility+1","CommonCold","construct:HyperBeam","construct:SiegeForm","construct:Missile+1","construct:UnbalancingBlast"],"relics":["construct:ClockworkPhoenix","Genji_Glove","Ribbon","jedi:purplefairy","Oddly Smooth Stone","Membership Card","Whetstone","Anchor","Abe\u0027s Treasure","Power_Wrist","Replay:Bottled Snecko","Toy Ornithopter","CultistMask","Juzu Bracelet","Replay:Wax Seal","Pandora\u0027s Box","Ring of Greed","MawBank","Golden Idol","Potion Belt","Akabeko","Thread and Needle","Replay:PocketPolymizer","Bottled Lightning","jedi:heavyjacket","Red Mask"],"acts_visited":["Exordium","TheCity","TheBeyond"],"potions_floor_usage":[14,14,16,30,33,33,33,39,39,39,45,50,50,50],"damage_taken":[{"damage":3,"enemies":"2 Louse","floor":1,"turns":2},{"damage":8,"enemies":"Small Slimes","floor":4,"turns":3},{"damage":12,"enemies":"Jaw Worm","floor":7,"turns":2},{"damage":0,"enemies":"2 Fungi Beasts","floor":11,"turns":2},{"damage":6,"enemies":"Lagavulin","floor":14,"turns":6},{"damage":41,"enemies":"Slime Boss","floor":16,"turns":10},{"damage":0,"enemies":"Shell Parasite","floor":18,"turns":4},{"damage":0,"enemies":"Spheric Guardian","floor":20,"turns":1},{"damage":12,"enemies":"Chosen and Byrds","floor":22,"turns":4},{"damage":0,"enemies":"Cultist and Chosen","floor":24,"turns":2},{"damage":3,"enemies":"Snecko","floor":28,"turns":5},{"damage":0,"enemies":"Book of Stabbing","floor":30,"turns":4},{"damage":0,"enemies":"Champ","floor":33,"turns":5},{"damage":13,"enemies":"Orb Walker","floor":35,"turns":3},{"damage":23,"enemies":"3 Shapes","floor":38,"turns":5},{"damage":18,"enemies":"Mind Bloom Boss Battle","floor":39,"turns":3},{"damage":0,"enemies":"R_Hoarder","floor":40,"turns":5},{"damage":3,"enemies":"Maw","floor":45,"turns":4},{"damage":6,"enemies":"4 Shapes","floor":46,"turns":2},{"damage":32,"enemies":"Awakened One","floor":50,"turns":9}],"seed_played":"3930151973495151213","potions_obtained":[{"floor":4,"key":"Swift Potion"},{"floor":7,"key":"Milkshake"},{"floor":11,"key":"LifebloodPotion"},{"floor":33,"key":"GamblersBrew"},{"floor":45,"key":"Fruit Juice"},{"floor":46,"key":"Weak Potion"}],"is_trial":false,"path_per_floor":["M","?","$","M","?","R","M","R","T","R","M","?","?","E","R","B",null,"M","$","M","?","M","R","M","R","T","$","M","?","E","?","R","B",null,"M","?","$","M","?","E","R","$","T","?","M","M","?","?","R","B",null],"character_chosen":"THE_CONSTRUCT_MOD","items_purchased":["Genji_Glove","Ribbon","construct:Zapper","Oddly Smooth Stone","construct:ScrapCannon","Membership Card","construct:VentSteam","Power_Wrist","Replay:Bottled Snecko","Toy Ornithopter","PowerPotion","jedi:StrikingPotion","Strength Potion","construct:LongRangeLance","construct:MemoryTap","Potion Belt","DuplicationPotion","EssenceOfSteel","Akabeko","FearPotion","Bottled Lightning"],"campfire_rested":1,"item_purchase_floors":[0,0,0,0,0,3,3,19,19,19,19,19,19,19,27,37,37,37,37,37,42],"current_hp_per_floor":[74,74,74,66,49,54,42,47,47,52,52,41,41,35,60,19,69,69,69,69,69,57,58,58,59,59,59,56,56,61,61,62,77,83,70,70,70,47,44,56,57,57,57,57,64,80,80,80,81,59],"gold":0,"neow_bonus":"","is_daily":false,"chose_seed":false,"campfire_upgraded":8,"win_rate":0.0,"timestamp":1608832135,"path_taken":["M","?","$","M","?","R","M","R","T","R","M","?","?","E","R","BOSS","M","$","M","?","M","R","M","R","T","$","M","?","E","?","R","BOSS","M","?","$","M","?","E","R","?","T","?","M","M","?","?","R","BOSS"],"items_purchased_type":["Relic","Relic","Card","Relic","Card","Relic","Card","Relic","Relic","Relic","Potion","Potion","Potion","Card","Card","Relic","Potion","Potion","Relic","Potion","Relic"],"build_version":"2020-12-22","purchased_purges":1,"victory":true,"max_hp_per_floor":[85,85,85,85,85,85,85,85,85,85,85,85,85,85,85,85,85,85,85,85,85,85,85,85,85,85,85,85,85,85,85,85,85,85,85,85,85,85,85,83,83,83,83,83,88,86,86,86,86,86],"relic_stats":{"counters":[20,81],"Golden Idol":58,"Pandora\u0027s Box":["construct:Construct_Overclock","construct:SweepLaser","construct:Failsafe","construct:Accumulate","construct:GatlingGun","construct:ScopeCore","construct:PointDefense","construct:Disrupt","construct:Missile"],"Juzu Bracelet":2,"Whetstone":["construct:Strike_Gold","construct:Strike_Gold"],"MawBank":12,"obtain_stats":[{"Replay:PocketPolymizer":40,"Juzu Bracelet":26,"Whetstone":9,"construct:LongRangeLance":24,"construct:ClockworkPhoenix":0,"Power_Wrist":19,"Ribbon":0,"Genji_Glove":0,"Red Mask":47,"Replay:Bottled Snecko":19,"Replay:Wax Seal":30,"Potion Belt":37,"Golden Idol":36,"jedi:purplefairy":0,"Oddly Smooth Stone":0,"Thread and Needle":39,"Ring of Greed":36,"MawBank":36,"Akabeko":37,"jedi:heavyjacket":43,"Anchor":14,"Pandora\u0027s Box":34,"CultistMask":21,"Membership Card":3,"Bottled Lightning":42,"Abe\u0027s Treasure":17,"Toy Ornithopter":19},{"Replay:PocketPolymizer":17,"Juzu Bracelet":10,"Whetstone":3,"construct:LongRangeLance":10,"construct:ClockworkPhoenix":0,"Power_Wrist":7,"Ribbon":0,"Genji_Glove":0,"Red Mask":19,"Replay:Bottled Snecko":7,"Replay:Wax Seal":12,"Potion Belt":14,"Golden Idol":14,"jedi:purplefairy":0,"Oddly Smooth Stone":0,"Thread and Needle":16,"Ring of Greed":14,"MawBank":14,"Akabeko":14,"jedi:heavyjacket":17,"Anchor":5,"Pandora\u0027s Box":13,"CultistMask":8,"Membership Card":1,"Bottled Lightning":17,"Abe\u0027s Treasure":6,"Toy Ornithopter":7},{"Replay:PocketPolymizer":66,"Juzu Bracelet":36,"Whetstone":7,"construct:LongRangeLance":36,"construct:ClockworkPhoenix":0,"Power_Wrist":29,"Ribbon":0,"Genji_Glove":0,"Red Mask":72,"Replay:Bottled Snecko":29,"Replay:Wax Seal":45,"Potion Belt":53,"Golden Idol":53,"jedi:purplefairy":0,"Oddly Smooth Stone":0,"Thread and Needle":61,"Ring of Greed":53,"MawBank":53,"Akabeko":53,"jedi:heavyjacket":66,"Anchor":15,"Pandora\u0027s Box":50,"CultistMask":30,"Membership Card":2,"Bottled Lightning":66,"Abe\u0027s Treasure":25,"Toy Ornithopter":29}],"Toy Ornithopter":50},"card_choices":[{"not_picked":["construct:SyphonStrike","construct:ScrapCannon"],"picked":"construct:QuickAttack","floor":1},{"not_picked":["construct:ModeShift","construct:Autoturret"],"picked":"construct:SyphonStrike","floor":4},{"not_picked":["construct:VentSteam","construct:Versatility"],"picked":"construct:Disrupt","floor":7},{"not_picked":["construct:Versatility","construct:SuppressiveFire"],"picked":"construct:MassProduction","floor":11},{"not_picked":["construct:Analyze","construct:ScrapCannon"],"picked":"construct:Versatility","floor":13},{"not_picked":["construct:FlameCore","construct:ClusterMines"],"picked":"construct:SiegeForm","floor":14},{"not_picked":["construct:SpinDrive","construct:MassProduction"],"picked":"construct:GatlingGun","floor":16},{"not_picked":["construct:Versatility+1","construct:ShiftStrike"],"picked":"construct:SweepLaser+1","floor":18},{"not_picked":["construct:ModeShift+1","construct:HardReboot"],"picked":"construct:ForceCore+1","floor":20},{"not_picked":["construct:SyphonStrike","construct:Autoturret+1"],"picked":"construct:Reinforce+1","floor":22},{"not_picked":["construct:HeavyBolt","construct:SyphonStrike+1"],"picked":"construct:MetalShell","floor":24},{"not_picked":["construct:MassProduction","construct:Dampening"],"picked":"construct:SaveState","floor":28},{"not_picked":["construct:Anticipate+1","construct:QuickAttack"],"picked":"construct:Boost+1","floor":30},{"not_picked":["construct:SpinDrive","construct:ShieldGenerator"],"picked":"construct:HastyRepair","floor":33},{"not_picked":["construct:Tumble","construct:SuppressiveFire+1","construct:Construct_Overclock+1"],"picked":"SKIP","floor":35},{"not_picked":["construct:VentSteam","construct:Analyze+1"],"picked":"construct:FlakBarrage","floor":38},{"not_picked":["construct:QuickAttack","construct:SuppressiveFire"],"picked":"construct:Versatility+1","floor":39},{"not_picked":["construct:HeavyBolt","construct:Anticipate"],"picked":"construct:HyperBeam","floor":40},{"not_picked":["construct:FlameCore","construct:QuickAttack"],"picked":"construct:Missile+1","floor":45},{"not_picked":["construct:Autoturret","construct:Analyze+1","construct:Accumulate"],"picked":"SKIP","floor":46}],"player_experience":1843765,"relics_obtained":[{"floor":9,"key":"Whetstone"},{"floor":14,"key":"Anchor"},{"floor":26,"key":"Juzu Bracelet"},{"floor":30,"key":"Replay:Wax Seal"},{"floor":36,"key":"Ring of Greed"},{"floor":36,"key":"MawBank"},{"floor":36,"key":"Golden Idol"},{"floor":39,"key":"Thread and Needle"},{"floor":40,"key":"Replay:PocketPolymizer"},{"floor":43,"key":"jedi:heavyjacket"}],"event_choices":[{"damage_healed":0,"gold_gain":1,"player_choice":"4","damage_taken":0,"max_hp_gain":0,"max_hp_loss":0,"event_name":"betterStone:BetterStone","floor":2,"gold_loss":0,"cards_obtained":["jedi:cleanse"]},{"damage_healed":66,"gold_gain":0,"player_choice":"Upgrade","damage_taken":17,"max_hp_gain":0,"max_hp_loss":85,"event_name":"betterThird:BetterShining","floor":5,"gold_loss":0,"cards_upgraded":["construct:Defend_Gold","construct:Strike_Gold"]},{"damage_healed":0,"gold_gain":75,"player_choice":"Gold","damage_taken":11,"max_hp_gain":0,"max_hp_loss":0,"event_name":"betterThird:BetterGoop","floor":12,"gold_loss":0},{"damage_healed":0,"gold_gain":0,"player_choice":"Trade","damage_taken":0,"relics_obtained":["CultistMask"],"max_hp_gain":0,"max_hp_loss":0,"event_name":"FaceTrader","floor":21,"gold_loss":0},{"damage_healed":0,"gold_gain":0,"player_choice":"Forge","damage_taken":0,"max_hp_gain":0,"max_hp_loss":0,"event_name":"Accursed Blacksmith","floor":29,"gold_loss":0,"cards_upgraded":["construct:Zapper"]},{"damage_healed":0,"gold_gain":0,"player_choice":"Copied","damage_taken":0,"max_hp_gain":0,"max_hp_loss":0,"event_name":"Duplicator","floor":31,"gold_loss":0,"cards_obtained":["construct:SiegeForm"]},{"damage_healed":0,"gold_gain":0,"player_choice":"Fight","damage_taken":0,"max_hp_gain":0,"max_hp_loss":0,"event_name":"MindBloom","floor":39,"gold_loss":0},{"cards_removed":["construct:LongRangeLance"],"damage_healed":0,"gold_gain":0,"player_choice":"Removed Power","damage_taken":0,"max_hp_gain":0,"max_hp_loss":0,"event_name":"Falling","floor":44,"gold_loss":0},{"damage_healed":0,"gold_gain":0,"player_choice":"Paid","damage_taken":0,"relics_obtained":["Red Mask"],"max_hp_gain":0,"max_hp_loss":0,"event_name":"Tomb of Lord Red Mask","floor":47,"gold_loss":41},{"damage_healed":0,"gold_gain":0,"player_choice":"Ignored","damage_taken":0,"max_hp_gain":0,"max_hp_loss":0,"event_name":"The Moai Head","floor":48,"gold_loss":0}],"is_beta":false,"boss_relics":[{"not_picked":["Coffee Dripper","Kintsugi"],"picked":"Abe\u0027s Treasure"},{"not_picked":["Replay:Wanted Poster","jedi:battlestandard"],"picked":"Pandora\u0027s Box"}],"items_purged_floors":[19],"is_endless":false,"potions_floor_spawned":[4,7,11,20,30,33,45,46],"ascension_level":9}}