{"host":"43gh4c2f6tt319we","time":1608781742,"event":{"mods":["ATMod(°¢èªMod)","Act Like it!","BaseMod","Gensokyo","Hallownest","KinomotoSakuraMod(Ä¾Ö®±¾Ó£)","Lobotomy","Marisa£¨ìFÓê¡¡Ä§ÀíÉ³£©","Minty Spire (QoL Compilation)","Reimu£¨²©ÀöÁéÃÎ£©","Remilia£¨ÀÙÃ×ÀòÑÇ£©","StSLib","The Alterego","The Bug Knight","Youmu£¨»êÆÇÑýÃÎ£©","¡¾¶«·½¶þ´Î´´×÷¡¿°ËÔÆ×Ïmod"],"gold_per_floor":[113,9,24,42,42,74,74,85,85,85,85,85,47,82,82,82,82],"floor_reached":16,"playtime":1476,"items_purged":[],"score":108,"play_id":"aff7b036-06f4-4c56-94f7-6d5651428299","local_time":"20201224124902","is_ascension_mode":false,"campfire_choices":[{"data":"alterego_mod:IndependentAction","floor":7,"key":"SMITH"},{"floor":15,"key":"REST"}],"circlet_count":0,"master_deck":["alterego_mod:Strike","alterego_mod:Strike","alterego_mod:Strike","alterego_mod:Strike","alterego_mod:Defend","alterego_mod:Defend","alterego_mod:Defend","alterego_mod:Defend","alterego_mod:Impale","alterego_mod:BigMeatyClaws","alterego_mod:BrynhildrsRune","Scarecrow","alterego_mod:RingBreak","alterego_mod:DeftHands","alterego_mod:SuperDuperMasochism","alterego_mod:Mirror","alterego_mod:Undulate","Gensokyo:CrescentMoonSlash","alterego_mod:IndependentAction+1","alterego_mod:SakuraFive","alterego_mod:MaintainEyeContact","alterego_mod:1TonWallop"],"relics":["alterego_mod:MasochisticConstitution","AT_ATBox","CogitoBucket","AT_Kusabimaru","AT_ImmortalShieldbow","Tea:ReiMu"],"acts_visited":["Exordium"],"potions_floor_usage":[14],"damage_taken":[{"damage":5,"enemies":"Gensokyo:2_Kodama","floor":1,"turns":7},{"damage":4,"enemies":"Gensokyo:Python","floor":3,"turns":6},{"damage":12,"enemies":"Gensokyo:3_Fairies","floor":4,"turns":7},{"damage":33,"enemies":"Gensokyo:Aya","floor":6,"turns":8},{"damage":11,"enemies":"Gensokyo:Python_and_Kodama","floor":8,"turns":4},{"damage":38,"enemies":"Gensokyo:Mamizou","floor":14,"turns":10},{"damage":59,"enemies":"Gensokyo:Kokoro","floor":16,"turns":13}],"seed_played":"8935568439735535630","potions_obtained":[{"floor":1,"key":"LiquidBronze"},{"floor":4,"key":"MagicPotion:ReiMu"},{"floor":6,"key":"SteroidPotion"}],"is_trial":false,"path_per_floor":["M","$","M","M","?","E","R","M","T","?","?","COS","$","E","R","B"],"character_chosen":"The_Alterego","items_purchased":["alterego_mod:DeftHands","alterego_mod:SuperDuperMasochism","alterego_mod:MaintainEyeContact"],"campfire_rested":1,"item_purchase_floors":[2,2,13],"current_hp_per_floor":[66,66,63,56,49,28,28,25,25,18,41,41,41,9,31,0,0],"gold":82,"neow_bonus":"","is_daily":false,"chose_seed":false,"campfire_upgraded":1,"win_rate":0.0,"timestamp":1608781742,"path_taken":["M","?","M","M","?","E","R","M","T","?","?","COS","?","E","R","BOSS"],"items_purchased_type":["Card","Card","Card"],"build_version":"2020-12-22","purchased_purges":0,"victory":false,"max_hp_per_floor":[71,71,72,73,73,74,74,75,75,75,75,75,75,76,76,76,76],"card_choices":[{"not_picked":["Wellcheers","MeatLantern"],"picked":"Scarecrow","floor":1},{"not_picked":["alterego_mod:BiFurious","alterego_mod:TrashNCrash"],"picked":"alterego_mod:RingBreak","floor":1},{"not_picked":["alterego_mod:TrashNCrash","alterego_mod:Skirt"],"picked":"alterego_mod:Mirror","floor":3},{"not_picked":["alterego_mod:Crossover","alterego_mod:PresenceConcealment"],"picked":"alterego_mod:Undulate","floor":4},{"not_picked":["alterego_mod:Cycle","alterego_mod:Birthday"],"picked":"alterego_mod:IndependentAction","floor":6},{"not_picked":["alterego_mod:Pet","alterego_mod:Complex"],"picked":"alterego_mod:SakuraFive","floor":8},{"not_picked":["alterego_mod:Belle","alterego_mod:Pet"],"picked":"alterego_mod:1TonWallop","floor":14}],"player_experience":474214,"relics_obtained":[{"floor":6,"key":"AT_Kusabimaru"},{"floor":9,"key":"AT_ImmortalShieldbow"},{"floor":14,"key":"Tea:ReiMu"}],"event_choices":[],"is_beta":false,"boss_relics":[],"items_purged_floors":[],"is_endless":false,"potions_floor_spawned":[1,4,6],"killed_by":"Gensokyo:Kokoro","ascension_level":0}}