{"host":"ci7ivtocgfxh0ueo","time":1608815794,"event":{"mods":["BaseMod","GifTheSpireLib","Minty Spire (QoL Compilation)","StSLib"],"gold_per_floor":[118,8,26,46,63,63,4,4,4,4,4,23,41,54,54,129,129,145,145,145],"floor_reached":19,"playtime":510,"items_purged":[],"score":298,"play_id":"2985ca44-e93a-4c71-a653-81f88fe47ff0","local_time":"20201224211634","is_ascension_mode":true,"campfire_choices":[{"floor":6,"key":"REST"},{"data":"All Out Attack","floor":8,"key":"SMITH"},{"data":"Neutralize","floor":10,"key":"SMITH"},{"data":"Footwork","floor":15,"key":"SMITH"}],"circlet_count":0,"master_deck":["AscendersBane","Strike_G","Strike_G","Strike_G","Strike_G","Strike_G","Defend_G","Defend_G","Defend_G","Defend_G","Defend_G","Survivor","Neutralize+1","Wraith Form v2","Footwork+1","All Out Attack+1","Poisoned Stab","Dagger Throw","Parasite","Underhanded Strike","Quick Slash","Die Die Die","Heel Hook"],"relics":["Ring of the Snake","Pear"],"acts_visited":["Exordium","TheCity"],"potions_floor_usage":[3,16,16,16,16],"damage_taken":[{"damage":12,"enemies":"Cultist","floor":1,"turns":4},{"damage":0,"enemies":"2 Louse","floor":3,"turns":1},{"damage":9,"enemies":"Small Slimes","floor":4,"turns":3},{"damage":27,"enemies":"Exordium Thugs","floor":5,"turns":5},{"damage":8,"enemies":"Blue Slaver","floor":12,"turns":3},{"damage":1,"enemies":"Looter","floor":13,"turns":2},{"damage":2,"enemies":"Red Slaver","floor":14,"turns":3},{"damage":36,"enemies":"Hexaghost","floor":16,"turns":10},{"damage":39,"enemies":"Shell Parasite","floor":18,"turns":9},{"damage":22,"enemies":"Spheric Guardian","floor":19,"turns":3}],"seed_played":"-4875427842254404249","potions_obtained":[{"floor":5,"key":"EntropicBrew"}],"is_trial":false,"path_per_floor":["M","$","M","M","M","R","$","R","T","R","?","M","M","M","R","B",null,"M","M"],"character_chosen":"THE_SILENT","items_purchased":["PowerPotion","AttackPotion","Dagger Throw"],"campfire_rested":1,"item_purchase_floors":[2,2,7],"current_hp_per_floor":[47,47,47,38,11,30,30,30,40,40,59,51,50,48,48,12,60,21,0,0],"gold":145,"neow_bonus":"ONE_RANDOM_RARE_CARD","is_daily":false,"chose_seed":false,"campfire_upgraded":3,"win_rate":0.0,"timestamp":1608815794,"path_taken":["M","$","M","M","?","R","$","R","T","R","?","M","M","M","R","BOSS","M","M"],"items_purchased_type":["Potion","Potion","Card"],"build_version":"2020-12-22","purchased_purges":0,"victory":false,"max_hp_per_floor":[66,66,66,66,66,66,66,66,76,76,76,76,76,76,76,76,76,76,76,76],"card_choices":[{"not_picked":["Backflip","Acrobatics"],"picked":"Footwork","floor":1},{"not_picked":["Sucker Punch","Masterful Stab"],"picked":"All Out Attack","floor":3},{"not_picked":["Bane","Skewer"],"picked":"Poisoned Stab","floor":4},{"not_picked":["Finisher","Reflex","Choke"],"picked":"SKIP","floor":5},{"not_picked":["Slice","Deflect"],"picked":"Underhanded Strike","floor":12},{"not_picked":["Catalyst","Acrobatics","Cloak And Dagger"],"picked":"SKIP","floor":13},{"not_picked":["Cloak And Dagger","Grand Finale"],"picked":"Quick Slash","floor":14},{"not_picked":["Tools of the Trade","Storm of Steel"],"picked":"Die Die Die","floor":16},{"not_picked":["Flying Knee","Dagger Throw"],"picked":"Heel Hook","floor":18}],"player_experience":1292352,"relics_obtained":[{"floor":9,"key":"Pear"}],"event_choices":[{"damage_healed":19,"gold_gain":0,"player_choice":"Healed and dodged fight","damage_taken":0,"max_hp_gain":0,"max_hp_loss":0,"event_name":"Mushrooms","floor":11,"gold_loss":0,"cards_obtained":["Parasite"]}],"is_beta":false,"boss_relics":[{"not_picked":["Runic Pyramid","Philosopher\u0027s Stone","Snecko Eye"]}],"items_purged_floors":[],"is_endless":false,"potions_floor_spawned":[5,12,13,14],"killed_by":"Spheric Guardian","ascension_level":17}}