{"host":"pg2biz4zy3df4ctj","time":1608849583,"event":{"mods":["BaseMod","Minty Spire (QoL Compilation)","Quick Restart","Random Character Button"],"gold_per_floor":[116,116,191,211,224,251,251,282,330,174,191,191,204,27,27,131,131,148,166,182,192,202,202,236,236,236,263,263,277,377,377,377,377,377],"floor_reached":33,"playtime":1995,"items_purged":["Strike_G","Strike_G"],"score":580,"play_id":"26b7a090-cab6-4e6b-b6e5-329e6e63cfb0","local_time":"20201224143943","is_ascension_mode":true,"campfire_choices":[{"floor":7.0,"key":"REST"},{"floor":12.0,"key":"REST"},{"data":"Footwork","floor":15.0,"key":"SMITH"},{"data":"Crippling Poison","floor":23,"key":"SMITH"},{"floor":25,"key":"RECALL"},{"floor":28,"key":"REST"},{"data":"Noxious Fumes","floor":32,"key":"SMITH"}],"circlet_count":0,"master_deck":["AscendersBane","Strike_G","Strike_G","Defend_G","Defend_G","Defend_G","Defend_G","Defend_G","Survivor","Neutralize+1","Cloak And Dagger","Dash","Poisoned Stab","Heel Hook","Noxious Fumes+1","Footwork+1","PiercingWail","Crippling Poison+1","Cloak And Dagger","Well Laid Plans","Corpse Explosion","Backflip","Ghostly","Ghostly","Ghostly","Ghostly","Ghostly"],"relics":["Ring of the Snake","InkBottle","Toy Ornithopter","Bronze Scales","Busted Crown","FossilizedHelix","Question Card","HornCleat","Bird Faced Urn","Pear"],"acts_visited":["Exordium","TheCity"],"potions_floor_usage":[],"damage_taken":[{"damage":1.0,"enemies":"2 Louse","floor":1.0,"turns":3.0},{"damage":3.0,"enemies":"Small Slimes","floor":4.0,"turns":5.0},{"damage":0.0,"enemies":"Jaw Worm","floor":5.0,"turns":5.0},{"damage":25.0,"enemies":"Gremlin Nob","floor":6.0,"turns":5.0},{"damage":34.0,"enemies":"Lagavulin","floor":8.0,"turns":10.0},{"damage":9.0,"enemies":"Exordium Wildlife","floor":11.0,"turns":5.0},{"damage":0.0,"enemies":"Gremlin Gang","floor":13.0,"turns":3.0},{"damage":6.0,"enemies":"The Guardian","floor":16.0,"turns":10.0},{"damage":9,"enemies":"2 Thieves","floor":18,"turns":3},{"damage":1,"enemies":"Chosen","floor":19,"turns":5},{"damage":7,"enemies":"3 Cultists","floor":20,"turns":3},{"damage":0,"enemies":"Centurion and Healer","floor":21,"turns":5},{"damage":7,"enemies":"Snecko","floor":22,"turns":6},{"damage":0,"enemies":"Book of Stabbing","floor":24,"turns":6},{"damage":24,"enemies":"Slavers","floor":27,"turns":5},{"damage":0,"enemies":"Cultist and Chosen","floor":29,"turns":4},{"damage":14,"enemies":"Colosseum Slavers","floor":30,"turns":4},{"damage":11,"enemies":"Colosseum Nobs","floor":30,"turns":4},{"damage":33,"enemies":"Champ","floor":33,"turns":14}],"seed_played":"-3240943427019218093","potions_obtained":[{"floor":1.0,"key":"DuplicationPotion"},{"floor":6.0,"key":"SneckoOil"},{"floor":11.0,"key":"EntropicBrew"},{"floor":18,"key":"Explosive Potion"},{"floor":20,"key":"Explosive Potion"}],"is_trial":false,"path_per_floor":["M","?","?","M","M","E","R","E","T","$","M","R","M","$","R","B",null,"M","M","M","M","M","R","E","R","T","E","R","M","?","?","R","B"],"character_chosen":"THE_SILENT","items_purchased":["Footwork","PiercingWail","Well Laid Plans"],"campfire_rested":3,"item_purchase_floors":[10,10,14],"current_hp_per_floor":[62,62,51,48,48,23,44,10,10,10,1,22,32,32,32,31,60,51,50,43,43,36,36,36,36,36,12,33,33,18,18,18,0,0],"gold":377,"neow_bonus":"REMOVE_CARD","is_daily":false,"chose_seed":false,"campfire_upgraded":3,"win_rate":0.0,"timestamp":1608849583,"path_taken":["M","?","?","M","M","E","R","E","T","?","?","R","?","$","R","BOSS","M","M","M","M","M","R","E","R","T","E","R","M","?","?","R","BOSS"],"items_purchased_type":["Card","Card","Card"],"build_version":"2020-12-22","purchased_purges":2,"victory":false,"max_hp_per_floor":[70,70,70,70,70,70,70,70,70,70,70,70,70,70,70,70,70,70,70,70,70,70,70,70,70,70,70,70,70,80,40,40,40,40],"card_choices":[{"not_picked":["Riddle With Holes","Prepared"],"picked":"Cloak And Dagger","floor":1.0},{"not_picked":["Prepared","Underhanded Strike"],"picked":"Dash","floor":4.0},{"not_picked":["Bane","Prepared"],"picked":"Poisoned Stab","floor":5.0},{"not_picked":["Caltrops","Leg Sweep"],"picked":"Heel Hook","floor":6.0},{"not_picked":["Choke","Dodge and Roll"],"picked":"Noxious Fumes","floor":8.0},{"not_picked":["Dagger Throw","Backflip"],"picked":"Crippling Poison","floor":11.0},{"not_picked":["Dodge and Roll","Sucker Punch"],"picked":"Cloak And Dagger","floor":13.0},{"not_picked":["A Thousand Cuts","Glass Knife"],"picked":"Corpse Explosion","floor":16.0},{"not_picked":["Eviscerate"],"picked":"SKIP","floor":18},{"not_picked":["Outmaneuver"],"picked":"SKIP","floor":19},{"not_picked":["Quick Slash"],"picked":"SKIP","floor":20},{"not_picked":["Riddle With Holes"],"picked":"SKIP","floor":21},{"not_picked":["Flechettes"],"picked":"SKIP","floor":22},{"not_picked":["Endless Agony"],"picked":"SKIP","floor":24},{"not_picked":["Outmaneuver","Tactician"],"picked":"SKIP","floor":27},{"not_picked":["Concentrate","Quick Slash"],"picked":"SKIP","floor":29},{"not_picked":["Crippling Poison+1"],"picked":"Backflip","floor":30}],"player_experience":560482,"relics_obtained":[{"floor":6.0,"key":"InkBottle"},{"floor":8.0,"key":"Toy Ornithopter"},{"floor":9.0,"key":"Bronze Scales"},{"floor":24,"key":"FossilizedHelix"},{"floor":26,"key":"Question Card"},{"floor":27,"key":"HornCleat"},{"floor":30,"key":"Bird Faced Urn"},{"floor":30,"key":"Pear"}],"event_choices":[{"damage_healed":0.0,"max_hp_gain":0.0,"max_hp_loss":0.0,"gold_gain":0.0,"event_name":"Living Wall","player_choice":"Grow","floor":2.0,"gold_loss":0.0,"damage_taken":0.0,"cards_upgraded":["Neutralize"]},{"damage_healed":0.0,"max_hp_gain":0.0,"max_hp_loss":0.0,"gold_gain":75.0,"event_name":"World of Goop","player_choice":"Gather Gold","floor":3.0,"gold_loss":0.0,"damage_taken":11.0},{"damage_healed":0,"gold_gain":0,"player_choice":"Fight","damage_taken":0,"max_hp_gain":0,"max_hp_loss":0,"event_name":"Colosseum","floor":30,"gold_loss":0},{"damage_healed":0,"gold_gain":0,"player_choice":"Fought Nobs","damage_taken":0,"max_hp_gain":0,"max_hp_loss":0,"event_name":"Colosseum","floor":30,"gold_loss":0},{"damage_healed":0,"gold_gain":0,"player_choice":"Became a Ghost","damage_taken":0,"max_hp_gain":0,"max_hp_loss":40,"event_name":"Ghosts","floor":31,"gold_loss":0,"cards_obtained":["Ghostly","Ghostly","Ghostly","Ghostly","Ghostly"]}],"is_beta":false,"boss_relics":[{"not_picked":["WristBlade","Ring of the Serpent"],"picked":"Busted Crown"}],"items_purged_floors":[10,14],"is_endless":false,"potions_floor_spawned":[1,6,11,18,20,22,30,30],"killed_by":"Champ","ascension_level":12}}