{"host":"wonp23fsqqcu31ie","time":1608791766,"event":{"mods":["2.2 Compatiblity","AchievementEnabler","Aspiration","BaseMod","Bestiary","Better Altar","Better Match","Better Sensory Stone","Better Skull","Better Third Choice","BetterRewards","Block Reminder","Colored Map","Colored Powertips","Conspire","DeckTracker","Displayed Cursed Tome","Downfall","Hermit","Highlight Path","Hubris","Minty Spire (QoL Compilation)","Permanent Neow","Quick Restart","Rare Cards Sparkle","Relic Stats","Replay The Spire","Shade Mod","Shop Mod","StSLib","SuperFastMode","The Animator","The Cursed","The Dragon Tamer","The Gatherer","The Necromancer","The Runesmith","The Servant 0.9.4"],"gold_per_floor":[99,111,111,131,143,162,162,3,3,3,3,3,3,36,50,65,76,172,172,22,40,40,55,55,55,55,70,55,88,73,107,126,126,126,126],"floor_reached":33,"playtime":1265,"items_purged":[],"score":316,"play_id":"a4c24f03-5128-4d28-bffd-c85539948e21","local_time":"20201224173606","is_ascension_mode":true,"campfire_choices":[{"floor":1,"key":"RECALL"},{"data":"Guardian:PrismaticBarrier","floor":9,"key":"SMITH"},{"data":"Guardian:CurlUp","floor":13,"key":"SMITH"},{"data":"Guardian:ConstructionForm","floor":20,"key":"SMITH"}],"circlet_count":0,"master_deck":["Guardian:Strike_Guardian","Guardian:Strike_Guardian","Guardian:Strike_Guardian","Guardian:Strike_Guardian","Guardian:Defend_Guardian","Guardian:Defend_Guardian","Guardian:Defend_Guardian","Guardian:Defend_Guardian","Guardian:CurlUp+1","Guardian:PrismaticBarrier+1","Guardian:RollAttack","Guardian:VentSteam","Survivor","Neutralize","Guardian:DonusPower","Guardian:FuturePlans","Guardian:DecasProtection","Guardian:Gem_Green","Guardian:PiercingHide","Guardian:ArmoredProtocol","Guardian:Gem_Orange","Guardian:Gem_Cyan","Guardian:CrystalBeam","Guardian:FloatingOrbs","Guardian:GuardianWhirl"],"relics":["Guardian:ModeShifter","Iron Hammer","MerchantsRug","Bag of Marbles","downfall:HeartBlessingRed","downfall:HeartBlessingGreen","Mummified Hand","Gremlin Horn"],"acts_visited":["Exordium","TheCity"],"potions_floor_usage":[15,15,21,27,31],"damage_taken":[{"damage":15,"enemies":"Cultist","floor":2,"turns":5},{"damage":4,"enemies":"Jaw Worm","floor":4,"turns":5},{"damage":0,"enemies":"2 Louse","floor":5,"turns":2},{"damage":8,"enemies":"Blue Slaver","floor":6,"turns":5},{"damage":0,"enemies":"downfall:FleeingMerchant","floor":8,"turns":4},{"damage":20,"enemies":"Lagavulin","floor":14,"turns":8},{"damage":0,"enemies":"Exordium Wildlife","floor":15,"turns":5},{"damage":4,"enemies":"Lots of Slimes","floor":16,"turns":3},{"damage":0,"enemies":"3 Louse","floor":17,"turns":2},{"damage":4,"enemies":"downfall:Watcher","floor":18,"turns":16},{"damage":0,"enemies":"Shell Parasite","floor":21,"turns":6},{"damage":2,"enemies":"Chosen","floor":23,"turns":5},{"damage":20,"enemies":"Sentry and Sphere","floor":27,"turns":10},{"damage":15,"enemies":"downfall:FleeingMerchant","floor":28,"turns":4},{"damage":12,"enemies":"Book of Stabbing","floor":29,"turns":6},{"damage":0,"enemies":"downfall:FleeingMerchant","floor":30,"turns":4},{"damage":39,"enemies":"Slavers","floor":31,"turns":7},{"damage":17,"enemies":"3 Cultists","floor":32,"turns":5},{"damage":11,"enemies":"Centurion and Healer","floor":33,"turns":1}],"seed_played":"7165799007209368340","potions_obtained":[{"floor":2,"key":"Energy Potion"},{"floor":14,"key":"Guardian:DefensiveModePotion"},{"floor":15,"key":"BlessingOfTheForge"},{"floor":18,"key":"hexamod:EctoCoolerPotion"},{"floor":23,"key":"SpeedPotion"},{"floor":29,"key":"conspire:TimeTravelPotion"}],"is_trial":false,"path_per_floor":["R","M","?","M","M","M","T","$","R","PTL","PTL","?","R","E","M","M","M","B",null,"R","M","?","M","?","?","T","M","$","E","$","E","M","M"],"character_chosen":"GUARDIAN","items_purchased":["MerchantsRug"],"campfire_rested":0,"item_purchase_floors":[8],"current_hp_per_floor":[80,65,69,65,65,57,57,57,57,57,57,57,57,37,37,33,33,29,80,80,80,90,88,88,88,88,68,53,41,41,21,4,0,0,0],"gold":126,"neow_bonus":"ONE_RANDOM_RARE_CARD","is_daily":false,"chose_seed":false,"campfire_upgraded":3,"win_rate":0.0,"timestamp":1608791766,"path_taken":["R","M","?","M","?","?","T","$","R","PTL","PTL","?","R","E","M","M","M","BOSS","R","M","?","?","?","?","T","M","?","E","$","E","?","M"],"items_purchased_type":["Relic"],"build_version":"2020-12-22","purchased_purges":0,"victory":false,"max_hp_per_floor":[80,80,80,80,80,80,80,80,80,80,80,80,80,80,80,80,80,80,80,80,80,90,90,90,90,90,90,90,90,90,90,90,90,90,90],"relic_stats":{"Gremlin Horn":[2,2],"counters":[19,103],"Mummified Hand":[8],"obtain_stats":[{"MerchantsRug":8,"downfall:HeartBlessingRed":20,"Gremlin Horn":31,"Mummified Hand":29,"Guardian:ModeShifter":0,"downfall:HeartBlessingGreen":20,"Iron Hammer":7,"Bag of Marbles":14},{"MerchantsRug":5,"downfall:HeartBlessingRed":10,"Gremlin Horn":17,"Mummified Hand":15,"Guardian:ModeShifter":0,"downfall:HeartBlessingGreen":10,"Iron Hammer":4,"Bag of Marbles":6},{"MerchantsRug":21,"downfall:HeartBlessingRed":55,"Gremlin Horn":97,"Mummified Hand":86,"Guardian:ModeShifter":0,"downfall:HeartBlessingGreen":55,"Iron Hammer":17,"Bag of Marbles":29}]},"card_choices":[{"not_picked":["Guardian:TimeBomb","Guardian:Gem_Blue"],"picked":"Guardian:PrismaticBarrier","floor":2},{"not_picked":["Guardian:Gem_Cyan","Guardian:Suspension"],"picked":"Guardian:RollAttack","floor":4},{"not_picked":["Guardian:Emergency","Guardian:CrystalBeam"],"picked":"Guardian:VentSteam","floor":5},{"not_picked":["Guardian:VentSteam","Guardian:CrystalBeam"],"picked":"Guardian:Gem_Fragmented","floor":6},{"not_picked":["Guardian:WalkerClaw","Guardian:FastForward"],"picked":"Guardian:Gem_Blue","floor":8},{"not_picked":["Guardian:ShieldSpikes","Guardian:Recover"],"picked":"Guardian:DonusPower","floor":14},{"not_picked":["Guardian:Orbwalk","Guardian:Preprogram"],"picked":"Guardian:Gem_Green","floor":15},{"not_picked":["Guardian:Gem_Blue","Guardian:Gem_Green"],"picked":"Guardian:FuturePlans","floor":16},{"not_picked":["Guardian:ShieldSpikes","Guardian:Gem_Cyan"],"picked":"Guardian:DecasProtection","floor":17},{"not_picked":["Guardian:StasisEngine","Guardian:FierceBash"],"picked":"Guardian:Gem_Synthetic","floor":18},{"not_picked":["Guardian:TemporalShield+1","Guardian:PrimingBeam"],"picked":"Guardian:Gem_Green","floor":21},{"not_picked":["Guardian:TemporalStrike","Guardian:TimeCapacitor+1"],"picked":"Guardian:PiercingHide","floor":23},{"not_picked":["Guardian:TimeCapacitor+1","Guardian:VentSteam"],"picked":"Guardian:ArmoredProtocol","floor":27},{"not_picked":["Guardian:TemporalShield","Guardian:StasisStrike"],"picked":"Guardian:Gem_Orange","floor":28},{"not_picked":["Guardian:GemFinder","Guardian:Emergency"],"picked":"Guardian:Gem_Cyan","floor":29},{"not_picked":["Guardian:TemporalStrike","Guardian:ShieldCharger"],"picked":"Guardian:CrystalBeam","floor":30},{"not_picked":["Guardian:DecasProtection","Guardian:Recover"],"picked":"Guardian:FloatingOrbs","floor":31},{"not_picked":["Guardian:Gem_Purple","Guardian:SpikerProtocol"],"picked":"Guardian:GuardianWhirl","floor":32}],"player_experience":393828,"relics_obtained":[{"floor":7,"key":"Iron Hammer"},{"floor":14,"key":"Bag of Marbles"},{"floor":29,"key":"Mummified Hand"},{"floor":31,"key":"Gremlin Horn"}],"event_choices":[{"damage_healed":4,"gold_gain":0,"player_choice":"LEAVE ","damage_taken":0,"relics_obtained":[],"max_hp_gain":0,"max_hp_loss":0,"event_name":"betterSkull:BetterSkull","floor":3,"gold_loss":0,"cards_upgraded":[]},{"cards_removed":["Guardian:ConstructionForm"],"damage_healed":0,"gold_gain":0,"player_choice":"Offered Rare","damage_taken":0,"max_hp_gain":10,"max_hp_loss":0,"event_name":"Bonfire Elementals","floor":22,"gold_loss":0}],"is_beta":false,"boss_relics":[{"not_picked":["Kintsugi","aspiration:RitualDagger","hubris:GrandSneckoEye"]}],"items_purged_floors":[],"is_endless":false,"potions_floor_spawned":[2,14,15,18,23,29],"killed_by":"Centurion and Healer","ascension_level":2}}