{"host":"lpze9ywvzk5bsxql","time":1608829205,"event":{"mods":["2.2 Compatiblity","BaseMod","Bestiary","Better Third Choice","Colored Map","Downfall","Hermit","Ironclad Rager","Minty Spire (QoL Compilation)","Replay The Spire","StSLib","The Cursed","The Hierophant","The Servant 0.9.4"],"gold_per_floor":[111,111,122,135,155,171,171,191,271,271,285,256,256],"floor_reached":12,"playtime":1070,"items_purged":[],"score":92,"play_id":"b7ca1a93-02ca-4eba-889a-ce1e6cf7814b","local_time":"20201224180005","is_ascension_mode":false,"campfire_choices":[{"floor":7,"key":"REST"},{"floor":10,"key":"REST"}],"circlet_count":0,"master_deck":["hierophant:Strike_Hierophant","hierophant:Strike_Hierophant","hierophant:Strike_Hierophant","hierophant:Strike_Hierophant","hierophant:Punish","hierophant:Defend_Hierophant","hierophant:Defend_Hierophant","hierophant:Defend_Hierophant","hierophant:Defend_Hierophant","hierophant:ChurchCoffers","hierophant:DisplayOfPower","Panacea","hierophant:ThreeLashes","hierophant:Batter"],"relics":["hierophant:PropheticMaskRelic","Blood Vial","Peace Pipe"],"acts_visited":["Exordium"],"potions_floor_usage":[6],"damage_taken":[{"damage":1,"enemies":"Cultist","floor":1,"turns":4},{"damage":7,"enemies":"2 Louse","floor":3,"turns":3},{"damage":6,"enemies":"Jaw Worm","floor":4,"turns":2},{"damage":4,"enemies":"Gremlin Gang","floor":5,"turns":4},{"damage":32,"enemies":"Gremlin Nob","floor":6,"turns":5},{"damage":0,"enemies":"Exordium Wildlife","floor":8,"turns":3},{"damage":9,"enemies":"3 Louse","floor":11,"turns":3},{"damage":27,"enemies":"Lagavulin","floor":12,"turns":7}],"seed_played":"9093380089457255518","potions_obtained":[{"floor":4,"key":"LifebloodPotion"},{"floor":6,"key":"LiquidMemories"},{"floor":12,"key":"Death Potion"}],"is_trial":false,"path_per_floor":["M","?","M","M","M","E","R","M","T","R","M","E"],"character_chosen":"HIEROPHANT","items_purchased":[],"campfire_rested":2,"item_purchase_floors":[],"current_hp_per_floor":[81,81,74,68,64,32,56,58,58,82,73,48,48],"gold":256,"neow_bonus":"TEN_PERCENT_HP_BONUS","is_daily":false,"chose_seed":false,"campfire_upgraded":0,"win_rate":0.0,"timestamp":1608829205,"path_taken":["M","?","M","M","?","E","R","M","T","R","M","E"],"items_purchased_type":[],"build_version":"2020-12-22","purchased_purges":0,"victory":false,"max_hp_per_floor":[82,82,82,82,82,82,82,82,82,82,82,82,82],"card_choices":[{"not_picked":["hierophant:RustyCrate","hierophant:Purify"],"picked":"hierophant:DisplayOfPower","floor":1},{"not_picked":["hierophant:MorningPrayer","hierophant:Purify"],"picked":"hierophant:ThreeLashes","floor":3},{"not_picked":["hierophant:Upheaval","hierophant:DisplayOfPower","hierophant:HolyVerse"],"picked":"SKIP","floor":4},{"not_picked":["hierophant:Refuge","hierophant:FaithHealing","hierophant:Mercenaries"],"picked":"SKIP","floor":5},{"not_picked":["hierophant:Flagellation","hierophant:FaithHealing","hierophant:AuricShield"],"picked":"SKIP","floor":6},{"not_picked":["hierophant:Shelter","hierophant:ConvertCurrency","hierophant:Doubloon"],"picked":"SKIP","floor":8},{"not_picked":["hierophant:OrnateBuckler","hierophant:Zeal"],"picked":"hierophant:Batter","floor":11}],"player_experience":321141,"relics_obtained":[{"floor":6,"key":"Blood Vial"},{"floor":12,"key":"Peace Pipe"}],"event_choices":[{"damage_healed":0,"gold_gain":0,"player_choice":"1 cards matched","damage_taken":0,"max_hp_gain":0,"max_hp_loss":0,"event_name":"Match and Keep!","floor":2,"gold_loss":0,"cards_obtained":["Panacea"]}],"is_beta":false,"boss_relics":[],"items_purged_floors":[],"is_endless":false,"potions_floor_spawned":[4,6,12],"killed_by":"Lagavulin","ascension_level":0}}