{"host":"uflv0e3ja7hvnij7","time":1608849438,"event":{"mods":["Aspiration","BaseMod","Better Altar","Better Match","Better Note","Better Sensory Stone","Better Skull","Better Third Choice","Infinite Spire","Minty Spire (QoL Compilation)","Permanent Neow","StSLib"],"gold_per_floor":[110,110,110,121,141,141,151,186,211,238,258,258,285,54,54,158,158,170,186,146,146,180,180,214,214,285,312,312,312,312,322,322,425,425,435,455,227,227,227],"floor_reached":38,"playtime":2173,"items_purged":[],"score":570,"play_id":"1cc22802-23c3-4717-9a9e-a3f976dc9f6a","local_time":"20201224173718","is_ascension_mode":true,"campfire_choices":[{"data":"Vigilance","floor":6,"key":"SMITH"},{"floor":15,"key":"REST"},{"floor":23,"key":"REST"},{"floor":25,"key":"REST"},{"floor":32,"key":"RECALL"}],"circlet_count":0,"master_deck":["Strike_P","Strike_P","Strike_P","Strike_P","Defend_P","Defend_P","Defend_P+1","Defend_P","Eruption+1","Vigilance+1","Prostrate","infinitespire:Starlight","EmptyFist","Halt","ClearTheMind+1","Devotion+1","Devotion","Undo+1","Consecrate","BattleHymn+1","LessonLearned","LessonLearned","Protect","Worship","Pray","BattleHymn+1","Consecrate+1","Adaptation+1","BattleHymn+1","Apotheosis","Mind Blast","J.A.X.","LessonLearned","Prostrate+1","Pray"],"relics":["PureWater","aspiration:Nostalgia","Burning Blood","infinitespire:FocusingShard","Ancient Tea Set","Strawberry","Boot","Frozen Egg 2","Odd Mushroom","Fusion Hammer","Red Mask","infinitespire:Joker Card","infinitespire:CheckeredPen","aspiration:Stabinomicon","CloakClasp","Coffee Dripper","Runic Dome","PreservedInsect"],"acts_visited":["Exordium","TheCity","TheBeyond"],"potions_floor_usage":[8,16,18],"damage_taken":[{"damage":8,"enemies":"Small Slimes","floor":1,"turns":4},{"damage":3,"enemies":"2 Louse","floor":4,"turns":4},{"damage":2,"enemies":"Cultist","floor":5,"turns":3},{"damage":1,"enemies":"3 Louse","floor":7,"turns":3},{"damage":30,"enemies":"Lagavulin","floor":8,"turns":8},{"damage":19,"enemies":"3 Sentries","floor":10,"turns":10},{"damage":12,"enemies":"2 Fungi Beasts","floor":11,"turns":3},{"damage":18,"enemies":"The Mushroom Lair","floor":13,"turns":6},{"damage":0,"enemies":"Slime Boss","floor":16,"turns":6},{"damage":0,"enemies":"Shell Parasite","floor":18,"turns":3},{"damage":7,"enemies":"Chosen","floor":19,"turns":3},{"damage":21,"enemies":"Masked Bandits","floor":22,"turns":4},{"damage":41,"enemies":"Slavers","floor":24,"turns":5},{"damage":0,"enemies":"Book of Stabbing","floor":27,"turns":3},{"damage":0,"enemies":"3 Cultists","floor":31,"turns":1},{"damage":5,"enemies":"Automaton","floor":33,"turns":4},{"damage":0,"enemies":"Orb Walker","floor":35,"turns":1},{"damage":12,"enemies":"3 Darklings","floor":36,"turns":3},{"damage":30,"enemies":"infinitespire:Three Voidlings","floor":38,"turns":3},{"damage":92,"enemies":"Nightmare_Alpha","floor":38,"turns":5}],"seed_played":"-9201788867934531130","potions_obtained":[{"floor":1,"key":"AttackPotion"},{"floor":4,"key":"Ambrosia"},{"floor":16,"key":"ColorlessPotion"},{"floor":22,"key":"BottledMiracle"}],"is_trial":false,"path_per_floor":["M","?","?","M","M","R","M","E","T","E","M","?","?","$","R","B",null,"M","M","$","?","?","R","E","R","T","E","?","?","AVR","M","R","B",null,"M","M","$","?"],"character_chosen":"WATCHER","items_purchased":["BattleHymn+1","LessonLearned","Pray","PreservedInsect","Pray"],"campfire_rested":3,"item_purchase_floors":[14,14,20,37,37],"current_hp_per_floor":[70,52,52,65,72,72,72,58,58,62,66,45,43,43,66,79,79,79,78,78,78,63,79,54,77,77,79,79,79,79,79,79,79,79,79,73,73,0,0],"gold":227,"neow_bonus":"NOSTALGIA","is_daily":false,"chose_seed":false,"campfire_upgraded":1,"win_rate":0.0,"timestamp":1608849438,"path_taken":["M","?","?","M","?","R","M","E","T","E","M","?","?","$","R","BOSS","M","M","$","?","?","R","E","R","T","E","?","?","AVR","?","R","BOSS","M","M","$","?"],"items_purchased_type":["Card","Card","Card","Relic","Card"],"build_version":"2020-12-22","purchased_purges":0,"victory":false,"max_hp_per_floor":[72,72,72,72,72,72,72,72,72,79,79,79,79,79,79,79,79,79,79,79,79,79,79,79,79,79,79,79,79,79,79,79,79,79,79,79,79,79,79],"card_choices":[{"not_picked":["EmptyBody","ThirdEye"],"picked":"Prostrate","floor":1},{"not_picked":["infinitespire:FutureSight","infinitespire:SevenWalls"],"picked":"infinitespire:Starlight","floor":2},{"not_picked":["Swivel","Weave"],"picked":"EmptyFist","floor":4},{"not_picked":["Crescendo","FollowUp"],"picked":"Halt","floor":5},{"not_picked":["Consecrate","SashWhip"],"picked":"ClearTheMind","floor":7},{"not_picked":["ThirdEye","FlurryOfBlows"],"picked":"Devotion","floor":8},{"not_picked":["SignatureMove","ThirdEye"],"picked":"Devotion","floor":10},{"not_picked":["PathToVictory","Evaluate","BowlingBash"],"picked":"SKIP","floor":11},{"not_picked":["EmptyBody","Evaluate"],"picked":"Consecrate","floor":13},{"not_picked":["MasterReality+1","ConjureBlade"],"picked":"LessonLearned","floor":16},{"not_picked":["Pray","Indignation"],"picked":"Protect","floor":18},{"not_picked":["Weave","PathToVictory"],"picked":"Worship","floor":19},{"not_picked":["JustLucky","ThirdEye"],"picked":"Consecrate+1","floor":22},{"not_picked":["Consecrate+1","PathToVictory"],"picked":"Adaptation+1","floor":24},{"not_picked":["FollowUp","FlurryOfBlows"],"picked":"BattleHymn+1","floor":27},{"not_picked":["Violence","Magnetism+1"],"picked":"Apotheosis","floor":28},{"not_picked":["Secret Weapon","Finesse"],"picked":"Mind Blast","floor":28},{"not_picked":["Fasting2+1","JustLucky","CrushJoints"],"picked":"SKIP","floor":31},{"not_picked":["Blasphemy","DeusExMachina"],"picked":"LessonLearned","floor":33},{"not_picked":["EmptyMind","Swivel"],"picked":"Prostrate+1","floor":35},{"not_picked":["SandsOfTime","LikeWater+1","CrushJoints"],"picked":"SKIP","floor":36}],"player_experience":332667,"relics_obtained":[{"floor":8,"key":"infinitespire:FocusingShard"},{"floor":9,"key":"Ancient Tea Set"},{"floor":10,"key":"Strawberry"},{"floor":13,"key":"Odd Mushroom"},{"floor":22,"key":"Red Mask"},{"floor":24,"key":"infinitespire:Joker Card"},{"floor":26,"key":"infinitespire:CheckeredPen"},{"floor":27,"key":"aspiration:Stabinomicon"}],"event_choices":[{"damage_healed":0,"gold_gain":0,"player_choice":"Upgraded","damage_taken":0,"max_hp_gain":0,"max_hp_loss":0,"event_name":"Upgrade Shrine","floor":3,"gold_loss":0,"cards_upgraded":["Eruption"]},{"damage_healed":0,"gold_gain":1,"player_choice":"Relic Relic Card ","damage_taken":21,"max_hp_gain":0,"max_hp_loss":0,"event_name":"betterThird:BetterScrap","floor":12,"gold_loss":0,"cards_obtained":["Undo","Fiend Fire"]},{"damage_healed":0,"gold_gain":0,"player_choice":"Fought Mushrooms","damage_taken":0,"max_hp_gain":0,"max_hp_loss":0,"event_name":"Mushrooms","floor":13,"gold_loss":0},{"damage_healed":0,"gold_gain":0,"player_choice":"Read","damage_taken":0,"max_hp_gain":0,"max_hp_loss":0,"event_name":"The Library","floor":21,"gold_loss":0,"cards_obtained":["BattleHymn"]},{"damage_healed":0,"gold_gain":0,"player_choice":"Fought Bandits","damage_taken":0,"max_hp_gain":0,"max_hp_loss":0,"event_name":"Masked Bandits","floor":22,"gold_loss":0},{"damage_healed":0,"gold_gain":2,"player_choice":"1","damage_taken":0,"max_hp_gain":0,"max_hp_loss":0,"event_name":"betterStone:BetterStone","floor":28,"gold_loss":0},{"damage_healed":0,"gold_gain":0,"player_choice":"Obtain J.A.X.","damage_taken":0,"max_hp_gain":0,"max_hp_loss":0,"event_name":"Drug Dealer","floor":29,"gold_loss":0,"cards_obtained":["J.A.X."]}],"is_beta":false,"boss_relics":[{"not_picked":["Empty Cage","SacredBark"],"picked":"Fusion Hammer"},{"not_picked":["Pandora\u0027s Box","Philosopher\u0027s Stone"],"picked":"Runic Dome"}],"items_purged_floors":[],"is_endless":false,"potions_floor_spawned":[1,4,16,22],"killed_by":"Nightmare_Alpha","ascension_level":2}}