{"host":"vjkx177ju3wjmzef","time":1608771258,"event":{"mods":["BaseMod","Block Reminder","Colored Map","Colored Powertips","DeckTracker","Googly Eyes","Highlight Path","Minty Spire (QoL Compilation)","Quick Restart","Random Character Button","Relic Stats","StSLib"],"gold_per_floor":[114,14,29,104,119,119,119,119,119,134,134,149,149,149,149,249,249,264,264,290,290,305,320,320,350,350,350,365,395,395,410,410,510,510,525,540,540,555,24,24,39,39,39,39,54,1,1,16,16,16],"floor_reached":51,"playtime":3250,"items_purged":[],"score":677,"play_id":"c7c8824f-f713-4217-97a6-ddf46d6272cf","local_time":"20201223185418","daily_mods":["SealedDeck","Red Cards","Night Terrors"],"is_ascension_mode":false,"campfire_choices":[{"data":"Adaptation","floor":6.0,"key":"SMITH"},{"data":"ClearTheMind","floor":8.0,"key":"SMITH"},{"data":"ClearTheMind","floor":11.0,"key":"SMITH"},{"data":"JustLucky","floor":13.0,"key":"SMITH"},{"floor":15.0,"key":"REST"},{"floor":24.0,"key":"REST"},{"data":"Flex","floor":27.0,"key":"SMITH"},{"data":"Warcry","floor":30.0,"key":"SMITH"},{"floor":32.0,"key":"REST"},{"data":"Crescendo","floor":40.0,"key":"SMITH"},{"data":"Devotion","floor":42.0,"key":"SMITH"},{"data":"Prostrate","floor":44.0,"key":"SMITH"},{"floor":49.0,"key":"REST"}],"circlet_count":0,"master_deck":["FollowUp+1","Shrug It Off","ClearTheMind+1","Thunderclap","Flex+1","Evaluate","Indignation+1","FlurryOfBlows","EmptyFist","ClearTheMind+1","Sword Boomerang","Anger","Warcry+1","Adaptation+1","Protect","JustLucky+1","Ragnarok","Spot Weakness+1","Cleave","Prostrate+1","Iron Wave+1","Prostrate+1","Devotion+1","Warcry","EmptyFist+1","PathToVictory","Crescendo+1","PanicButton","Anger+1","BattleHymn","Crescendo","Protect+1"],"relics":["PureWater","Blue Candle","Busted Crown","MutagenicStrength","Red Mask","Enchiridion","StrikeDummy","StoneCalendar","Question Card","VioletLotus","Lee\u0027s Waffle","Eternal Feather","Smiling Mask","Dead Branch"],"acts_visited":["Exordium","TheCity","TheBeyond"],"potions_floor_usage":[50],"damage_taken":[{"damage":8.0,"enemies":"2 Louse","floor":1.0,"turns":2.0},{"damage":5.0,"enemies":"Jaw Worm","floor":3.0,"turns":2.0},{"damage":0.0,"enemies":"Small Slimes","floor":5.0,"turns":2.0},{"damage":9.0,"enemies":"2 Fungi Beasts","floor":10.0,"turns":3.0},{"damage":18.0,"enemies":"Gremlin Gang","floor":12.0,"turns":3.0},{"damage":37.0,"enemies":"Hexaghost","floor":16.0,"turns":5.0},{"damage":16.0,"enemies":"Shell Parasite","floor":18.0,"turns":4.0},{"damage":23.0,"enemies":"Masked Bandits","floor":20.0,"turns":4.0},{"damage":0.0,"enemies":"3 Byrds","floor":22.0,"turns":3.0},{"damage":0.0,"enemies":"Snecko","floor":23.0,"turns":2.0},{"damage":10.0,"enemies":"Slavers","floor":25.0,"turns":2.0},{"damage":23.0,"enemies":"Shelled Parasite and Fungi","floor":28.0,"turns":3.0},{"damage":0.0,"enemies":"Gremlin Leader","floor":29.0,"turns":3.0},{"damage":0.0,"enemies":"Snake Plant","floor":31.0,"turns":2.0},{"damage":33.0,"enemies":"Collector","floor":33.0,"turns":7.0},{"damage":5.0,"enemies":"3 Darklings","floor":35.0,"turns":4.0},{"damage":19.0,"enemies":"3 Shapes","floor":36.0,"turns":3.0},{"damage":16.0,"enemies":"Transient","floor":38.0,"turns":5.0},{"damage":39.0,"enemies":"Maw","floor":41.0,"turns":6.0},{"damage":37.0,"enemies":"Writhing Mass","floor":45.0,"turns":4.0},{"damage":12.0,"enemies":"Jaw Worm Horde","floor":48.0,"turns":2.0},{"damage":48,"enemies":"Donu and Deca","floor":50,"turns":6}],"seed_played":"4926568582952100995","potions_obtained":[{"floor":1.0,"key":"EntropicBrew"},{"floor":10.0,"key":"StancePotion"},{"floor":12.0,"key":"DistilledChaos"},{"floor":16.0,"key":"StancePotion"},{"floor":18.0,"key":"DistilledChaos"},{"floor":22.0,"key":"LiquidMemories"},{"floor":23.0,"key":"BottledMiracle"},{"floor":28.0,"key":"CultistPotion"},{"floor":35.0,"key":"SteroidPotion"},{"floor":36.0,"key":"DuplicationPotion"},{"floor":38.0,"key":"Fire Potion"}],"is_trial":false,"path_per_floor":["M","$","M","?","M","R","?","R","T","M","R","M","R","?","R","B",null,"M","?","?","?","M","M","R","E","T","R","M","E","R","M","R","B",null,"M","M","?","M","$","R","M","R","T","R","M","$","T","M","R","B",null],"character_chosen":"WATCHER","items_purchased":["Anger","Warcry","Lee\u0027s Waffle","Eternal Feather","Crescendo","PanicButton","Crescendo"],"campfire_rested":4,"item_purchase_floors":[2,2,39,39,39,39,46],"current_hp_per_floor":[64,64,59,48,48,48,48,48,48,39,39,21,21,7,67,30,67,51,51,28,12,12,12,62,52,52,52,29,29,29,29,57,24,57,52,33,28,12,64,64,25,40,40,55,18,18,18,6,59,11],"gold":16,"neow_bonus":"","is_daily":true,"chose_seed":false,"campfire_upgraded":9,"win_rate":0.0,"timestamp":1608771258,"path_taken":["M","$","M","?","M","R","?","R","T","M","R","M","R","?","R","BOSS","M","?","?","?","M","M","R","E","T","R","M","E","R","M","R","BOSS","M","M","?","?","$","R","M","R","T","R","M","$","?","M","R","BOSS"],"items_purchased_type":["Card","Card","Relic","Relic","Card","Card","Card"],"build_version":"2020-12-22","purchased_purges":0,"victory":true,"max_hp_per_floor":[72,72,72,72,72,72,72,72,72,72,72,72,72,72,67,67,67,67,67,67,67,67,67,62,62,62,62,62,62,62,62,57,57,57,57,57,57,57,64,64,64,64,64,64,64,64,64,64,59,59],"relic_stats":{"Lee\u0027s Waffle":52,"Busted Crown":30,"counters":[22,77],"Blue Candle":[0],"Dead Branch":[17],"StoneCalendar":[0],"Eternal Feather":48,"VioletLotus":[6],"Question Card":8,"Smiling Mask":0,"obtain_stats":[{"Lee\u0027s Waffle":39,"Blue Candle":9,"Dead Branch":47,"Enchiridion":21,"StoneCalendar":26,"Eternal Feather":39,"Question Card":29,"Smiling Mask":43,"Busted Crown":17,"MutagenicStrength":19,"VioletLotus":34,"Red Mask":20,"PureWater":0,"StrikeDummy":25},{"Lee\u0027s Waffle":18,"Blue Candle":3,"Dead Branch":20,"Enchiridion":8,"StoneCalendar":11,"Eternal Feather":18,"Question Card":13,"Smiling Mask":19,"Busted Crown":6,"MutagenicStrength":7,"VioletLotus":15,"Red Mask":8,"PureWater":0,"StrikeDummy":11},{"Lee\u0027s Waffle":59,"Blue Candle":6,"Dead Branch":69,"Enchiridion":25,"StoneCalendar":32,"Eternal Feather":59,"Question Card":38,"Smiling Mask":65,"Busted Crown":17,"MutagenicStrength":21,"VioletLotus":47,"Red Mask":25,"PureWater":0,"StrikeDummy":32}]},"card_choices":[{"not_picked":["Wallop","Blood for Blood"],"picked":"Sword Boomerang","floor":1.0},{"not_picked":["Twin Strike","True Grit"],"picked":"Adaptation","floor":3.0},{"not_picked":["ClearTheMind","Sword Boomerang"],"picked":"Protect","floor":5.0},{"not_picked":["Corruption","ClearTheMind","WreathOfFlame"],"picked":"SKIP","floor":10.0},{"not_picked":["Pommel Strike","Burning Pact"],"picked":"JustLucky","floor":12.0},{"not_picked":["Brutality","Scrawl"],"picked":"Ragnarok","floor":16.0},{"not_picked":["Havoc"],"picked":"SKIP","floor":18.0},{"not_picked":[],"picked":"Spot Weakness+1","floor":20.0},{"not_picked":[],"picked":"Cleave","floor":22.0},{"not_picked":["WheelKick+1"],"picked":"SKIP","floor":23.0},{"not_picked":[],"picked":"Prostrate+1","floor":25.0},{"not_picked":[],"picked":"Iron Wave+1","floor":28.0},{"not_picked":["Havoc"],"picked":"SKIP","floor":29.0},{"not_picked":["FlyingSleeves"],"picked":"Prostrate","floor":31.0},{"not_picked":["Berserk"],"picked":"Devotion","floor":33.0},{"not_picked":["Feel No Pain+1"],"picked":"Warcry","floor":35.0},{"not_picked":["Dual Wield+1"],"picked":"EmptyFist+1","floor":36.0},{"not_picked":["Dropkick+1"],"picked":"PathToVictory","floor":38.0},{"not_picked":["CutThroughFate"],"picked":"Anger+1","floor":41.0},{"not_picked":["ClearTheMind"],"picked":"BattleHymn","floor":45.0},{"not_picked":["Entrench"],"picked":"Protect+1","floor":48.0}],"player_experience":129859,"relics_obtained":[{"floor":9.0,"key":"Blue Candle"},{"floor":20.0,"key":"Red Mask"},{"floor":21.0,"key":"Enchiridion"},{"floor":25.0,"key":"StrikeDummy"},{"floor":26.0,"key":"StoneCalendar"},{"floor":29.0,"key":"Question Card"},{"floor":43.0,"key":"Smiling Mask"},{"floor":47.0,"key":"Dead Branch"}],"event_choices":[{"damage_healed":0.0,"max_hp_gain":0.0,"max_hp_loss":0.0,"gold_gain":75.0,"event_name":"World of Goop","player_choice":"Gather Gold","floor":4.0,"gold_loss":0.0,"damage_taken":11.0},{"damage_healed":0.0,"max_hp_gain":0.0,"max_hp_loss":0.0,"gold_gain":0.0,"event_name":"Golden Wing","player_choice":"Ignored","floor":7.0,"gold_loss":0.0,"damage_taken":0.0},{"damage_healed":0.0,"max_hp_gain":0.0,"max_hp_loss":0.0,"gold_gain":0.0,"event_name":"Shining Light","player_choice":"Entered Light","floor":14.0,"gold_loss":0.0,"damage_taken":14.0,"cards_upgraded":["Indignation","FollowUp"]},{"damage_healed":0.0,"max_hp_gain":0.0,"max_hp_loss":0.0,"gold_gain":0.0,"event_name":"Drug Dealer","player_choice":"Inject Mutagens","floor":19.0,"gold_loss":0.0,"damage_taken":0.0,"relics_obtained":["MutagenicStrength"]},{"damage_healed":0.0,"max_hp_gain":0.0,"max_hp_loss":0.0,"gold_gain":0.0,"event_name":"Masked Bandits","player_choice":"Fought Bandits","floor":20.0,"gold_loss":0.0,"damage_taken":0.0},{"damage_healed":0.0,"max_hp_gain":0.0,"max_hp_loss":0.0,"gold_gain":0.0,"event_name":"Cursed Tome","player_choice":"Obtained Book","floor":21.0,"gold_loss":0.0,"damage_taken":16.0},{"damage_healed":0.0,"max_hp_gain":0.0,"max_hp_loss":0.0,"gold_gain":0.0,"event_name":"Wheel of Change","player_choice":"Damaged","floor":37.0,"gold_loss":0.0,"damage_taken":5.0}],"is_beta":false,"boss_relics":[{"not_picked":["Ectoplasm","Runic Pyramid"],"picked":"Busted Crown"},{"not_picked":["SlaversCollar","Astrolabe"],"picked":"VioletLotus"}],"items_purged_floors":[],"is_endless":false,"potions_floor_spawned":[1,10,12,16,18,22,23,28,35,36,38],"ascension_level":0}}