{"host":"32wqp873k6v4mx0b","time":1608836188,"event":{"mods":["AchievementEnabler","Act Like it!","BaseMod","Friendly Minions","KinomotoSakuraMod(木之本樱)","Kiyohime（清姬）","LagranYue(拉格朗・月)","Marisa（F雨　魔理沙）","Minty Spire (QoL Compilation)","Quick Restart","Reimu（博丽灵梦）","RumiaBox-露米娅的神秘盒子","SOS（斯巴达之子）","StSLib","WarShipGirlsR/战舰少女R mod","vexMod","【功能Mod】混沌之环修复补丁"],"gold_per_floor":[112,112,38,38,52,84,37,47,71,71,87,87,87,102,102,207,207,220,68,81,81,81],"floor_reached":21,"playtime":2954,"items_purged":["rmod:fletcherpendant"],"score":204,"play_id":"3a4b860a-76d9-41c2-b7db-7624cee7c45c","local_time":"20201225025628","is_ascension_mode":false,"campfire_choices":[{"data":"rmod:basicallowance","floor":10,"key":"SMITH"},{"floor":13,"key":"REST"},{"data":"rmod:salvage","floor":15,"key":"SMITH"}],"circlet_count":0,"master_deck":["rmod:strick","rmod:strick","rmod:strick","rmod:defend","rmod:defend","rmod:defend","rmod:defend","rmod:basicallowance+1","rmod:maingunfire","rmod:openingtorpedo","rmod:mineteam","rmod:aviationdawn","rmod:diaomin","rmod:firesupport","rmod:salvage+1","rmod:fletcherpendant","rmod:fuelsupply","rmod:abidefaith","rmod:fletcherpendant","rmod:aviationdawn","rmod:chargemoney","rmod:fletcherpendant+1","rmod:maintain"],"relics":["rmod:firstchargereward","LagranYue:RandomDrawCardRelic","NeowsBlessing","Boot","Happy Flower","Question Card","Cursed Key"],"acts_visited":["Exordium","TheCity"],"potions_floor_usage":[],"damage_taken":[{"damage":0,"enemies":"Small Slimes","floor":1,"turns":1},{"damage":0,"enemies":"Jaw Worm","floor":5,"turns":1},{"damage":0,"enemies":"Lagavulin","floor":6,"turns":1},{"damage":0,"enemies":"Cultist","floor":8,"turns":2},{"damage":23,"enemies":"Exordium Thugs","floor":11,"turns":5},{"damage":0,"enemies":"Looter","floor":14,"turns":2},{"damage":60,"enemies":"Hexaghost","floor":16,"turns":13},{"damage":28,"enemies":"Shell Parasite","floor":18,"turns":6},{"damage":23,"enemies":"3 Byrds","floor":20,"turns":6},{"damage":31,"enemies":"Sentry and Sphere","floor":21,"turns":3}],"seed_played":"3840576099424691295","potions_obtained":[{"floor":1,"key":"Dexterity Potion"},{"floor":5,"key":"ColorlessPotion"},{"floor":6,"key":"Regen Potion"},{"floor":20,"key":"AttackPotion"}],"is_trial":false,"path_per_floor":["M","?","$","?","M","E","$","M","T","R","M","T","R","M","R","B",null,"M","$","M","M"],"character_chosen":"PRAEFECT","items_purchased":["rmod:mineteam","rmod:firesupport","rmod:chargemoney"],"campfire_rested":1,"item_purchase_floors":[3,7,19],"current_hp_per_floor":[75,68,68,73,73,73,73,73,73,73,50,50,74,74,74,14,80,52,52,29,0,0],"gold":81,"neow_bonus":"THREE_ENEMY_KILL","is_daily":false,"chose_seed":false,"campfire_upgraded":2,"win_rate":0.0,"timestamp":1608836188,"path_taken":["M","?","$","?","M","E","?","M","T","R","M","?","R","M","R","BOSS","M","$","M","M"],"items_purchased_type":["Card","Card","Card"],"build_version":"2020-12-22","purchased_purges":1,"victory":false,"max_hp_per_floor":[75,75,75,80,80,80,80,80,80,80,80,80,80,80,80,80,80,80,80,80,80,80],"card_choices":[{"not_picked":["rmod:mineteam","rmod:aggressivemary"],"picked":"rmod:openingtorpedo","floor":1},{"not_picked":["rmod:tearstotiara","rmod:guardianhero"],"picked":"rmod:aviationdawn","floor":5},{"not_picked":["rmod:ridicule","rmod:firesupport"],"picked":"rmod:diaomin","floor":6},{"not_picked":["rmod:steelsupply","rmod:sl"],"picked":"rmod:salvage","floor":8},{"not_picked":["rmod:circuitoustactics","rmod:fletcherpendant","rmod:selfconfidence"],"picked":"SKIP","floor":11},{"not_picked":["rmod:advancebysurprise","rmod:openingtorpedo","rmod:supportescort"],"picked":"rmod:fuelsupply","floor":14},{"not_picked":["rmod:supriseattacks","rmod:acesubmarine","rmod:desperatesituation"],"picked":"rmod:abidefaith","floor":16},{"not_picked":["rmod:supportescort","rmod:fuelsupply","rmod:sl"],"picked":"rmod:aviationdawn","floor":18},{"not_picked":["rmod:tearstotiara","rmod:heivgo","rmod:victimresponsibility"],"picked":"rmod:maintain","floor":20}],"player_experience":240040,"relics_obtained":[{"floor":6,"key":"Boot"},{"floor":9,"key":"Happy Flower"},{"floor":12,"key":"Question Card"}],"event_choices":[{"cards_removed":["rmod:strick"],"damage_healed":0,"gold_gain":0,"player_choice":"Card Removal","damage_taken":7,"max_hp_gain":0,"max_hp_loss":0,"event_name":"Golden Wing","floor":2,"gold_loss":0},{"damage_healed":0,"gold_gain":0,"player_choice":"Donut","damage_taken":0,"max_hp_gain":5,"max_hp_loss":0,"event_name":"Big Fish","floor":4,"gold_loss":0}],"is_beta":false,"boss_relics":[{"not_picked":["RedLine:ReiMu","Runic Dome"],"picked":"Cursed Key"}],"items_purged_floors":[19],"is_endless":false,"potions_floor_spawned":[1,5,6,20],"killed_by":"Sentry and Sphere","ascension_level":0}}