{"host":"c2og1cp357bgjv9b","time":1608800024,"event":{"mods":["BaseMod","Colored Map","Minty Spire (QoL Compilation)","Replay The Spire","StSLib"],"gold_per_floor":[116,42,56,75,25,57,75,75,75,75,88,88,100,100,100,200,200,219,219,219,219,27,27,41,60,85,85,105,124,124,139,139,236,236,251,269,269,279,291,318,318,318,318,318,318],"floor_reached":44,"playtime":3237,"items_purged":["Strike_G+1"],"score":442,"play_id":"5d22bbe4-38ad-4e16-bf38-8ea5be8b2583","local_time":"20201224165344","is_ascension_mode":false,"campfire_choices":[{"data":"ReplayTheSpireMod:Scrap Shanks","floor":10,"key":"SMITH"},{"data":"ReplayTheSpireMod:Shiv Toss","floor":12,"key":"SMITH"},{"floor":15,"key":"REST"},{"data":"Concentrate","floor":23,"key":"SMITH"},{"floor":27,"key":"REST"},{"data":"Tactician","floor":30,"key":"SMITH"},{"data":"Storm of Steel","floor":32,"key":"SMITH"},{"floor":41,"key":"REST"}],"circlet_count":0,"master_deck":["Strike_G+1","Strike_G+1","Defend_G+1","Defend_G+1","Defend_G+1","Defend_G+1","Defend_G+1","Survivor","Neutralize","ReplayTheSpireMod:Scrap Shanks+1","ReplayTheSpireMod:Shiv Toss+1","Blade Dance","Deflect","Acrobatics","Storm of Steel+1","A Thousand Cuts","Tactician+1","Accuracy","Concentrate+1","Slice","Prepared","After Image","Terror+1","Tactician+1","Accuracy+1","Bandage Up+1"],"relics":["Ring of the Snake","NeowsBlessing","Pantograph","Ring of Fury","ReplayTheSpireMod:Ring of Addiction","SacredBark","Potion Belt","Replay:Bottled Snecko","Vampiric Spirits","Empty Cage","BargainBundle","PreservedInsect","Black Star","Toxic Egg 2","ReplayTheSpireMod:Lightbulb","Bottled Tornado"],"acts_visited":["Exordium","TheCity","TheBeyond"],"potions_floor_usage":[11,24,25,31,33,38,40,40],"damage_taken":[{"damage":0,"enemies":"Cultist","floor":1,"turns":1},{"damage":0,"enemies":"Jaw Worm","floor":3,"turns":1},{"damage":0,"enemies":"Small Slimes","floor":4,"turns":1},{"damage":31,"enemies":"3 Sentries","floor":6,"turns":12},{"damage":4,"enemies":"Blue Slaver","floor":7,"turns":6},{"damage":5,"enemies":"Exordium Wildlife","floor":11,"turns":3},{"damage":13,"enemies":"2 Fungi Beasts","floor":13,"turns":3},{"damage":45,"enemies":"Hexaghost","floor":16,"turns":9},{"damage":7,"enemies":"Chosen","floor":18,"turns":3},{"damage":0,"enemies":"3 Byrds","floor":24,"turns":2},{"damage":32,"enemies":"Shelled Parasite and Fungi","floor":25,"turns":4},{"damage":9,"enemies":"Snake Plant","floor":28,"turns":3},{"damage":3,"enemies":"Chosen and Byrds","floor":29,"turns":4},{"damage":8,"enemies":"Shelled Parasite and Fungi","floor":31,"turns":2},{"damage":20,"enemies":"Collector","floor":33,"turns":4},{"damage":27,"enemies":"3 Shapes","floor":35,"turns":4},{"damage":18,"enemies":"Orb Walker","floor":36,"turns":5},{"damage":11,"enemies":"Sphere and 2 Shapes","floor":38,"turns":6},{"damage":7,"enemies":"Maw","floor":39,"turns":6},{"damage":24,"enemies":"R_Hoarder","floor":40,"turns":6},{"damage":44,"enemies":"Jaw Worm Horde","floor":44,"turns":2}],"seed_played":"-1328437061418274121","potions_obtained":[{"floor":1,"key":"DistilledChaos"},{"floor":6,"key":"Block Potion"},{"floor":8,"key":"Flashbang"},{"floor":8,"key":"Explosive Potion"},{"floor":8,"key":"Dexterity Potion"},{"floor":18,"key":"Cursed Concoction"},{"floor":29,"key":"LiquidMemories"},{"floor":33,"key":"Adrenaline Potion"},{"floor":35,"key":"BlessingOfTheForge"},{"floor":36,"key":"AttackPotion"}],"is_trial":false,"path_per_floor":["M","$","M","M","?","E","M","?","T","R","M","R","M","T","R","B",null,"M","?","?","?","$","R","M","M","T","R","M","M","R","M","R_BF","B",null,"M","M","?","M","M","E","R","?","T","M"],"character_chosen":"THE_SILENT","items_purchased":["ReplayTheSpireMod:Shiv Toss","BargainBundle","Accuracy","Concentrate","Slice"],"campfire_rested":3,"item_purchase_floors":[2,22,22,22,22],"current_hp_per_floor":[70,70,70,70,70,39,35,35,35,35,30,30,17,17,37,23,68,59,59,47,47,47,47,50,20,20,40,39,40,40,42,42,45,65,38,24,24,16,30,13,31,31,31,0,0],"gold":318,"neow_bonus":"THREE_ENEMY_KILL","is_daily":false,"chose_seed":false,"campfire_upgraded":5,"win_rate":0.0,"timestamp":1608800024,"path_taken":["M","$","M","?","?","E","M","?","T","R","M","R","M","?","R","BOSS","M","?","?","?","$","R","M","M","T","R","M","M","R","M","R_BF","BOSS","M","M","?","M","M","E","R","?","T","M"],"items_purchased_type":["Card","Relic","Card","Card","Card"],"build_version":"2020-12-22","purchased_purges":1,"victory":false,"max_hp_per_floor":[70,70,70,70,70,70,70,70,70,70,70,70,70,70,68,68,68,66,66,71,69,69,69,67,67,67,67,67,65,65,65,65,65,65,65,65,63,63,63,63,63,63,63,61,61],"card_choices":[{"not_picked":["Bane","Prepared"],"picked":"ReplayTheSpireMod:Scrap Shanks","floor":1},{"not_picked":["Deflect","Underhanded Strike"],"picked":"Blade Dance","floor":3},{"not_picked":["Toxin Wave","Sneak Up","ReplayTheSpireMod:Tripwire"],"picked":"SKIP","floor":4},{"not_picked":["Bane","ReplayTheSpireMod:Tripwire","Poisoned Stab"],"picked":"SKIP","floor":6},{"not_picked":["Sucker Punch","ReplayTheSpireMod:Tripwire"],"picked":"Deflect","floor":7},{"not_picked":["Sucker Punch","Hidden Blade"],"picked":"Acrobatics","floor":11},{"not_picked":["Tactician","Blade Dance"],"picked":"Storm of Steel","floor":13},{"not_picked":["Adrenaline","Bullet Time"],"picked":"A Thousand Cuts","floor":16},{"not_picked":["Dash","Acrobatics","Dagger Throw"],"picked":"SKIP","floor":18},{"not_picked":["Sneak Up","Setup+1","Bane"],"picked":"SKIP","floor":24},{"not_picked":["Blade Dance","Underhanded Strike","Dodge and Roll"],"picked":"SKIP","floor":25},{"not_picked":["Dagger Throw","Outmaneuver","Crippling Poison"],"picked":"SKIP","floor":28},{"not_picked":["ReplayTheSpireMod:Tripwire","Choke","ReplayTheSpireMod:Speed Training"],"picked":"SKIP","floor":29},{"not_picked":["Flying Knee","Dagger Throw"],"picked":"Prepared","floor":31},{"not_picked":["A Thousand Cuts","Storm of Steel"],"picked":"After Image","floor":33},{"not_picked":["Slice","Deadly Poison+1","Dagger Throw+1"],"picked":"SKIP","floor":35},{"not_picked":["Deadly Poison+1","Prepared+1","Dagger Throw"],"picked":"SKIP","floor":36},{"not_picked":["Quick Slash+1","Wraith Form v2"],"picked":"Terror+1","floor":38},{"not_picked":["Well Laid Plans+1","PiercingWail"],"picked":"Tactician+1","floor":39},{"not_picked":["Blur+1","Grand Finale"],"picked":"Accuracy+1","floor":40},{"not_picked":["Flash of Steel","Replay:BasicMightCard"],"picked":"Bandage Up+1","floor":42}],"player_experience":119097,"relics_obtained":[{"floor":6,"key":"Pantograph"},{"floor":8,"key":"Ring of Fury"},{"floor":8,"key":"ReplayTheSpireMod:Ring of Addiction"},{"floor":8,"key":"SacredBark"},{"floor":8,"key":"Potion Belt"},{"floor":9,"key":"Replay:Bottled Snecko"},{"floor":14,"key":"Vampiric Spirits"},{"floor":26,"key":"PreservedInsect"},{"floor":40,"key":"Toxic Egg 2"},{"floor":40,"key":"ReplayTheSpireMod:Lightbulb"},{"floor":43,"key":"Bottled Tornado"}],"event_choices":[{"cards_removed":["Strike_G"],"damage_healed":0,"gold_gain":0,"player_choice":"Card Removal","damage_taken":0,"max_hp_gain":0,"max_hp_loss":0,"event_name":"The Cleric","floor":5,"gold_loss":50},{"damage_healed":0,"gold_gain":0,"player_choice":"Simplicity","damage_taken":0,"max_hp_gain":0,"max_hp_loss":0,"event_name":"Back to Basics","floor":19,"gold_loss":0,"cards_upgraded":["Strike_G","Strike_G","Strike_G","Defend_G","Defend_G","Defend_G","Defend_G","Defend_G"]},{"damage_healed":0,"gold_gain":0,"player_choice":"Shed Blood","damage_taken":17,"max_hp_gain":5,"max_hp_loss":0,"event_name":"Forgotten Altar","floor":20,"gold_loss":0},{"damage_healed":0,"gold_gain":0,"player_choice":"Read","damage_taken":0,"max_hp_gain":0,"max_hp_loss":0,"event_name":"The Library","floor":21,"gold_loss":0,"cards_obtained":["Tactician"]},{"damage_healed":0,"gold_gain":0,"player_choice":"Ignored","damage_taken":0,"max_hp_gain":0,"max_hp_loss":0,"event_name":"The Moai Head","floor":37,"gold_loss":0},{"damage_healed":0,"gold_gain":0,"player_choice":"Memory 1","damage_taken":0,"max_hp_gain":0,"max_hp_loss":0,"event_name":"SensoryStone","floor":42,"gold_loss":0}],"is_beta":false,"boss_relics":[{"not_picked":["ReplayTheSpireMod:DimensionalGlitch","Honey Jar"],"picked":"Empty Cage"},{"not_picked":["SlaversCollar","Snecko Scales"],"picked":"Black Star"}],"items_purged_floors":[22],"is_endless":false,"potions_floor_spawned":[1,6,18,29,33,35,36],"killed_by":"Jaw Worm Horde","ascension_level":0}}