{"host":"337p6miwxbqfki03","time":1608848691,"event":{"mods":["BaseMod","Better Third Choice","Colored Map","Conspire","Downfall","Hermit","Hubris","Minty Spire (QoL Compilation)","Replay The Spire","StSLib","The Cursed","The Hierophant","The Marked","The Necromancer","The Poker Player","The Sage","The Valiant","Unceasing Turn Reminder"],"gold_per_floor":[99,99,99,99,99,118,118,173,89,89,89,89,104,129,148,249,249,99,111,128,147,164,164,164,191,191,191,191,209,228,256,276,380,380,380,398,42,42,42,7,34,34,48,65,112,112,112,144,161,161],"floor_reached":51,"playtime":4425,"items_purged":[],"score":788,"play_id":"d7c30150-f024-44db-aec5-c27a3942ce95","local_time":"20201224162451","is_ascension_mode":false,"campfire_choices":[{"floor":1,"key":"RECALL"},{"data":"Guardian:TimeSifter","floor":12,"key":"SMITH"},{"data":"Guardian:SphericShield","floor":18,"key":"SMITH"},{"floor":23,"key":"REST"},{"floor":27,"key":"REST"},{"data":"Guardian:FastForward","floor":35,"key":"SMITH"},{"data":"Guardian:BronzeOrb","floor":42,"key":"SMITH"},{"data":"expansioncontent:Chronoboost","floor":47,"key":"SMITH"}],"circlet_count":0,"master_deck":["Guardian:Strike_Guardian","Guardian:Strike_Guardian","Guardian:Strike_Guardian","Guardian:Defend_Guardian","Guardian:Defend_Guardian","Guardian:Defend_Guardian","Guardian:Defend_Guardian","Guardian:CurlUp","Guardian:TwinSlam","Guardian:ChargeUp","Guardian:PiercingHide","Guardian:PiercingHide","Guardian:Incinerate","Guardian:SentryBeam","Guardian:TimeSifter+1","Guardian:BronzeOrb+1","Guardian:Recover","Guardian:TimeBomb","Guardian:SphericShield+1","Guardian:TimeBomb","Guardian:TemporalStrike","Guardian:TemporalStrike+1","Guardian:Clone","Guardian:TemporalStrike","Guardian:Planning","Guardian:EvasiveProtocol","Guardian:FastForward+1","Guardian:TemporalShield+1","Guardian:CrystalBeam","Mayhem+1","Guardian:ShieldSpikes+1","Guardian:Harden","Guardian:TimeCapacitor","Guardian:RollAttack+1","Guardian:Harden+1","expansioncontent:Collect","expansioncontent:Chronoboost+1","expansioncontent:Collect","Guardian:Gem_Red","Guardian:Gem_Cyan","Guardian:Reroute+1","Guardian:TemporalStrike+1"],"relics":["Guardian:ModeShifter","downfall:HeartsMalice","Counterbalance","Nunchaku","Ancient Tea Set","Pantograph","Busted Crown","downfall:HeartBlessingGreen","downfall:HeartBlessingRed","Pear","Bag of Marbles","conspire:Boomerang","Coffee Dripper","Membership Card","Boot","hubris:Towel","Replay:Rubber Ducky","Mango","Pen Nib"],"acts_visited":["Exordium","TheCity","TheBeyond"],"potions_floor_usage":[33,43],"damage_taken":[{"damage":0,"enemies":"Jaw Worm","floor":2,"turns":1},{"damage":0,"enemies":"Cultist","floor":4,"turns":1},{"damage":0,"enemies":"2 Louse","floor":5,"turns":1},{"damage":0,"enemies":"Exordium Thugs","floor":6,"turns":8},{"damage":0,"enemies":"downfall:FleeingMerchant","floor":9,"turns":4},{"damage":4,"enemies":"conspire:2 RoseBushes","floor":13,"turns":4},{"damage":17,"enemies":"3 Sentries","floor":14,"turns":10},{"damage":7,"enemies":"3 Louse","floor":15,"turns":3},{"damage":18,"enemies":"downfall:Defect","floor":16,"turns":9},{"damage":5,"enemies":"3 Byrds","floor":19,"turns":5},{"damage":0,"enemies":"Snake Plant","floor":20,"turns":5},{"damage":0,"enemies":"Snecko","floor":21,"turns":5},{"damage":7,"enemies":"3 Cultists","floor":22,"turns":6},{"damage":15,"enemies":"Slavers","floor":25,"turns":5},{"damage":0,"enemies":"Snake Plant","floor":29,"turns":3},{"damage":12,"enemies":"Cultist and Chosen","floor":30,"turns":6},{"damage":0,"enemies":"conspire:SneckoGhost","floor":31,"turns":9},{"damage":0,"enemies":"Centurion and Healer","floor":32,"turns":6},{"damage":22,"enemies":"downfall:Ironclad","floor":33,"turns":9},{"damage":0,"enemies":"Orb Walker","floor":36,"turns":4},{"damage":0,"enemies":"downfall:FleeingMerchant","floor":37,"turns":4},{"damage":0,"enemies":"downfall:FleeingMerchant","floor":40,"turns":4},{"damage":8,"enemies":"3 Darklings","floor":43,"turns":7},{"damage":18,"enemies":"Transient","floor":44,"turns":5},{"damage":0,"enemies":"2 Orb Walkers","floor":45,"turns":5},{"damage":0,"enemies":"R_Hoarder","floor":48,"turns":7},{"damage":0,"enemies":"Spire Growth","floor":49,"turns":6},{"damage":5,"enemies":"downfall:Watcher","floor":50,"turns":10}],"seed_played":"-6678603098696706367","potions_obtained":[{"floor":6,"key":"BlessingOfTheForge"},{"floor":8,"key":"FairyPotion"},{"floor":8,"key":"champ:CounterPotion"},{"floor":43,"key":"Dexterity Potion"},{"floor":45,"key":"Regen Potion"}],"is_trial":false,"path_per_floor":["R","M","?","M","M","M","T","?","$","?","?","R","M","E","M","B",null,"R","M","M","M","M","R","T","E","?","R","?","M","M","E","M","B",null,"R","M","$","?","?","$","T","R","M","M","?","?","R","E","M","B",null],"character_chosen":"GUARDIAN","items_purchased":["Guardian:BronzeOrb","Membership Card","Guardian:CrystalBeam","Boot","Mayhem","Guardian:Harden"],"campfire_rested":2,"item_purchase_floors":[9,37,37,37,37,40],"current_hp_per_floor":[80,80,80,80,80,80,80,80,80,73,73,73,69,52,45,52,80,80,75,75,75,68,80,90,75,75,90,90,90,78,78,78,68,90,90,90,90,90,90,90,90,90,82,64,78,68,68,68,68,88],"gold":161,"neow_bonus":"THREE_ENEMY_KILL","is_daily":false,"chose_seed":false,"campfire_upgraded":5,"win_rate":0.0,"timestamp":1608848691,"path_taken":["R","M","?","M","M","?","T","?","?","?","?","R","M","E","M","BOSS","R","M","M","M","M","R","T","E","?","R","?","M","M","E","M","BOSS","R","M","$","?","?","$","T","R","M","?","?","?","R","E","M","BOSS"],"items_purchased_type":["Card","Relic","Card","Relic","Card","Card"],"build_version":"2020-12-22","purchased_purges":0,"victory":true,"max_hp_per_floor":[80,80,80,80,80,80,80,80,80,80,80,80,80,80,80,80,80,80,80,80,80,80,80,90,90,90,90,90,90,90,90,90,90,90,90,90,90,90,90,90,90,90,90,90,104,104,104,104,104,104],"card_choices":[{"not_picked":["Guardian:Gem_Cyan","Guardian:TemporalStrike"],"picked":"Guardian:ChargeUp","floor":2},{"not_picked":["Guardian:Reroute","Guardian:FloatingOrbs"],"picked":"Guardian:PiercingHide","floor":4},{"not_picked":["Guardian:Gem_Lightblue","Guardian:ChargeUp"],"picked":"Guardian:PiercingHide","floor":5},{"not_picked":["Guardian:Gem_Yellow","Guardian:Gem_Lightblue"],"picked":"Guardian:Incinerate","floor":6},{"not_picked":["Guardian:Clone","Guardian:CrystalBeam"],"picked":"Guardian:SentryBeam","floor":8},{"not_picked":["Guardian:PrimingBeam","Guardian:TemporalStrike"],"picked":"Guardian:TimeSifter","floor":9},{"not_picked":["Guardian:Gem_Green","Guardian:Gem_Lightblue"],"picked":"Guardian:Recover","floor":13},{"not_picked":["Guardian:Planning","Guardian:Recover"],"picked":"Guardian:Gem_Green","floor":14},{"not_picked":["Guardian:Suspension","Guardian:Incinerate"],"picked":"Guardian:TimeBomb","floor":15},{"not_picked":["Guardian:TimeSifter","Guardian:GemFire"],"picked":"Guardian:SphericShield","floor":16},{"not_picked":[],"picked":"Guardian:TimeBomb","floor":19},{"not_picked":[],"picked":"Guardian:TemporalStrike","floor":20},{"not_picked":[],"picked":"Guardian:Gem_Lightblue","floor":21},{"not_picked":[],"picked":"Guardian:TemporalStrike+1","floor":22},{"not_picked":[],"picked":"Guardian:Clone","floor":25},{"not_picked":[],"picked":"Guardian:TemporalStrike","floor":29},{"not_picked":[],"picked":"Guardian:Planning","floor":30},{"not_picked":[],"picked":"Guardian:EvasiveProtocol","floor":31},{"not_picked":[],"picked":"Guardian:Gem_Cyan","floor":32},{"not_picked":[],"picked":"Guardian:FastForward","floor":33},{"not_picked":[],"picked":"Guardian:TemporalShield+1","floor":36},{"not_picked":[],"picked":"Guardian:Gem_Blue","floor":37},{"not_picked":[],"picked":"Guardian:ShieldSpikes+1","floor":40},{"not_picked":[],"picked":"Guardian:TimeCapacitor","floor":43},{"not_picked":[],"picked":"Guardian:RollAttack+1","floor":44},{"not_picked":[],"picked":"Guardian:Harden+1","floor":45},{"not_picked":[],"picked":"expansioncontent:Collect","floor":46},{"not_picked":[],"picked":"expansioncontent:Chronoboost","floor":46},{"not_picked":[],"picked":"expansioncontent:Collect","floor":46},{"not_picked":["Guardian:Gem_Lightblue","Guardian:Gem_Green"],"picked":"Guardian:Gem_Red","floor":48},{"not_picked":["Guardian:Gem_Green","Guardian:Gem_Red"],"picked":"Guardian:Gem_Cyan","floor":48},{"not_picked":[],"picked":"Guardian:Reroute+1","floor":48},{"not_picked":[],"picked":"Guardian:TemporalStrike+1","floor":49}],"player_experience":181783,"relics_obtained":[{"floor":7,"key":"Counterbalance"},{"floor":8,"key":"Nunchaku"},{"floor":14,"key":"Pantograph"},{"floor":24,"key":"Pear"},{"floor":25,"key":"Bag of Marbles"},{"floor":31,"key":"conspire:Boomerang"},{"floor":41,"key":"Replay:Rubber Ducky"},{"floor":45,"key":"Mango"},{"floor":48,"key":"Pen Nib"}],"event_choices":[{"damage_healed":0,"gold_gain":0,"player_choice":"Relic ","damage_taken":7,"max_hp_gain":0,"max_hp_loss":0,"event_name":"betterThird:BetterScrap","floor":10,"gold_loss":0,"cards_obtained":["Flechettes"]},{"damage_healed":0,"gold_gain":0,"player_choice":"Leave","damage_taken":0,"max_hp_gain":0,"max_hp_loss":0,"event_name":"conspire:Investor","floor":11,"gold_loss":0},{"damage_healed":0,"gold_gain":0,"player_choice":"Ignored","damage_taken":0,"max_hp_gain":0,"max_hp_loss":0,"event_name":"Ghosts","floor":26,"gold_loss":0},{"damage_healed":0,"gold_gain":0,"player_choice":"Fight","damage_taken":0,"max_hp_gain":0,"max_hp_loss":0,"event_name":"Mysterious Sphere","floor":45,"gold_loss":0}],"is_beta":false,"boss_relics":[{"not_picked":["ChewingGum","Runic Dome"],"picked":"Busted Crown"},{"not_picked":["conspire:RoyalGoblet","Replay:Wanted Poster"],"picked":"Coffee Dripper"}],"items_purged_floors":[],"is_endless":false,"potions_floor_spawned":[6,13,14,15,22,29,31,32,43,45,48,49],"ascension_level":0}}