{"host":"a5lz0e76zb3fcwkm","time":1608826414,"event":{"mods":["AchievementEnabler","BaseMod","Colored Map","Colored Powertips","Minty Spire (QoL Compilation)","StSLib","SuperFastMode"],"gold_per_floor":[111,111,125,275,275,275,304,322,345,359,391,409,15,15,15,92,92,105,105,121,135,150,150,150,180,180,191,41,41,41,58,58,132,132,145,156,156,170,170,170,170],"floor_reached":40,"playtime":966,"items_purged":["Doubt","Defend_G"],"score":936,"play_id":"6d86e1e4-5acb-4340-85f0-5019612cd2a7","local_time":"20201225011334","is_ascension_mode":true,"campfire_choices":[{"data":"Dagger Spray","floor":6,"key":"SMITH"},{"data":"Accuracy","floor":15,"key":"SMITH"},{"data":"Terror","floor":23,"key":"SMITH"},{"data":"Accuracy","floor":29,"key":"SMITH"},{"floor":32,"key":"REST"}],"circlet_count":0,"master_deck":["AscendersBane","Strike_G","Strike_G","Defend_G","Defend_G","Defend_G","Defend_G","Survivor","Neutralize+1","Blur","Terror+1","Leg Sweep+1","Accuracy+1","Storm of Steel+1","Cloak And Dagger+1","PiercingWail+1","Backflip+1","Accuracy+1","Acrobatics+1","Doppelganger+1","Outmaneuver+1","Cloak And Dagger+1","Backflip+1"],"relics":["Ring of the Snake","NeowsBlessing","Happy Flower","Akabeko","Oddly Smooth Stone","Strawberry","Toxic Egg 2","SacredBark","Regal Pillow","Runic Dome"],"acts_visited":["Exordium","TheCity","TheBeyond"],"potions_floor_usage":[11,11,16,22,25,27,31,33,38,40],"damage_taken":[{"damage":0,"enemies":"Cultist","floor":1,"turns":1},{"damage":0,"enemies":"Small Slimes","floor":3,"turns":1},{"damage":0,"enemies":"Lagavulin","floor":7,"turns":1},{"damage":0,"enemies":"2 Louse","floor":8,"turns":2},{"damage":0,"enemies":"Lots of Slimes","floor":10,"turns":1},{"damage":21,"enemies":"Gremlin Nob","floor":11,"turns":4},{"damage":2,"enemies":"Looter","floor":12,"turns":3},{"damage":5,"enemies":"The Guardian","floor":16,"turns":19},{"damage":15,"enemies":"2 Thieves","floor":18,"turns":4},{"damage":12,"enemies":"Shell Parasite","floor":20,"turns":6},{"damage":0,"enemies":"Snecko","floor":21,"turns":4},{"damage":0,"enemies":"Cultist and Chosen","floor":22,"turns":4},{"damage":0,"enemies":"Book of Stabbing","floor":25,"turns":6},{"damage":2,"enemies":"Shelled Parasite and Fungi","floor":27,"turns":3},{"damage":3,"enemies":"Snecko","floor":31,"turns":5},{"damage":21,"enemies":"Collector","floor":33,"turns":4},{"damage":12,"enemies":"3 Darklings","floor":35,"turns":4},{"damage":7,"enemies":"3 Shapes","floor":36,"turns":4},{"damage":9,"enemies":"Jaw Worm Horde","floor":38,"turns":4},{"damage":58,"enemies":"Reptomancer","floor":40,"turns":5}],"seed_played":"5746879191520937591","potions_obtained":[{"floor":1,"key":"Regen Potion"},{"floor":7,"key":"BlessingOfTheForge"},{"floor":11,"key":"SteroidPotion"},{"floor":12,"key":"PowerPotion"},{"floor":21,"key":"Block Potion"},{"floor":22,"key":"EssenceOfSteel"},{"floor":25,"key":"SkillPotion"},{"floor":27,"key":"Swift Potion"},{"floor":35,"key":"Swift Potion"},{"floor":38,"key":"BlessingOfTheForge"}],"is_trial":false,"path_per_floor":["M","?","M","?","?","R","E","M","T","M","E","M","$","?","R","B",null,"M","?","M","M","M","R","?","E","T","M","$","R","?","M","R","B",null,"M","M","?","M","?","E"],"character_chosen":"THE_SILENT","items_purchased":["Toxic Egg 2","Accuracy","Acrobatics+1"],"campfire_rested":1,"item_purchase_floors":[13,13,28],"current_hp_per_floor":[59,33,33,33,33,33,33,33,33,33,31,29,29,22,22,17,59,44,44,32,32,32,32,32,32,32,30,30,30,30,27,63,42,65,53,46,46,37,37,0,0],"gold":170,"neow_bonus":"THREE_ENEMY_KILL","is_daily":false,"chose_seed":false,"campfire_upgraded":4,"win_rate":0.0,"timestamp":1608826414,"path_taken":["M","?","M","?","?","R","E","M","T","M","E","?","$","?","R","BOSS","M","?","?","M","M","R","?","E","T","M","?","R","?","M","R","BOSS","M","?","?","M","?","E"],"items_purchased_type":["Relic","Card","Card"],"build_version":"2020-12-22","purchased_purges":2,"victory":false,"max_hp_per_floor":[66,66,66,66,66,66,66,66,66,66,73,73,73,73,73,73,73,73,73,73,73,73,73,73,73,73,73,73,73,73,73,73,73,73,73,73,73,73,73,73,73],"card_choices":[{"not_picked":["Poisoned Stab","Caltrops"],"picked":"Dagger Spray","floor":1},{"not_picked":["Bane","Dagger Spray"],"picked":"Blur","floor":3},{"not_picked":["PiercingWail","Sucker Punch"],"picked":"Terror","floor":7},{"not_picked":["Storm of Steel","Masterful Stab","Underhanded Strike"],"picked":"SKIP","floor":8},{"not_picked":["Cloak And Dagger","Eviscerate"],"picked":"Leg Sweep","floor":10},{"not_picked":["Skewer","Deflect","Doppelganger"],"picked":"SKIP","floor":11},{"not_picked":["Infinite Blades","Outmaneuver","Bane"],"picked":"SKIP","floor":12},{"not_picked":["Night Terror+1","Doppelganger+1"],"picked":"Storm of Steel+1","floor":16},{"not_picked":["Slice","Backstab"],"picked":"Cloak And Dagger+1","floor":18},{"not_picked":["Quick Slash+1","Outmaneuver+1"],"picked":"Backflip+1","floor":20},{"not_picked":["Deflect+1","Heel Hook","Dagger Throw"],"picked":"SKIP","floor":21},{"not_picked":["Deflect+1","Heel Hook","Dagger Throw"],"picked":"SKIP","floor":21},{"not_picked":["Bane","Concentrate+1","Backflip+1"],"picked":"SKIP","floor":22},{"not_picked":["Quick Slash","Deflect+1","Masterful Stab"],"picked":"SKIP","floor":25},{"not_picked":["Deflect+1","Expertise+1"],"picked":"Accuracy","floor":27},{"not_picked":["Dagger Spray+1","Flying Knee","Bane"],"picked":"SKIP","floor":31},{"not_picked":["Unload","Die Die Die"],"picked":"Doppelganger+1","floor":33},{"not_picked":["Catalyst+1","Poisoned Stab"],"picked":"Outmaneuver+1","floor":35},{"not_picked":["Dodge and Roll+1","Deadly Poison+1"],"picked":"Cloak And Dagger+1","floor":36},{"not_picked":["PiercingWail+1","Outmaneuver+1"],"picked":"Backflip+1","floor":38}],"player_experience":1644640,"relics_obtained":[{"floor":7,"key":"Akabeko"},{"floor":9,"key":"Oddly Smooth Stone"},{"floor":11,"key":"Strawberry"},{"floor":25,"key":"Regal Pillow"}],"event_choices":[{"damage_healed":0,"gold_gain":0,"player_choice":"Success","damage_taken":26,"relics_obtained":["Happy Flower"],"max_hp_gain":0,"max_hp_loss":0,"event_name":"Scrap Ooze","floor":2,"gold_loss":0},{"damage_healed":0,"gold_gain":150,"player_choice":"AGREE","damage_taken":0,"max_hp_gain":0,"max_hp_loss":0,"event_name":"Liars Game","floor":4,"gold_loss":0,"cards_obtained":["Doubt"]},{"damage_healed":0,"gold_gain":0,"player_choice":"0 cards matched","damage_taken":0,"max_hp_gain":0,"max_hp_loss":0,"event_name":"Match and Keep!","floor":5,"gold_loss":0,"cards_obtained":[]},{"cards_removed":["Strike_G"],"damage_healed":0,"gold_gain":0,"player_choice":"Card Removal","damage_taken":7,"max_hp_gain":0,"max_hp_loss":0,"event_name":"Golden Wing","floor":14,"gold_loss":0},{"damage_healed":0,"gold_gain":0,"cards_transformed":["Strike_G"],"player_choice":"Transformed","damage_taken":0,"max_hp_gain":0,"max_hp_loss":0,"event_name":"Transmorgrifier","floor":19,"gold_loss":0,"cards_obtained":["PiercingWail"]},{"cards_removed":["Strike_G"],"damage_healed":0,"gold_gain":0,"player_choice":"Elegance","damage_taken":0,"max_hp_gain":0,"max_hp_loss":0,"event_name":"Back to Basics","floor":24,"gold_loss":0},{"damage_healed":0,"gold_gain":0,"player_choice":"Forge","damage_taken":0,"max_hp_gain":0,"max_hp_loss":0,"event_name":"Accursed Blacksmith","floor":30,"gold_loss":0,"cards_upgraded":["Leg Sweep"]},{"cards_removed":["Dagger Spray"],"damage_healed":0,"gold_gain":0,"player_choice":"Removed Attack","damage_taken":0,"max_hp_gain":0,"max_hp_loss":0,"event_name":"Falling","floor":37,"gold_loss":0},{"damage_healed":0,"gold_gain":0,"player_choice":"Upgraded","damage_taken":0,"max_hp_gain":0,"max_hp_loss":0,"event_name":"Upgrade Shrine","floor":39,"gold_loss":0,"cards_upgraded":["Neutralize"]}],"is_beta":false,"boss_relics":[{"not_picked":["Calling Bell","HoveringKite"],"picked":"SacredBark"},{"not_picked":["Velvet Choker","Snecko Eye"],"picked":"Runic Dome"}],"items_purged_floors":[13,28],"is_endless":false,"potions_floor_spawned":[1,7,11,12,21,22,25,27,35,38],"killed_by":"Reptomancer","ascension_level":20}}