{"host":"mjau5a91be6b66g4","time":1608798542,"event":{"mods":["BaseMod","Minty Spire (QoL Compilation)","StSLib","The Animator","The Bug Knight","The Jungle"],"gold_per_floor":[117,117,117,117,117,117,150,150,150,160,180,180,180,200,200,303,303,322,75,93,103,119,80,80,80],"floor_reached":24,"playtime":707,"items_purged":["Fission"],"score":196,"play_id":"fe1a8156-f6b0-4446-bacd-ece45c62ec25","local_time":"20201224162902","is_ascension_mode":false,"campfire_choices":[{"floor":6,"key":"REST"},{"floor":12,"key":"REST"},{"floor":15,"key":"REST"}],"circlet_count":0,"master_deck":["Strike_B+1","Strike_B","Strike_B","Defend_B","Defend_B","Defend_B","Defend_B","Zap","Dualcast+1","Beam Cell","Defragment+1","Go for the Eyes","Cold Snap","Beam Cell","Gash","Leap","Capacitor","Cold Snap","FTL","Ball Lightning+1","Gash","Gash+1","Static Discharge"],"relics":["Cracked Core","Symbiotic Virus","Ancient Tea Set","Oddly Smooth Stone","Lantern","Shuriken","SlaversCollar"],"acts_visited":["Exordium","TheCity"],"potions_floor_usage":[16,16,21,22,24],"damage_taken":[{"damage":6,"enemies":"Cultist","floor":1,"turns":3},{"damage":21,"enemies":"Lagavulin","floor":7,"turns":4},{"damage":0,"enemies":"2 Louse","floor":10,"turns":2},{"damage":5,"enemies":"Small Slimes","floor":11,"turns":2},{"damage":5,"enemies":"3 Louse","floor":14,"turns":3},{"damage":29,"enemies":"Hexaghost","floor":16,"turns":8},{"damage":21,"enemies":"3 Byrds","floor":18,"turns":6},{"damage":25,"enemies":"2 Thieves","floor":20,"turns":4},{"damage":8,"enemies":"Cultist and Chosen","floor":21,"turns":4},{"damage":20,"enemies":"Snecko","floor":22,"turns":5},{"damage":2,"enemies":"Snake Plant","floor":24,"turns":1}],"seed_played":"-9060610656880989840","potions_obtained":[{"floor":7,"key":"SpeedPotion"},{"floor":10,"key":"Ancient Potion"},{"floor":14,"key":"Block Potion"},{"floor":16,"key":"ColorlessPotion"},{"floor":20,"key":"SneckoOil"},{"floor":22,"key":"DistilledChaos"}],"is_trial":false,"path_per_floor":["M","?","?","?","?","R","E","T","T","M","M","R","T","M","R","B",null,"M","$","M","M","M","$","M"],"character_chosen":"DEFECT","items_purchased":["Capacitor","Cold Snap","FTL","Static Discharge"],"campfire_rested":3,"item_purchase_floors":[19,19,19,23],"current_hp_per_floor":[69,66,66,51,51,73,52,52,52,52,47,69,69,64,75,46,75,54,54,29,21,1,1,0,0],"gold":80,"neow_bonus":"TRANSFORM_CARD","is_daily":false,"chose_seed":false,"campfire_upgraded":0,"win_rate":0.0,"timestamp":1608798542,"path_taken":["M","?","?","?","?","R","E","?","T","M","M","R","?","M","R","BOSS","M","$","M","?","M","?","M"],"items_purchased_type":["Card","Card","Card","Card"],"build_version":"2020-12-22","purchased_purges":1,"victory":false,"max_hp_per_floor":[75,75,75,75,75,75,75,75,75,75,75,75,75,75,75,75,75,75,75,75,75,75,75,75,75],"card_choices":[{"not_picked":["Turbo","Skim"],"picked":"Defragment","floor":1},{"not_picked":["Steam","Conserve Battery"],"picked":"Go for the Eyes","floor":7},{"not_picked":["Sunder","Streamline"],"picked":"Cold Snap","floor":10},{"not_picked":["Undo","Leap"],"picked":"Beam Cell","floor":11},{"not_picked":["Compile Driver","Hologram"],"picked":"Gash","floor":14},{"not_picked":["Hyperbeam","Meteor Strike"],"picked":"Fission","floor":16},{"not_picked":["Redo","Loop+1"],"picked":"Leap","floor":18},{"not_picked":["Rebound","Conserve Battery"],"picked":"Ball Lightning+1","floor":20},{"not_picked":["BootSequence","Echo Form"],"picked":"Gash","floor":21},{"not_picked":["Ball Lightning","Coolheaded"],"picked":"Gash+1","floor":22}],"player_experience":206164,"relics_obtained":[{"floor":7,"key":"Ancient Tea Set"},{"floor":8,"key":"Oddly Smooth Stone"},{"floor":9,"key":"Lantern"},{"floor":13,"key":"Shuriken"}],"event_choices":[{"damage_healed":0,"gold_gain":0,"player_choice":"Success","damage_taken":3,"relics_obtained":["Symbiotic Virus"],"max_hp_gain":0,"max_hp_loss":0,"event_name":"Scrap Ooze","floor":2,"gold_loss":0},{"damage_healed":0,"gold_gain":0,"player_choice":"Grow","damage_taken":0,"max_hp_gain":0,"max_hp_loss":0,"event_name":"Living Wall","floor":3,"gold_loss":0,"cards_upgraded":["Dualcast"]},{"damage_healed":0,"gold_gain":0,"player_choice":"Entered Light","damage_taken":15,"max_hp_gain":0,"max_hp_loss":0,"event_name":"Shining Light","floor":4,"gold_loss":0,"cards_upgraded":["Strike_B","Defragment"]},{"damage_healed":0,"gold_gain":0,"player_choice":"Ignored","damage_taken":0,"max_hp_gain":0,"max_hp_loss":0,"event_name":"Golden Wing","floor":5,"gold_loss":0}],"is_beta":false,"boss_relics":[{"not_picked":["Cursed Key","Sozu"],"picked":"SlaversCollar"}],"items_purged_floors":[19],"is_endless":false,"potions_floor_spawned":[7,10,14,16,20,22],"killed_by":"Snake Plant","ascension_level":0}}