{"host":"6pgtslebjnyv5xmi","time":1608831138,"event":{"mods":["AchievementEnabler","BaseMod","Colored Map","Minty Spire (QoL Compilation)","Rare Cards Sparkle","StSLib","SuperFastMode","The Dragon Tamer","everything is the same but u backflip on backflip"],"gold_per_floor":[116,116,116,47,47,82,114,177,203,203,236,236,250,267,267,362,362,375,474,487,92,92,92,102,102,129,149,161,25,57,6,6,102,102,116,139,62,112,127,155,155,166,190,190,237,237,255,266,266,266,266,266,17,17,17],"floor_reached":54,"playtime":3643,"items_purged":["Regret","Limit Break","Pummel+1"],"score":1086,"play_id":"408860e5-fc40-431a-8442-3e73d7c28cff","local_time":"20201225023218","is_ascension_mode":true,"campfire_choices":[{"data":"Fiend Fire","floor":12.0,"key":"SMITH"},{"data":"Fire Breathing","floor":15.0,"key":"SMITH"},{"data":"Armaments","floor":23.0,"key":"SMITH"},{"floor":25.0,"key":"RECALL"},{"floor":32,"key":"REST"},{"data":"Immolate","floor":41,"key":"SMITH"},{"data":"Dark Embrace","floor":44,"key":"SMITH"},{"data":"Warcry","floor":46,"key":"SMITH"},{"data":"Body Slam","floor":49,"key":"SMITH"},{"data":"Feel No Pain","floor":52,"key":"SMITH"}],"circlet_count":0,"master_deck":["Bash","Power Through","Fiend Fire+1","Armaments+1","Fiend Fire+1","Wild Strike","Ghostly Armor","Fire Breathing+1","Juggernaut","Shrug It Off","Reckless Charge+1","Wild Strike","Double Tap","Metallicize","Impervious","Warcry+1","Feel No Pain+1","Power Through","Second Wind","Battle Trance","Power Through","Immolate+1","Dark Embrace+1","Second Wind","Warcry+1","Body Slam+1","Entrench+1"],"relics":["Burning Blood","NeowsBlessing","WingedGreaves","Bronze Scales","Bag of Marbles","Blood Vial","Regal Pillow","Bird Faced Urn","Pandora\u0027s Box","Bottled Tornado","Whetstone","Dream Catcher","Velvet Choker","Anchor","Thread and Needle","White Beast Statue","Calipers"],"acts_visited":["Exordium","TheCity","TheBeyond","TheEnding"],"potions_floor_usage":[30,33,45,50,50,54],"damage_taken":[{"damage":0.0,"enemies":"2 Louse","floor":1.0,"turns":1.0},{"damage":0.0,"enemies":"Gremlin Nob","floor":6.0,"turns":1.0},{"damage":0.0,"enemies":"Lagavulin","floor":7.0,"turns":1.0},{"damage":7.0,"enemies":"3 Sentries","floor":8.0,"turns":9.0},{"damage":15.0,"enemies":"3 Sentries","floor":11.0,"turns":5.0},{"damage":9.0,"enemies":"Jaw Worm","floor":13.0,"turns":2.0},{"damage":0.0,"enemies":"Cultist","floor":14.0,"turns":1.0},{"damage":23.0,"enemies":"Hexaghost","floor":16.0,"turns":9.0},{"damage":24.0,"enemies":"Shell Parasite","floor":18.0,"turns":5.0},{"damage":1.0,"enemies":"3 Byrds","floor":20.0,"turns":3.0},{"damage":18.0,"enemies":"Centurion and Healer","floor":24.0,"turns":6.0},{"damage":15.0,"enemies":"3 Cultists","floor":27.0,"turns":4.0},{"damage":15.0,"enemies":"Snake Plant","floor":28.0,"turns":5.0},{"damage":80,"enemies":"Gremlin Leader","floor":30,"turns":6},{"damage":70,"enemies":"Collector","floor":33,"turns":9},{"damage":29,"enemies":"3 Darklings","floor":35,"turns":5},{"damage":3,"enemies":"Mind Bloom Boss Battle","floor":38,"turns":6},{"damage":29,"enemies":"3 Shapes","floor":39,"turns":3},{"damage":0,"enemies":"Reptomancer","floor":40,"turns":6},{"damage":30,"enemies":"Sphere and 2 Shapes","floor":42,"turns":4},{"damage":1,"enemies":"2 Orb Walkers","floor":45,"turns":5},{"damage":17,"enemies":"Jaw Worm Horde","floor":47,"turns":4},{"damage":2,"enemies":"Writhing Mass","floor":48,"turns":7},{"damage":26,"enemies":"Time Eater","floor":50,"turns":11},{"damage":84,"enemies":"Shield and Spear","floor":54,"turns":5}],"seed_played":"5776969253492330453","potions_obtained":[{"floor":1.0,"key":"BlessingOfTheForge"},{"floor":6.0,"key":"FairyPotion"},{"floor":13.0,"key":"ColorlessPotion"},{"floor":18.0,"key":"CultistPotion"},{"floor":22.0,"key":"AttackPotion"},{"floor":24.0,"key":"ColorlessPotion"},{"floor":27.0,"key":"Regen Potion"},{"floor":33,"key":"HeartOfIron"},{"floor":42,"key":"ColorlessPotion"},{"floor":45,"key":"Strength Potion"},{"floor":47,"key":"SneckoOil"},{"floor":48,"key":"Block Potion"}],"is_trial":false,"path_per_floor":["M","$","?","$","?","E","E","?","T","?","E","R","M","M","R","B",null,"M","?","M","$","?","R","M","R","T","M","M","$","E","$","R","B",null,"M","T","$","?","M","E","R","M","T","R","?","R","M","M","R","B",null,"R","$","E"],"character_chosen":"IRONCLAD","items_purchased":["Fiend Fire","Bottled Tornado","Feel No Pain","Second Wind","ColorlessPotion","Second Wind","BlessingOfTheForge","ElixirPotion"],"campfire_rested":1,"item_purchase_floors":[4,21,21,29,31,37,53,53],"current_hp_per_floor":[78,78,78,78,78,80,80,79,79,79,71,71,70,78,78,63,76,66,66,75,75,75,75,69,69,69,68,80,80,8,8,47,32,68,53,53,53,66,53,71,71,55,55,55,68,68,69,80,80,62,76,76,76,0,0],"gold":17,"neow_bonus":"THREE_ENEMY_KILL","is_daily":false,"chose_seed":false,"campfire_upgraded":8,"win_rate":0.0,"timestamp":1608831138,"path_taken":["M","$","?","$","?","E","E","?","T","?","E","R","M","M","R","BOSS","M","?","M","$","?","R","?","R","T","?","M","$","E","$","R","BOSS","M","?","$","?","M","E","R","M","T","R","?","R","M","M","R","BOSS","R","$","E"],"items_purchased_type":["Card","Relic","Card","Card","Potion","Card","Potion","Potion"],"build_version":"2020-12-22","purchased_purges":3,"victory":false,"max_hp_per_floor":[80,80,80,80,80,80,80,80,80,80,80,80,80,80,80,80,80,80,80,80,80,80,80,80,80,80,80,80,80,80,80,80,80,80,80,80,80,80,80,80,80,80,80,80,80,80,80,80,80,80,80,80,80,80,80],"card_choices":[{"not_picked":["Headbutt","Seeing Red"],"picked":"Power Through","floor":1.0},{"not_picked":["Iron Wave","Warcry"],"picked":"Armaments","floor":6.0},{"not_picked":["Flex","Reckless Charge"],"picked":"Fiend Fire","floor":7.0},{"not_picked":["Pommel Strike","Twin Strike"],"picked":"Wild Strike","floor":8.0},{"not_picked":["Shrug It Off","Armaments"],"picked":"Ghostly Armor","floor":11.0},{"not_picked":["Disarm","Intimidate","Flex"],"picked":"SKIP","floor":13.0},{"not_picked":["Carnage","Wild Strike"],"picked":"Fire Breathing","floor":14.0},{"not_picked":["Impervious","Corruption"],"picked":"Juggernaut","floor":16.0},{"not_picked":["Clothesline","Anger","Twin Strike"],"picked":"SKIP","floor":18.0},{"not_picked":["Clothesline","Anger","Twin Strike"],"picked":"SKIP","floor":18.0},{"not_picked":["Metallicize+1","Sword Boomerang","Cleave"],"picked":"SKIP","floor":20.0},{"not_picked":["Havoc","Searing Blow+1"],"picked":"Power Through","floor":24.0},{"not_picked":["Perfected Strike","Warcry","Burning Pact+1"],"picked":"SKIP","floor":27.0},{"not_picked":["Havoc","Pommel Strike","Rupture"],"picked":"SKIP","floor":28.0},{"not_picked":["Twin Strike+1","Clash"],"picked":"Battle Trance","floor":30},{"not_picked":["Pummel","Clothesline+1"],"picked":"Power Through","floor":32},{"not_picked":["Brutality","Offering"],"picked":"Immolate","floor":33},{"not_picked":["Clash","Iron Wave"],"picked":"Dark Embrace","floor":35},{"not_picked":["Shockwave","Burning Pact+1","Headbutt+1"],"picked":"SKIP","floor":39},{"not_picked":["Clash+1","Dark Embrace"],"picked":"Warcry+1","floor":40},{"not_picked":["Metallicize","Double Tap","Dark Embrace+1"],"picked":"SKIP","floor":42},{"not_picked":["Perfected Strike+1","Dark Embrace"],"picked":"Body Slam","floor":47},{"not_picked":["Reaper","Spot Weakness+1"],"picked":"Entrench+1","floor":48}],"player_experience":468785,"relics_obtained":[{"floor":6.0,"key":"Bronze Scales"},{"floor":7.0,"key":"Bag of Marbles"},{"floor":8.0,"key":"Blood Vial"},{"floor":9.0,"key":"Regal Pillow"},{"floor":11.0,"key":"Bird Faced Urn"},{"floor":26.0,"key":"Whetstone"},{"floor":30,"key":"Dream Catcher"},{"floor":36,"key":"Anchor"},{"floor":38,"key":"Thread and Needle"},{"floor":40,"key":"White Beast Statue"},{"floor":45,"key":"Calipers"}],"event_choices":[{"damage_healed":0.0,"max_hp_gain":0.0,"max_hp_loss":0.0,"gold_gain":0.0,"event_name":"Big Fish","player_choice":"Box","floor":3.0,"gold_loss":0.0,"damage_taken":0.0,"relics_obtained":["WingedGreaves"],"cards_obtained":["Regret"]},{"damage_healed":0.0,"max_hp_gain":0.0,"max_hp_loss":0.0,"gold_gain":0.0,"event_name":"The Cleric","player_choice":"Leave","floor":5.0,"gold_loss":0.0,"damage_taken":0.0},{"damage_healed":0.0,"max_hp_gain":0.0,"max_hp_loss":0.0,"gold_gain":0.0,"event_name":"Dead Adventurer","player_choice":"Searched \u00272\u0027 times","floor":8.0,"gold_loss":0.0,"damage_taken":0.0},{"damage_healed":0.0,"max_hp_gain":0.0,"max_hp_loss":0.0,"gold_gain":0.0,"event_name":"Living Wall","player_choice":"Grow","floor":10.0,"gold_loss":0.0,"damage_taken":0.0,"cards_upgraded":["Fiend Fire"]},{"damage_healed":0.0,"max_hp_gain":0.0,"max_hp_loss":0.0,"gold_gain":99.0,"event_name":"Nest","player_choice":"Stole From Cult","floor":19.0,"gold_loss":0.0,"damage_taken":0.0},{"damage_healed":0.0,"max_hp_gain":0.0,"max_hp_loss":0.0,"gold_gain":0.0,"event_name":"Lab","player_choice":"Got Potions","floor":22.0,"gold_loss":0.0,"damage_taken":0.0},{"damage_healed":0,"gold_gain":0,"player_choice":"Fight","damage_taken":0,"max_hp_gain":0,"max_hp_loss":0,"event_name":"MindBloom","floor":38,"gold_loss":0},{"damage_healed":0,"gold_gain":0,"player_choice":"Fight","damage_taken":0,"max_hp_gain":0,"max_hp_loss":0,"event_name":"Mysterious Sphere","floor":45,"gold_loss":0}],"is_beta":false,"boss_relics":[{"not_picked":["Fusion Hammer","Ectoplasm"],"picked":"Pandora\u0027s Box"},{"not_picked":["SacredBark","Snecko Eye"],"picked":"Velvet Choker"}],"items_purged_floors":[21,29,53],"is_endless":false,"potions_floor_spawned":[1,6,13,18,24,27,33,42,45,47,48],"killed_by":"Shield and Spear","ascension_level":8}}