{"host":"tj6tjcyqgbd0xj5u","time":1608852768,"event":{"mods":["Aspiration","BaseMod","Better Match","BetterRewards","Challenge The Spire","Conspire","Defuse TimeMaze Blight","Energized Spire","GifTheSpireLib","Gremlin Mod","Halation","Hubris","Infinite Spire","Minty Spire (QoL Compilation)","Replay The Spire","Reworked Bosses","Robot Space Explorer","Spikes Relics","StSLib","Stuff the Spire","The Gatherer","The Sage","vexMod"],"gold_per_floor":[110,160,210,108,119,149,57,69,69,137,149,5,113,140,140,241,241,255,305,324,374,424,456,456,471,471,72,102,119,189,220,220,332,332,369,419,469,519,50,80,80,110,155,155,205,235,324,374,374,374],"floor_reached":51,"playtime":1583,"items_purged":[],"score":1628,"play_id":"7eda5c38-a040-4c50-ad46-6bdf2af60d47","local_time":"20201224193248","is_ascension_mode":true,"campfire_choices":[{"data":"Specialist","floor":15,"key":"SMITH"},{"data":"StuffTheSpire:Perfection","floor":24,"key":"SMITH"},{"data":"infinitespire:Punishment","floor":32,"key":"SMITH"},{"data":"Inflame","floor":41,"key":"SMITH"},{"data":"StuffTheSpire:Vigor","floor":44,"key":"SMITH"},{"data":"Reforge","floor":49,"key":"SMITH"}],"circlet_count":0,"master_deck":["Strike_R","Strike_R","Strike_R","Strike_R","Strike_R","Defend_R","Defend_R","Defend_R+1","Defend_R","Bash","Clash","Clash","Wild Strike","Specialist+1","Havoc","ReplayTheSpireMod:Strike From Hell+1","Inflame+1","Replay:Undeath\u0027s Touch+1","StuffTheSpire:Incineration+1","Replay:Undeath\u0027s Touch+1","ReplayTheSpireMod:Muscle Training+1","StuffTheSpire:PlasmaPunch+1","Cleave","Reckless Charge+1","True Grit","Demon Form+1","Parasite","Notoriety","StuffTheSpire:Vigor+1","infinitespire:Punishment+1","StuffTheSpire:Slingshot+1","Shame","StuffTheSpire:CelestialWarden+1","Inflame","StuffTheSpire:CuriosityCurse","StuffTheSpire:Vigor","StuffTheSpire:PlasmaPunch+1","Replay:Dark Deal","Reforge+1"],"relics":["Burning Blood","infinitespire:EmpoweringShard","Ginger","SsserpentHead","RetroEgg","FossilizedHelix","halation:QuantumPhysicsTextbook","StuffTheSpire:Saxophone","StuffTheSpire:Experiment12","Sandwich","StuffTheSpire:EmeraldSignet","Lantern","Bronze Scales","hubris:Potato","Lee\u0027s Waffle","Gremlin Horn","StuffTheSpire:Expresso","infinitespire:EvilPickle","Mark of Pain","halation:PapillonHeart","halation:PinkSoulGem","Brimstone","hubris:SphereOfDissonance","conspire:Boomerang","vexMod:Dragonfruit","RollingBoulder","Nunchaku"],"acts_visited":["Exordium","TheCity","TheBeyond"],"potions_floor_usage":[6,14,16,25,33,40,42,47],"damage_taken":[{"damage":8,"enemies":"Small Slimes","floor":1,"turns":2},{"damage":7,"enemies":"Jaw Worm","floor":5,"turns":2},{"damage":0,"enemies":"3 Sentries","floor":6,"turns":4},{"damage":0,"enemies":"Cultist","floor":8,"turns":2},{"damage":16,"enemies":"Exordium Thugs","floor":10,"turns":4},{"damage":0,"enemies":"Exordium Wildlife","floor":11,"turns":2},{"damage":0,"enemies":"Lagavulin","floor":14,"turns":4},{"damage":49,"enemies":"Hexaghost","floor":16,"turns":6},{"damage":6,"enemies":"Chosen","floor":18,"turns":2},{"damage":7,"enemies":"Shell Parasite","floor":20,"turns":2},{"damage":19,"enemies":"Gremlin Leader","floor":23,"turns":3},{"damage":0,"enemies":"Centurion and Healer","floor":25,"turns":3},{"damage":25,"enemies":"Slavers","floor":28,"turns":3},{"damage":14,"enemies":"Chosen and Byrds","floor":29,"turns":3},{"damage":0,"enemies":"Cultist and Chosen","floor":30,"turns":3},{"damage":7,"enemies":"Gremlin Leader","floor":31,"turns":4},{"damage":16,"enemies":"Pondfish","floor":33,"turns":5},{"damage":0,"enemies":"Orb Walker","floor":35,"turns":3},{"damage":17,"enemies":"Reptomancer","floor":40,"turns":3},{"damage":0,"enemies":"Nemesis","floor":42,"turns":3},{"damage":0,"enemies":"3 Shapes","floor":46,"turns":2},{"damage":0,"enemies":"Jaw Worm Horde","floor":47,"turns":1},{"damage":0,"enemies":"bossMod:newAwakened","floor":50,"turns":6}],"seed_played":"2803225079279152146","potions_obtained":[{"floor":1,"key":"LifebloodPotion"},{"floor":11,"key":"Regen Potion"},{"floor":14,"key":"BlessingOfTheForge"},{"floor":20,"key":"Adrenaline Potion"},{"floor":28,"key":"FairyPotion"},{"floor":30,"key":"PowerPotion"},{"floor":40,"key":"ColorlessPotion"},{"floor":42,"key":"SneckoOil"}],"is_trial":false,"path_per_floor":["M","?","?","$","M","E","$","M","T","M","M","$","?","E","R","B",null,"M","?","M","?","T","E","R","M","T","$","E","M","M","E","R","B",null,"M","?","?","?","$","E","R","E","T","R","?","M","M","?","R","B",null],"character_chosen":"IRONCLAD","items_purchased":["infinitespire:EmpoweringShard","Clash","Inflame","Replay:Undeath\u0027s Touch","StuffTheSpire:Incineration+1","StuffTheSpire:PlasmaPunch","StuffTheSpire:Saxophone","hubris:Potato","Lee\u0027s Waffle","Brimstone","hubris:SphereOfDissonance","SkillPotion"],"campfire_rested":0,"item_purchase_floors":[0,0,4,4,4,7,12,27,27,39,39,39],"current_hp_per_floor":[39,47,47,47,46,52,52,58,58,48,54,54,54,72,72,29,80,80,80,79,79,79,66,66,72,72,87,68,60,66,65,65,57,87,87,83,83,83,83,72,72,83,83,83,83,88,88,78,78,84],"gold":374,"neow_bonus":"","is_daily":false,"chose_seed":false,"campfire_upgraded":6,"win_rate":0.0,"timestamp":1608852768,"path_taken":["M","?","?","?","M","E","$","M","T","?","M","$","?","E","R","BOSS","M","?","M","?","?","E","R","M","T","?","E","M","?","E","R","BOSS","M","?","?","?","$","E","R","E","T","R","?","M","?","?","R","BOSS"],"items_purchased_type":["Relic","Card","Card","Card","Card","Card","Relic","Relic","Relic","Relic","Relic","Potion"],"build_version":"2020-12-22","purchased_purges":0,"victory":true,"max_hp_per_floor":[80,80,80,80,80,80,80,80,80,80,80,80,80,80,80,80,80,80,80,80,80,80,80,80,80,80,87,87,87,87,87,87,87,87,87,83,83,83,83,83,83,88,88,88,88,88,88,88,88,88],"card_choices":[{"not_picked":["Rupture","Iron Wave"],"picked":"ReplayTheSpireMod:Strike From Hell","floor":1},{"not_picked":["Disarm","Seeing Red"],"picked":"Replay:Undeath\u0027s Touch","floor":5},{"not_picked":["Abandon","Shockwave"],"picked":"ReplayTheSpireMod:Muscle Training","floor":6},{"not_picked":["ReplayTheSpireMod:Strike From Hell","ReplayTheSpireMod:Stacked","Warcry"],"picked":"SKIP","floor":8},{"not_picked":["Heavy Blade","ReplayTheSpireMod:Strike From Hell"],"picked":"Cleave","floor":10},{"not_picked":["Bloodletting","Wild Strike"],"picked":"Reckless Charge","floor":11},{"not_picked":["conspire:ExplosiveBarrier","Flex"],"picked":"True Grit","floor":14},{"not_picked":["Bludgeon","Immolate"],"picked":"Demon Form","floor":16},{"not_picked":["ReplayTheSpireMod:Corrosion Curse","StuffTheSpire:RockThrow","Sever Soul+1"],"picked":"SKIP","floor":18},{"not_picked":["infinitespire:FinalStrike","ReplayTheSpireMod:Haul"],"picked":"infinitespire:Punishment","floor":19},{"not_picked":["Perfected Strike","Armaments"],"picked":"StuffTheSpire:Slingshot","floor":20},{"not_picked":["Dual Wield","Evolve+1","hubris:StunningStrike"],"picked":"SKIP","floor":23},{"not_picked":["Life Link","Reckless Charge","Carnage"],"picked":"SKIP","floor":25},{"not_picked":["Fiend Fire","Entrench+1","Twin Strike"],"picked":"SKIP","floor":28},{"not_picked":["Sentinel","Burning Pact","Cleave"],"picked":"SKIP","floor":29},{"not_picked":["Cleave","StuffTheSpire:Slingshot","Twin Strike+1"],"picked":"SKIP","floor":30},{"not_picked":["Disarm+1","hubris:CleavingFinish","Iron Wave"],"picked":"SKIP","floor":31},{"not_picked":["Cleave+1","Twin Strike"],"picked":"Inflame","floor":35},{"not_picked":["Shrug It Off+1","StuffTheSpire:Pyroclast+1","Entrench"],"picked":"SKIP","floor":40},{"not_picked":["Blood for Blood","Clash+1","Entrench"],"picked":"SKIP","floor":42},{"not_picked":["Rage","Massacre+1","Replay:Many Hands"],"picked":"SKIP","floor":46},{"not_picked":["Second Wind","StuffTheSpire:RockThrow+1","Warcry"],"picked":"SKIP","floor":47},{"not_picked":["Mind Blast","Replay:Sssssssssstrike"],"picked":"StuffTheSpire:PlasmaPunch","floor":48},{"not_picked":["Discovery","ReplayTheSpireMod:Brewmster"],"picked":"Replay:Dark Deal","floor":48},{"not_picked":["Violence","Replay:BasicMightCard"],"picked":"Reforge","floor":48}],"player_experience":56721,"relics_obtained":[{"floor":3,"key":"RetroEgg"},{"floor":6,"key":"FossilizedHelix"},{"floor":9,"key":"halation:QuantumPhysicsTextbook"},{"floor":14,"key":"StuffTheSpire:Experiment12"},{"floor":22,"key":"StuffTheSpire:EmeraldSignet"},{"floor":23,"key":"Lantern"},{"floor":26,"key":"Bronze Scales"},{"floor":28,"key":"Gremlin Horn"},{"floor":31,"key":"StuffTheSpire:Expresso"},{"floor":40,"key":"conspire:Boomerang"},{"floor":42,"key":"vexMod:Dragonfruit"},{"floor":43,"key":"RollingBoulder"}],"event_choices":[{"damage_healed":0,"gold_gain":58,"player_choice":"Gained Gold","damage_taken":0,"max_hp_gain":0,"max_hp_loss":0,"event_name":"Golden Wing","floor":13,"gold_loss":0},{"damage_healed":0,"gold_gain":0,"player_choice":"Leave","damage_taken":0,"max_hp_gain":0,"max_hp_loss":0,"event_name":"conspire:Investor","floor":38,"gold_loss":0},{"damage_healed":0,"gold_gain":0,"player_choice":"Memory 3","damage_taken":10,"max_hp_gain":0,"max_hp_loss":0,"event_name":"SensoryStone","floor":48,"gold_loss":0}],"is_beta":false,"boss_relics":[{"not_picked":["SacredBark","halation:Yufonium"],"picked":"Sandwich"},{"not_picked":["Tiny House","Runic Cube"],"picked":"Mark of Pain"}],"items_purged_floors":[],"is_endless":false,"potions_floor_spawned":[1,11,14,20,28,30,40,42],"ascension_level":2}}