{"host":"3y2rtlgteqp2nuo3","time":1608822573,"event":{"mods":["2.2 Compatiblity","AchievementEnabler","BaseMod","Colored Map","DeckTracker","Highlight Path","Keyboard Shortcuts","Minty Spire (QoL Compilation)","Permanent Neow","Quick Restart","StSLib","SuperFastMode","everything is the same but u backflip on backflip"],"gold_per_floor":[117,135,146,165,185,185,200,212,212,244,194,205,238,254,254,353,353,365,64,76,76,1,1,16,16,42,42,61,79,79,89,89,192,192,202,213,226,238,248,248,276,33,33,33,33,33,33,60,60,60],"floor_reached":51,"playtime":1872,"items_purged":["Strike_B","Defend_B"],"score":903,"play_id":"a17f85b6-b768-4114-b083-363da6b8c46d","local_time":"20201225000933","is_ascension_mode":true,"campfire_choices":[{"data":"Zap","floor":6.0,"key":"SMITH"},{"data":"Go for the Eyes","floor":15.0,"key":"SMITH"},{"data":"Defragment","floor":23.0,"key":"SMITH"},{"data":"Coolheaded","floor":27.0,"key":"SMITH"},{"data":"White Noise","floor":30.0,"key":"SMITH"},{"data":"Hologram","floor":32.0,"key":"SMITH"},{"data":"Biased Cognition","floor":40.0,"key":"SMITH"},{"data":"Defragment","floor":45,"key":"SMITH"},{"data":"Skim","floor":47,"key":"SMITH"},{"floor":49,"key":"REST"}],"circlet_count":0,"master_deck":["Zap+1","Dualcast","Cold Snap","Coolheaded+1","Conserve Battery","Go for the Eyes+1","Self Repair","Melter","White Noise+1","Reinforced Body","Hologram+1","Reboot+1","Skim+1","Electrodynamics","Glacier+1","Defragment+1","Leap+1","White Noise+1","Ball Lightning","Loop+1","Biased Cognition+1","Static Discharge+1","Streamline+1","Chill+1","Compile Driver+1","Steam Power+1","Defragment+1","Force Field+1","Madness","Madness","Aggregate"],"relics":["Cracked Core","Thread and Needle","Regal Pillow","CaptainsWheel","Empty Cage","Medical Kit","Enchiridion","Orichalcum","Astrolabe","Orrery","TungstenRod","Ginger"],"acts_visited":["Exordium","TheCity","TheBeyond"],"potions_floor_usage":[50,50],"damage_taken":[{"damage":0.0,"enemies":"2 Louse","floor":1.0,"turns":3.0},{"damage":0.0,"enemies":"Jaw Worm","floor":2.0,"turns":5.0},{"damage":0.0,"enemies":"Cultist","floor":3.0,"turns":3.0},{"damage":11.0,"enemies":"2 Fungi Beasts","floor":4.0,"turns":3.0},{"damage":0.0,"enemies":"Exordium Thugs","floor":5.0,"turns":4.0},{"damage":16.0,"enemies":"Large Slime","floor":7.0,"turns":7.0},{"damage":5.0,"enemies":"Blue Slaver","floor":8.0,"turns":3.0},{"damage":10.0,"enemies":"3 Sentries","floor":10.0,"turns":7.0},{"damage":0.0,"enemies":"Looter","floor":12.0,"turns":3.0},{"damage":2.0,"enemies":"Lagavulin","floor":13.0,"turns":6.0},{"damage":0.0,"enemies":"Exordium Thugs","floor":14.0,"turns":4.0},{"damage":0.0,"enemies":"Slime Boss","floor":16.0,"turns":13.0},{"damage":0.0,"enemies":"Shell Parasite","floor":18.0,"turns":8.0},{"damage":9.0,"enemies":"3 Byrds","floor":20.0,"turns":2.0},{"damage":5.0,"enemies":"Snake Plant","floor":24.0,"turns":4.0},{"damage":0.0,"enemies":"Snecko","floor":28.0,"turns":7.0},{"damage":0.0,"enemies":"Centurion and Healer","floor":29.0,"turns":5.0},{"damage":0.0,"enemies":"Chosen and Byrds","floor":31.0,"turns":6.0},{"damage":0.0,"enemies":"Champ","floor":33.0,"turns":11.0},{"damage":0.0,"enemies":"Orb Walker","floor":35.0,"turns":5.0},{"damage":0.0,"enemies":"3 Shapes","floor":36.0,"turns":4.0},{"damage":25.0,"enemies":"Writhing Mass","floor":37.0,"turns":4.0},{"damage":0.0,"enemies":"Spire Growth","floor":38.0,"turns":8.0},{"damage":0.0,"enemies":"3 Darklings","floor":39.0,"turns":3.0},{"damage":23.0,"enemies":"Nemesis","floor":41.0,"turns":7.0},{"damage":5,"enemies":"Reptomancer","floor":48,"turns":3},{"damage":7,"enemies":"Donu and Deca","floor":50,"turns":7}],"seed_played":"8979891950759523922","potions_obtained":[{"floor":2.0,"key":"DuplicationPotion"},{"floor":7.0,"key":"SpeedPotion"},{"floor":8.0,"key":"SteroidPotion"},{"floor":10.0,"key":"Dexterity Potion"},{"floor":20.0,"key":"AttackPotion"},{"floor":31.0,"key":"FocusPotion"},{"floor":36.0,"key":"Fruit Juice"},{"floor":37.0,"key":"AttackPotion"},{"floor":39.0,"key":"FearPotion"}],"is_trial":false,"path_per_floor":["M","M","M","M","M","R","M","M","T","E","?","M","E","M","R","B",null,"M","$","M","?","$","R","M","?","T","R","M","M","R","M","R","B",null,"M","M","M","M","M","R","E","$","T","?","R","?","R","E","R","B",null],"character_chosen":"DEFECT","items_purchased":["Electrodynamics","Medical Kit","Defragment","Orrery"],"campfire_rested":1,"item_purchase_floors":[19,19,22,42],"current_hp_per_floor":[75,75,75,64,64,64,55,64,64,61,61,68,73,75,75,75,75,75,75,73,57,57,57,52,52,52,52,59,66,66,73,73,75,75,75,80,62,69,69,69,53,53,53,44,44,44,44,39,78,78],"gold":60,"neow_bonus":"THREE_CARDS","is_daily":false,"chose_seed":false,"campfire_upgraded":9,"win_rate":0.0,"timestamp":1608822573,"path_taken":["M","M","M","M","M","R","M","M","T","E","?","M","E","M","R","BOSS","M","$","M","?","$","R","M","?","T","R","M","M","R","M","R","BOSS","M","M","M","M","M","R","E","$","T","?","R","?","R","E","R","BOSS"],"items_purchased_type":["Card","Relic","Card","Relic"],"build_version":"2020-12-22","purchased_purges":2,"victory":true,"max_hp_per_floor":[75,75,75,75,75,75,75,75,75,75,75,75,75,75,75,75,75,75,75,75,75,75,75,75,75,75,75,75,75,75,75,75,75,75,75,80,80,80,80,80,80,80,80,80,80,80,80,80,80,80],"card_choices":[{"not_picked":["BootSequence","Redo"],"picked":"Cold Snap","floor":0.0},{"not_picked":["Sweeping Beam","Barrage"],"picked":"Coolheaded","floor":1.0},{"not_picked":["Redo","Barrage"],"picked":"Doom and Gloom","floor":2.0},{"not_picked":["Hello World","Beam Cell"],"picked":"Conserve Battery","floor":3.0},{"not_picked":["Conserve Battery","Leap"],"picked":"Go for the Eyes","floor":4.0},{"not_picked":["Steam Power","Barrage"],"picked":"Self Repair","floor":5.0},{"not_picked":["Stack","Rip and Tear","Scrape"],"picked":"SKIP","floor":7.0},{"not_picked":["Barrage","Leap"],"picked":"Melter","floor":8.0},{"not_picked":["Hyperbeam","Turbo"],"picked":"White Noise","floor":10.0},{"not_picked":["Streamline","Hello World"],"picked":"Reinforced Body","floor":12.0},{"not_picked":["Barrage","Streamline","Self Repair"],"picked":"SKIP","floor":13.0},{"not_picked":["Force Field","Aggregate"],"picked":"Hologram","floor":14.0},{"not_picked":["Multi-Cast","Meteor Strike"],"picked":"Reboot","floor":16.0},{"not_picked":["Gash","Redo"],"picked":"Skim","floor":18.0},{"not_picked":["Go for the Eyes","Hologram"],"picked":"Glacier+1","floor":20.0},{"not_picked":["Turbo","Fusion"],"picked":"Leap+1","floor":24.0},{"not_picked":["Darkness","Storm"],"picked":"White Noise+1","floor":28.0},{"not_picked":["Steam","Hyperbeam"],"picked":"Ball Lightning","floor":29.0},{"not_picked":["Force Field","Capacitor"],"picked":"Loop+1","floor":31.0},{"not_picked":["Reboot","Seek"],"picked":"Biased Cognition","floor":33.0},{"not_picked":["Double Energy+1","Ball Lightning","Hello World"],"picked":"SKIP","floor":35.0},{"not_picked":["Self Repair+1","Conserve Battery+1","Streamline"],"picked":"SKIP","floor":36.0},{"not_picked":["Coolheaded+1","Gash","Hologram+1"],"picked":"SKIP","floor":37.0},{"not_picked":["Glacier","Rip and Tear"],"picked":"Compile Driver+1","floor":38.0},{"not_picked":["Leap","Rebound"],"picked":"Steam Power+1","floor":39.0},{"not_picked":["All For One","Ball Lightning+1","Static Discharge+1"],"picked":"SKIP","floor":41},{"not_picked":["Hyperbeam","Tempest+1"],"picked":"Defragment","floor":42},{"not_picked":["Chaos","Leap+1"],"picked":"Force Field+1","floor":42},{"not_picked":["Rebound","Compile Driver+1","Steam"],"picked":"SKIP","floor":48}],"player_experience":641036,"relics_obtained":[{"floor":9.0,"key":"Thread and Needle"},{"floor":10.0,"key":"Regal Pillow"},{"floor":13.0,"key":"CaptainsWheel"},{"floor":21.0,"key":"Enchiridion"},{"floor":26.0,"key":"Orichalcum"},{"floor":43,"key":"TungstenRod"},{"floor":48,"key":"Ginger"}],"event_choices":[{"cards_removed":["Strike_B"],"damage_healed":0.0,"max_hp_gain":0.0,"max_hp_loss":0.0,"gold_gain":0.0,"event_name":"The Cleric","player_choice":"Card Removal","floor":11.0,"gold_loss":50.0,"damage_taken":0.0},{"damage_healed":0.0,"max_hp_gain":0.0,"max_hp_loss":0.0,"gold_gain":0.0,"event_name":"Cursed Tome","player_choice":"Obtained Book","floor":21.0,"gold_loss":0.0,"damage_taken":16.0},{"damage_healed":0.0,"max_hp_gain":0.0,"max_hp_loss":0.0,"gold_gain":0.0,"event_name":"Upgrade Shrine","player_choice":"Upgraded","floor":25.0,"gold_loss":0.0,"damage_taken":0.0,"cards_upgraded":["Reboot"]},{"damage_healed":0,"gold_gain":0,"player_choice":"Embrace Madness","damage_taken":10,"max_hp_gain":0,"max_hp_loss":0,"event_name":"Winding Halls","floor":44,"gold_loss":0,"cards_obtained":["Madness","Madness"]},{"damage_healed":0,"gold_gain":0,"cards_transformed":["Doom and Gloom"],"player_choice":"Transformed","damage_taken":0,"max_hp_gain":0,"max_hp_loss":0,"event_name":"Transmorgrifier","floor":46,"gold_loss":0,"cards_obtained":["Aggregate"]}],"is_beta":false,"boss_relics":[{"not_picked":["Velvet Choker","Tiny House"],"picked":"Empty Cage"},{"not_picked":["SlaversCollar","Black Star"],"picked":"Astrolabe"}],"items_purged_floors":[19,42],"is_endless":false,"potions_floor_spawned":[2,7,8,10,12,20,28,31,36,37,39],"ascension_level":2}}