{"host":"6pgtslebjnyv5xmi","time":1608799736,"event":{"mods":["AchievementEnabler","BaseMod","Colored Map","Minty Spire (QoL Compilation)","Rare Cards Sparkle","StSLib","SuperFastMode","The Dragon Tamer","everything is the same but u backflip on backflip"],"gold_per_floor":[14,34,34,60,78,103,103,163,163,176,176,101,101,101,101,197,197,214,214,234,247,257,286,286,286,286,286,286],"floor_reached":27,"playtime":4963,"items_purged":["Strike_R"],"score":312,"play_id":"73f16f8f-eaa4-45f5-a065-1cfd9a64c255","local_time":"20201224174856","is_ascension_mode":true,"campfire_choices":[{"data":"Double Tap","floor":7.0,"key":"SMITH"},{"data":"Armaments","floor":11.0,"key":"SMITH"},{"data":"Wild Strike","floor":15.0,"key":"SMITH"},{"floor":25,"key":"REST"}],"circlet_count":0,"master_deck":["Strike_R+1","Strike_R","Defend_R","Defend_R+1","Defend_R","Defend_R","Bash","Double Tap+1","Headbutt+1","Dark Embrace","Battle Trance+1","Wild Strike+1","Armaments+1","Disarm","Exhume","CurseOfTheBell","Second Wind","Sentinel","Thunderclap+1","Ghostly Armor+1","Fire Breathing"],"relics":["Burning Blood","Pantograph","Whetstone","Lantern","Turnip","Mercury Hourglass","Calling Bell","Bag of Marbles","Molten Egg 2","Bird Faced Urn","Matryoshka","Potion Belt","Frozen Egg 2","Meat on the Bone"],"acts_visited":["Exordium","TheCity"],"potions_floor_usage":[16,23],"damage_taken":[{"damage":1.0,"enemies":"Cultist","floor":1.0,"turns":3.0},{"damage":8.0,"enemies":"Jaw Worm","floor":2.0,"turns":5.0},{"damage":0.0,"enemies":"Small Slimes","floor":5.0,"turns":4.0},{"damage":8.0,"enemies":"Gremlin Nob","floor":6.0,"turns":3.0},{"damage":25.0,"enemies":"3 Sentries","floor":8.0,"turns":4.0},{"damage":5.0,"enemies":"Gremlin Gang","floor":10.0,"turns":2.0},{"damage":36,"enemies":"The Guardian","floor":16,"turns":10},{"damage":0,"enemies":"Chosen","floor":18,"turns":2},{"damage":13,"enemies":"3 Byrds","floor":20,"turns":6},{"damage":37,"enemies":"Centurion and Healer","floor":21,"turns":8},{"damage":13,"enemies":"Snake Plant","floor":22,"turns":4},{"damage":44,"enemies":"Slavers","floor":23,"turns":8},{"damage":37,"enemies":"Book of Stabbing","floor":27,"turns":4}],"seed_played":"-342677547975823469","potions_obtained":[{"floor":1.0,"key":"SpeedPotion"},{"floor":2.0,"key":"LiquidBronze"},{"floor":5.0,"key":"FearPotion"},{"floor":8.0,"key":"SkillPotion"},{"floor":18,"key":"SteroidPotion"},{"floor":22,"key":"Regen Potion"}],"is_trial":false,"path_per_floor":["M","M","?","T","M","E","R","?","T","M","R","$","?","$","R","B",null,"M","?","M","M","M","E","$","R","T","E"],"character_chosen":"IRONCLAD","items_purchased":[],"campfire_rested":1,"item_purchase_floors":[],"current_hp_per_floor":[77,75,68,68,74,72,72,53,53,54,54,54,38,38,38,33,68,74,74,69,40,33,12,12,36,36,0,0],"gold":286,"neow_bonus":"TRANSFORM_TWO_CARDS","is_daily":false,"chose_seed":false,"campfire_upgraded":3,"win_rate":0.0,"timestamp":1608799736,"path_taken":["M","?","?","?","M","E","R","?","T","M","R","$","?","?","R","BOSS","M","?","?","M","M","E","$","R","T","E"],"items_purchased_type":[],"build_version":"2020-12-22","purchased_purges":1,"victory":false,"max_hp_per_floor":[80,80,80,80,80,80,80,80,80,80,80,80,80,80,80,80,80,80,80,80,80,80,80,80,80,80,80,80],"card_choices":[{"not_picked":["Rampage","Body Slam"],"picked":"Dark Embrace","floor":1.0},{"not_picked":["Whirlwind","Pommel Strike"],"picked":"Battle Trance","floor":2.0},{"not_picked":["Flame Barrier","Cleave"],"picked":"Wild Strike","floor":5.0},{"not_picked":["Body Slam","Havoc","Twin Strike"],"picked":"SKIP","floor":6.0},{"not_picked":["Flex","Headbutt"],"picked":"Armaments","floor":8.0},{"not_picked":["Carnage","Dual Wield"],"picked":"Disarm","floor":10.0},{"not_picked":["Barricade","Berserk"],"picked":"Exhume","floor":16},{"not_picked":["Hemokinesis+1","Iron Wave+1"],"picked":"Second Wind","floor":18},{"not_picked":["Clash+1","True Grit+1"],"picked":"Sentinel","floor":20},{"not_picked":["Clash+1","Metallicize"],"picked":"Thunderclap+1","floor":21},{"not_picked":["Searing Blow+1","Infernal Blade"],"picked":"Ghostly Armor+1","floor":22},{"not_picked":["Rampage+1","Carnage+1"],"picked":"Fire Breathing","floor":23}],"player_experience":437542,"relics_obtained":[{"floor":4.0,"key":"Whetstone"},{"floor":6.0,"key":"Lantern"},{"floor":8.0,"key":"Turnip"},{"floor":9.0,"key":"Mercury Hourglass"},{"floor":17,"key":"Bag of Marbles"},{"floor":17,"key":"Molten Egg 2"},{"floor":17,"key":"Bird Faced Urn"},{"floor":23,"key":"Potion Belt"},{"floor":26,"key":"Frozen Egg 2"},{"floor":26,"key":"Meat on the Bone"}],"event_choices":[{"damage_healed":0.0,"max_hp_gain":0.0,"max_hp_loss":0.0,"gold_gain":0.0,"event_name":"Scrap Ooze","player_choice":"Success","floor":3.0,"gold_loss":0.0,"damage_taken":7.0,"relics_obtained":["Pantograph"]},{"damage_healed":0.0,"max_hp_gain":0.0,"max_hp_loss":0.0,"gold_gain":30.0,"event_name":"Dead Adventurer","player_choice":"Searched \u00272\u0027 times","floor":8.0,"gold_loss":0.0,"damage_taken":0.0},{"damage_healed":0.0,"max_hp_gain":0.0,"max_hp_loss":0.0,"gold_gain":0.0,"event_name":"Shining Light","player_choice":"Entered Light","floor":13.0,"gold_loss":0.0,"damage_taken":16.0,"cards_upgraded":["Defend_R","Battle Trance"]},{"damage_healed":0,"gold_gain":0,"player_choice":"Gave Potion","damage_taken":0,"relics_obtained":["Matryoshka"],"max_hp_gain":0,"max_hp_loss":0,"event_name":"WeMeetAgain","floor":19,"gold_loss":0}],"is_beta":false,"boss_relics":[{"not_picked":["Black Star","Busted Crown"],"picked":"Calling Bell"}],"items_purged_floors":[12],"is_endless":false,"potions_floor_spawned":[1,2,5,8,18,22],"killed_by":"Book of Stabbing","ascension_level":7}}