{"host":"jw4qy1ihmjslahm8","time":1608781633,"event":{"mods":["Act Like it!","BaseMod","BetterRewards","Colored Map","Downfall","Gensokyo","HololiveMod","Hubris","Infinite Spire","MarisaÅiñ∂âJÅ@ñÇóùçπÅj","Minty Spire (QoL Compilation)","Replay The Spire","StSLib","The Animator"],"gold_per_floor":[99,99,32,45,70,86,86,86,132,162,262,280,280,380,406,406,406],"floor_reached":16,"playtime":1257,"items_purged":[],"score":100,"play_id":"3e95ba48-68b8-4d9f-aa36-b936e2261360","local_time":"20201223194713","is_ascension_mode":false,"campfire_choices":[{"data":"animator:LizardPriest","floor":8,"key":"SMITH"},{"floor":13,"key":"REST"}],"circlet_count":0,"master_deck":["animator:Strike_OwariNoSeraph","animator:Defend_OwariNoSeraph","animator:Strike","animator:Defend","animator:Defend","animator:Defend","animator:Shinoa","animator:Mikaela","animator:LizardPriest+1","animator:RinTohsaka","animator:Berserker","animator:Yuuichirou","animator:Archer","animator:YunYun+1","animator:Mikaela","animator:Rider","animator:Mitsurugi","animator:Verdia"],"relics":["animator:LivingPicture","animator:TheMissingPiece","animator:PurgingStone","hubris:Icosahedron","ReplayTheSpireMod:Ninjato","Question Card","Hololive_LightStick"],"acts_visited":["Exordium"],"potions_floor_usage":[9,9,16,16],"damage_taken":[{"damage":0,"enemies":"downfall:FleeingMerchant","floor":3,"turns":4},{"damage":0,"enemies":"Jaw Worm","floor":4,"turns":7},{"damage":0,"enemies":"2 Louse","floor":5,"turns":5},{"damage":0,"enemies":"Small Slimes","floor":6,"turns":5},{"damage":20,"enemies":"Gremlin Nob","floor":9,"turns":5},{"damage":0,"enemies":"downfall:Heads","floor":11,"turns":6},{"damage":0,"enemies":"3 Louse","floor":12,"turns":2},{"damage":0,"enemies":"Exordium Wildlife","floor":15,"turns":2},{"damage":68,"enemies":"downfall:Defect","floor":16,"turns":9}],"seed_played":"-7351285928779415162","potions_obtained":[{"floor":1,"key":"Fire Potion"},{"floor":1,"key":"SpeedPotion"},{"floor":12,"key":"Elixir"}],"is_trial":false,"path_per_floor":["R_BF","?","$","M","M","M","T","R","E","?","?","M","R","?","M","B"],"character_chosen":"THE_ANIMATOR","items_purchased":["Block Potion"],"campfire_rested":1,"item_purchase_floors":[3],"current_hp_per_floor":[66,66,66,66,66,66,66,66,46,46,46,47,67,67,67,0,0],"gold":406,"neow_bonus":"THREE_CARDS","is_daily":false,"chose_seed":false,"campfire_upgraded":1,"win_rate":0.0,"timestamp":1608781633,"path_taken":["R_BF","?","$","M","M","M","T","R","E","?","?","M","R","?","M","BOSS"],"items_purchased_type":["Potion"],"build_version":"2020-12-22","purchased_purges":0,"victory":false,"max_hp_per_floor":[66,66,66,66,66,66,66,66,66,66,66,67,67,67,67,67,67],"card_choices":[{"not_picked":["animator:MumenRider","animator:ElricAlphonse"],"picked":"animator:LizardPriest","floor":0},{"not_picked":["animator:Kuribayashi","animator:ElricEdward"],"picked":"animator:RinTohsaka","floor":3},{"not_picked":["animator:MumenRider","animator:ShinjiMatou"],"picked":"animator:Berserker","floor":4},{"not_picked":["animator:RinTohsaka","animator:Genos"],"picked":"animator:Yuuichirou","floor":5},{"not_picked":["animator:Berserker","animator:Assassin"],"picked":"animator:Archer","floor":6},{"not_picked":["animator:RoyMustang","animator:Berserker"],"picked":"animator:YunYun","floor":9},{"not_picked":["animator:WinryRockbell","animator:Hitei","animator:Shichika"],"picked":"animator:Rider","floor":11},{"not_picked":["animator:MaesHughes","animator:Assassin","animator:YuiTsuruno"],"picked":"animator:Mitsurugi","floor":12},{"not_picked":["animator:Aqua","animator:Vanir","animator:YunYun"],"picked":"animator:Verdia","floor":15}],"player_experience":32884,"relics_obtained":[{"floor":7,"key":"ReplayTheSpireMod:Ninjato"},{"floor":9,"key":"Question Card"}],"event_choices":[],"is_beta":false,"boss_relics":[],"items_purged_floors":[],"is_endless":false,"potions_floor_spawned":[5,12],"killed_by":"downfall:Defect","ascension_level":0}}