{"host":"7erghha4zaoybdup","time":1608847857,"event":{"mods":["2.2 Compatiblity","Abigail Mod","AchievementEnabler","Act Like it!","Arknights The Spire","Astrologer","BaseMod","CapriCore","Colored Powertips","Conspire","Downfall","Friendly Minions","GifTheSpireLib","Glutton Mod","Gremlin Mod","Hallownest","Hermit","Hubris","Infinite Spire","Jorbs\u0027s Wanderer Trilogy","KinomotoSakuraMod(ñÿîVñ{?)","KiyohimeÅiê¥?Åj","Koishi","KomeijiMod","Lobotomy","LobotomyExtend","MarisaÅiñ∂âJÅ@ñÇóùçπÅj","Minty Spire (QoL Compilation)","Onozuka Komachi Mod","Prisma Mod","Quarter Circle Forward PUNCH!","Quick Restart","Random Character Button","ReimuÅiîé??öÎÅj","Shade Mod","Somnambulant","StSLib","The Bug Knight","The Construct","The Cursed","The Disciple","The Fake Hero","The Hayseed","The Hierophant","The Immortal","The Judge","The Kombatant","The Marked","The Mystic","The Necromancer","The Poker Player","The Sage","The Saiyan","The Servant 0.9.4","The Showman","The Wild Card","Wandering Minibosses","Åy?ï˚ìÒéü?çÏÅzî™â]éámod","Åy?ï®?îvÅzREMEMod"],"gold_per_floor":[99,99,99,99,99,133,133,153,166,180,180,195,45,71,85,85,85,85],"floor_reached":16,"playtime":901,"items_purged":[],"score":160,"play_id":"11326932-6248-46f0-b9a9-fbea8863c3fb","local_time":"20201224161057","is_ascension_mode":false,"campfire_choices":[{"floor":1.0,"key":"RECALL"},{"floor":13.0,"key":"REST"}],"circlet_count":0,"master_deck":["hexamod:Strike","hexamod:Strike","hexamod:Strike","hexamod:Strike","hexamod:Defend","hexamod:Defend","hexamod:Defend","hexamod:Defend","hexamod:Sear","hexamod:Float","hexamod:GhostLash+1","hexamod:EtherealExpedition+1","hexamod:HexaLevel","hexamod:HeatCrush","hexamod:DynamicBlow","hexamod:RecurringNightmare","hexamod:RainOfEmbers"],"relics":["hexamod:SpiritBrand","REME_ComplimentaryCards","downfall:HeartsMalice","LetterFromLob","Moonlight_r","qcfpunch:Red_Beret","Bag of Preparation","downfall:HeartBlessingBlue","downfall:HeartBlessingRed","conspire:DecoderRing"],"acts_visited":["Exordium"],"potions_floor_usage":[],"damage_taken":[{"damage":0.0,"enemies":"2 Louse","floor":2.0,"turns":1.0},{"damage":0.0,"enemies":"Small Slimes","floor":3.0,"turns":1.0},{"damage":0.0,"enemies":"Gremlin Nob","floor":6.0,"turns":1.0},{"damage":0.0,"enemies":"Cultist","floor":8.0,"turns":3.0},{"damage":0.0,"enemies":"Large Slime","floor":9.0,"turns":3.0},{"damage":0.0,"enemies":"Blue Slaver","floor":10.0,"turns":2.0},{"damage":17.0,"enemies":"Gremlin Gang","floor":12.0,"turns":3.0},{"damage":0.0,"enemies":"3 Sentries","floor":14.0,"turns":3.0},{"damage":0.0,"enemies":"Exordium Wildlife","floor":15.0,"turns":3.0},{"damage":0,"enemies":"downfall:Defect","floor":16,"turns":1}],"seed_played":"7492022991201180817","potions_obtained":[{"floor":8.0,"key":"ColorlessPotion"},{"floor":9.0,"key":"hexamod:EctoCoolerPotion"},{"floor":10.0,"key":"hexamod:EctoCoolerPotion"},{"floor":15.0,"key":"Energy Potion"}],"is_trial":false,"path_per_floor":["R","M","M","?","?","E","T","M","M","M","?","M","R","E","M","B"],"character_chosen":"THE_SPIRIT","items_purchased":[],"campfire_rested":1,"item_purchase_floors":[],"current_hp_per_floor":[70,70,70,29,52,52,52,52,52,52,40,23,57,57,57,57,57,57],"gold":85,"neow_bonus":"THREE_ENEMY_KILL","is_daily":false,"chose_seed":false,"campfire_upgraded":0,"win_rate":0.0,"timestamp":1608847857,"path_taken":["R","M","M","?","?","E","T","M","M","M","?","M","R","E","M","BOSS"],"items_purchased_type":[],"build_version":"2020-12-22","purchased_purges":0,"victory":false,"max_hp_per_floor":[70,70,70,70,70,70,70,70,70,70,70,70,80,80,80,80,80,80],"card_choices":[{"not_picked":["hexamod:NightmareStrike","hexamod:FastForward"],"picked":"hexamod:GhostLash","floor":2.0},{"not_picked":["hexamod:RetreatToShadows","hexamod:GhostLash"],"picked":"hexamod:EtherealExpedition","floor":3.0},{"not_picked":["hexamod:InspiringFlames","hexamod:BurningTouch"],"picked":"hexamod:HexaLevel","floor":6.0},{"not_picked":["hexamod:Rewind","hexamod:InspiringFlames"],"picked":"hexamod:HeatCrush","floor":8.0},{"not_picked":["hexamod:SpectralAdrenaline","hexamod:SkipABeat"],"picked":"hexamod:DynamicBlow","floor":9.0},{"not_picked":["hexamod:GhostflameBarrier","hexamod:AdvancingGuard","hexamod:DynamicBlow"],"picked":"SKIP","floor":10.0},{"not_picked":["hexamod:ShieldOfDarkness","hexamod:GhostOfSpirePresent"],"picked":"hexamod:RecurringNightmare","floor":12.0},{"not_picked":["hexamod:GhostLash","hexamod:ThermalTransfer","hexamod:GhostShield"],"picked":"SKIP","floor":14.0},{"not_picked":["hexamod:ThermalTransfer","hexamod:PhantomFireball"],"picked":"hexamod:RainOfEmbers","floor":15.0}],"player_experience":376733,"relics_obtained":[{"floor":2.0,"key":"LetterFromLob"},{"floor":6.0,"key":"qcfpunch:Red_Beret"},{"floor":14.0,"key":"conspire:DecoderRing"}],"event_choices":[{"damage_healed":23.0,"max_hp_gain":0.0,"max_hp_loss":0.0,"gold_gain":0.0,"event_name":"Big Fish","player_choice":"Banana","floor":5.0,"gold_loss":0.0,"damage_taken":0.0},{"damage_healed":0.0,"max_hp_gain":0.0,"max_hp_loss":0.0,"gold_gain":0.0,"event_name":"Scrap Ooze","player_choice":"Success","floor":11.0,"gold_loss":0.0,"damage_taken":12.0,"relics_obtained":["Bag of Preparation"]}],"is_beta":false,"boss_relics":[],"items_purged_floors":[],"is_endless":false,"potions_floor_spawned":[8,9,10,14,15],"killed_by":"downfall:Defect","ascension_level":0}}