{"host":"92108ef2q9tm8rod","time":1608849577,"event":{"mods":["BaseMod","Defuse TimeMaze Blight","Minty Spire (QoL Compilation)","StSLib","The Jungle"],"gold_per_floor":[118,135,150,222,222,222,240,240,240,240,257,257,290,290,290,388,388,405,423,437,312,322,322,322,353,353,353,353,386,386,401,401,499,499,515,407,146,166,178,178,203,203,203,203,203,213,213,49,49,49],"floor_reached":51,"playtime":2422,"items_purged":["Dodge and Roll+1","Reinforced Body+1"],"score":1088,"play_id":"6c65e266-1a26-4717-b402-9ef2543bf71b","local_time":"20201224223937","daily_mods":["SealedDeck","Green Cards","Heirloom","Flight"],"is_ascension_mode":false,"campfire_choices":[{"data":"Go for the Eyes","floor":6.0,"key":"SMITH"},{"data":"Deflect","floor":8.0,"key":"SMITH"},{"data":"Dodge and Roll","floor":10.0,"key":"SMITH"},{"data":"Blur","floor":12.0,"key":"SMITH"},{"data":"Beam Cell","floor":15.0,"key":"SMITH"},{"data":"Coolheaded","floor":23.0,"key":"SMITH"},{"data":"Backflip","floor":24.0,"key":"SMITH"},{"data":"Reinforced Body","floor":27.0,"key":"SMITH"},{"data":"Streamline","floor":28.0,"key":"SMITH"},{"data":"Escape Plan","floor":30.0,"key":"SMITH"},{"data":"Underhanded Strike","floor":32.0,"key":"SMITH"},{"floor":40.0,"key":"REST"},{"data":"Gash","floor":44.0,"key":"SMITH"},{"floor":45.0,"key":"DIG"},{"floor":47.0,"key":"DIG"},{"floor":49,"key":"DIG"}],"circlet_count":0,"master_deck":["Underhanded Strike+1","Prepared+1","Beam Cell+1","Backflip+1","Streamline+1","Go for the Eyes+1","Escape Plan+1","Coolheaded+1","Deflect+1","Blur+1","Gash+1"],"relics":["Cracked Core","Bird Faced Urn","The Courier","Regal Pillow","Ancient Tea Set","Black Star","Membership Card","War Paint","Centennial Puzzle","Unceasing Top","Smiling Mask","Cables","Empty Cage","Omamori","Medical Kit","Gremlin Horn","Bottled Lightning","Shovel","Whetstone","InkBottle","Kunai","Mango","Oddly Smooth Stone","Nunchaku","StrikeDummy"],"acts_visited":["Exordium","Exordium","TheBeyond"],"potions_floor_usage":[50,50],"damage_taken":[{"damage":0.0,"enemies":"Jaw Worm","floor":1.0,"turns":2.0},{"damage":0.0,"enemies":"2 Louse","floor":2.0,"turns":1.0},{"damage":0.0,"enemies":"Small Slimes","floor":3.0,"turns":2.0},{"damage":0.0,"enemies":"3 Louse","floor":7.0,"turns":2.0},{"damage":0.0,"enemies":"Blue Slaver","floor":11.0,"turns":3.0},{"damage":6.0,"enemies":"Gremlin Nob","floor":13.0,"turns":4.0},{"damage":0.0,"enemies":"The Guardian","floor":16.0,"turns":7.0},{"damage":3.0,"enemies":"theJungle:MUSHROOMGANG","floor":18.0,"turns":4.0},{"damage":0.0,"enemies":"theJungle:5_Spyders","floor":19.0,"turns":8.0},{"damage":0.0,"enemies":"theJungle:JungleHuntersEncounter","floor":20.0,"turns":7.0},{"damage":0.0,"enemies":"theJungle:SlimyTreeVines","floor":22.0,"turns":10.0},{"damage":0.0,"enemies":"theJungle:2_Phrogs","floor":25.0,"turns":8.0},{"damage":0.0,"enemies":"theJungle:MamaSnecko","floor":29.0,"turns":2.0},{"damage":0.0,"enemies":"theJungle:Lyon","floor":31.0,"turns":3.0},{"damage":0.0,"enemies":"theJungle:QueenSpyder","floor":33.0,"turns":5.0},{"damage":0.0,"enemies":"3 Darklings","floor":35.0,"turns":6.0},{"damage":0.0,"enemies":"Orb Walker","floor":38.0,"turns":4.0},{"damage":0.0,"enemies":"Transient","floor":39.0,"turns":5.0},{"damage":4.0,"enemies":"Reptomancer","floor":41.0,"turns":3.0},{"damage":0.0,"enemies":"Spire Growth","floor":46.0,"turns":3.0},{"damage":7,"enemies":"Time Eater","floor":50,"turns":8}],"seed_played":"-2180603989894859616","potions_obtained":[{"floor":3.0,"key":"Strength Potion"},{"floor":7.0,"key":"Swift Potion"},{"floor":16.0,"key":"DistilledChaos"},{"floor":18.0,"key":"EntropicBrew"},{"floor":22.0,"key":"BlessingOfTheForge"},{"floor":25.0,"key":"ColorlessPotion"},{"floor":29.0,"key":"Fruit Juice"},{"floor":35.0,"key":"SpeedPotion"},{"floor":38.0,"key":"FocusPotion"},{"floor":39.0,"key":"PotionOfCapacity"}],"is_trial":true,"path_per_floor":["M","M","M","?","?","R","M","R","T","R","M","R","E","?","R","B",null,"M","M","M","$","M","R","R","E","T","R","R","E","R","M","R","B",null,"M","$","$","M","M","R","E","?","T","R","R","M","R","$","R","B",null],"character_chosen":"DEFECT","items_purchased":["Membership Card","Omamori","Medical Kit","Gremlin Horn","Bottled Lightning","Oddly Smooth Stone","Nunchaku"],"campfire_rested":1,"item_purchase_floors":[21,36,37,37,37,48,48],"current_hp_per_floor":[75,75,75,75,80,80,80,80,80,80,80,80,74,71,71,71,80,77,77,77,77,80,80,80,80,80,80,80,80,80,85,85,85,85,85,85,85,85,85,85,81,81,81,81,81,81,95,95,95,88],"gold":49,"neow_bonus":"","is_daily":false,"chose_seed":false,"campfire_upgraded":12,"win_rate":0.0,"timestamp":1608849577,"path_taken":["M","M","M","?","?","R","?","R","T","R","M","R","E","?","R","BOSS","M","M","M","$","M","R","R","E","T","R","R","E","R","M","R","BOSS","M","$","$","M","M","R","E","?","T","R","R","M","R","$","R","BOSS"],"items_purchased_type":["Relic","Relic","Relic","Relic","Relic","Relic","Relic"],"build_version":"2020-12-22","purchased_purges":2,"victory":true,"max_hp_per_floor":[75,75,75,75,80,80,80,80,80,80,80,80,80,80,80,80,80,80,80,80,80,80,80,80,80,80,80,80,80,80,85,85,85,85,85,85,85,85,85,85,85,81,81,81,81,81,95,95,95,95],"card_choices":[{"not_picked":["Hologram","Flechettes"],"picked":"Calculated Gamble","floor":1.0},{"not_picked":["Stack","Quick Slash"],"picked":"Coolheaded","floor":2.0},{"not_picked":["Bane","Barrage","Dodge and Roll"],"picked":"SKIP","floor":3.0},{"not_picked":["Quick Slash","Conserve Battery"],"picked":"Deflect","floor":7.0},{"not_picked":["Bouncing Flask","Choke"],"picked":"Blur","floor":11.0},{"not_picked":["Hologram","Redo","All For One"],"picked":"SKIP","floor":13.0},{"not_picked":["Conserve Battery","Cloak And Dagger","Undo"],"picked":"SKIP","floor":18.0},{"not_picked":["Storm","Barrage","Tactician+1"],"picked":"SKIP","floor":19.0},{"not_picked":["Conserve Battery","Barrage","Melter"],"picked":"SKIP","floor":20.0},{"not_picked":["Dodge and Roll","Underhanded Strike","Coolheaded"],"picked":"SKIP","floor":22.0},{"not_picked":["Backstab","Dash","Deflect"],"picked":"SKIP","floor":25.0},{"not_picked":["Flechettes","Cold Snap","Stack"],"picked":"SKIP","floor":29.0},{"not_picked":["Infinite Blades","Endless Agony+1","Acrobatics"],"picked":"SKIP","floor":31.0},{"not_picked":["Double Energy","Deflect","Quick Slash"],"picked":"SKIP","floor":35.0},{"not_picked":["Aggregate+1","Dash+1","Distraction+1"],"picked":"SKIP","floor":38.0},{"not_picked":["Accuracy","Outmaneuver+1","Distraction+1"],"picked":"SKIP","floor":39.0},{"not_picked":["Poisoned Stab","Redo+1"],"picked":"Gash","floor":41.0},{"not_picked":["Skewer","Skim+1","Leg Sweep"],"picked":"SKIP","floor":46.0}],"player_experience":3184489,"relics_obtained":[{"floor":9.0,"key":"The Courier"},{"floor":13.0,"key":"Regal Pillow"},{"floor":25.0,"key":"War Paint"},{"floor":25.0,"key":"Centennial Puzzle"},{"floor":26.0,"key":"Unceasing Top"},{"floor":29.0,"key":"Smiling Mask"},{"floor":29.0,"key":"Cables"},{"floor":41.0,"key":"Shovel"},{"floor":41.0,"key":"Whetstone"},{"floor":43.0,"key":"InkBottle"},{"floor":45.0,"key":"Kunai"},{"floor":47.0,"key":"Mango"},{"floor":49,"key":"StrikeDummy"}],"event_choices":[{"damage_healed":0.0,"max_hp_gain":0.0,"max_hp_loss":0.0,"gold_gain":72.0,"event_name":"Golden Wing","player_choice":"Gained Gold","floor":4.0,"gold_loss":0.0,"damage_taken":0.0},{"damage_healed":0.0,"max_hp_gain":5.0,"max_hp_loss":0.0,"gold_gain":0.0,"event_name":"Big Fish","player_choice":"Donut","floor":5.0,"gold_loss":0.0,"damage_taken":0.0},{"damage_healed":0.0,"max_hp_gain":0.0,"max_hp_loss":0.0,"gold_gain":0.0,"event_name":"Scrap Ooze","player_choice":"Success","floor":14.0,"gold_loss":0.0,"damage_taken":3.0,"relics_obtained":["Ancient Tea Set"]},{"damage_healed":0.0,"max_hp_gain":0.0,"max_hp_loss":4.0,"gold_gain":0.0,"event_name":"Winding Halls","player_choice":"Max HP","floor":42.0,"gold_loss":0.0,"damage_taken":0.0}],"is_beta":false,"boss_relics":[{"not_picked":["Snecko Eye","Sozu"],"picked":"Black Star"},{"not_picked":["SlaversCollar","Coffee Dripper"],"picked":"Empty Cage"}],"items_purged_floors":[36,48],"is_endless":false,"potions_floor_spawned":[3,7,16,18,22,25,29,35,38,39],"ascension_level":0}}