{"host":"h5golg54dem4i27y","time":1608771357,"event":{"mods":["BaseMod","Colored Map","Colored Powertips","Minty Spire (QoL Compilation)","Replay The Spire","StSLib","SuperFastMode","The Hierophant"],"gold_per_floor":[360,373,373,188,198,227,227,2,2,14,30,30,30,41,41,136,136,154,166,166,166,166],"floor_reached":21,"playtime":931,"items_purged":["Strike_G","Defend_G"],"score":281,"play_id":"43a0fe72-daf3-400a-ab53-97d85868bce7","local_time":"20201224095557","is_ascension_mode":true,"campfire_choices":[{"floor":7.0,"key":"REST"},{"floor":15.0,"key":"REST"}],"circlet_count":0,"master_deck":["AscendersBane","Survivor","Neutralize","Backflip","Tactician","Terror","Hidden Blade","Cloak And Dagger","Tactician","Acrobatics","Tactician","Concentrate","Reflex","Masterful Stab","Heel Hook","Masterful Stab","Quick Slash","Finisher","Crippling Poison","Distraction","Outmaneuver","Fluid Movement"],"relics":["Ring of the Snake","Ninja Scroll","Pantograph","Pandora\u0027s Box"],"acts_visited":["Exordium","TheCity"],"potions_floor_usage":[],"damage_taken":[{"damage":11.0,"enemies":"Cultist","floor":1.0,"turns":5.0},{"damage":3.0,"enemies":"Jaw Worm","floor":2.0,"turns":6.0},{"damage":4.0,"enemies":"Small Slimes","floor":5.0,"turns":4.0},{"damage":22.0,"enemies":"3 Sentries","floor":6.0,"turns":10.0},{"damage":0.0,"enemies":"Gremlin Gang","floor":10.0,"turns":3.0},{"damage":1.0,"enemies":"Exordium Wildlife","floor":11.0,"turns":4.0},{"damage":7.0,"enemies":"Large Slime","floor":14.0,"turns":8.0},{"damage":52.0,"enemies":"The Guardian","floor":16.0,"turns":15.0},{"damage":10,"enemies":"2 Thieves","floor":18,"turns":3},{"damage":31,"enemies":"Shell Parasite","floor":19,"turns":6},{"damage":15,"enemies":"Cultist and Chosen","floor":21,"turns":4}],"seed_played":"206986502234257787","potions_obtained":[{"floor":2.0,"key":"AttackPotion"},{"floor":3.0,"key":"GhostInAJar"},{"floor":6.0,"key":"Energy Potion"},{"floor":10.0,"key":"FearPotion"},{"floor":11.0,"key":"Languid Potion"},{"floor":14.0,"key":"LiquidBronze"}],"is_trial":false,"path_per_floor":["M","M","?","$","M","E","R","$","T","M","M","?","$","M","R","B",null,"M","M","?","M"],"character_chosen":"THE_SILENT","items_purchased":["Tactician","Terror","Tactician","Explosive Potion"],"campfire_rested":2,"item_purchase_floors":[4,4,8,8],"current_hp_per_floor":[34,31,31,31,27,5,26,26,26,26,25,25,25,18,39,12,56,46,15,15,0,0],"gold":166,"neow_bonus":"TWO_FIFTY_GOLD","is_daily":false,"chose_seed":false,"campfire_upgraded":0,"win_rate":0.0,"timestamp":1608771357,"path_taken":["M","?","?","$","M","E","R","?","T","M","M","?","$","M","R","BOSS","M","?","?","?"],"items_purchased_type":["Card","Card","Card","Potion"],"build_version":"2020-12-22","purchased_purges":2,"victory":false,"max_hp_per_floor":[70,70,70,70,70,70,70,70,70,70,70,70,70,70,70,70,70,70,70,70,70,70],"card_choices":[{"not_picked":["Outmaneuver","Concentrate"],"picked":"Backflip","floor":1.0},{"not_picked":["Sneak Up","Blade Dance","Hidden Blade"],"picked":"SKIP","floor":2.0},{"not_picked":["PiercingWail","Bane"],"picked":"Hidden Blade","floor":5.0},{"not_picked":["ReplayTheSpireMod:Exploit Weakness","Predator"],"picked":"Cloak And Dagger","floor":6.0},{"not_picked":["Reflex","Dodge and Roll"],"picked":"Acrobatics","floor":10.0},{"not_picked":["Dagger Spray","ReplayTheSpireMod:Scrap Shanks","Tactician"],"picked":"SKIP","floor":11.0},{"not_picked":["Dagger Spray","ReplayTheSpireMod:Scrap Shanks"],"picked":"Tactician","floor":11.0},{"not_picked":["Dagger Throw","Crippling Poison"],"picked":"Reflex","floor":14.0},{"not_picked":["Sneak Up","Dodge and Roll+1","Deflect"],"picked":"SKIP","floor":18},{"not_picked":["PiercingWail","Dagger Spray+1"],"picked":"Outmaneuver","floor":19}],"player_experience":618626,"relics_obtained":[{"floor":6.0,"key":"Ninja Scroll"},{"floor":9.0,"key":"Pantograph"}],"event_choices":[{"damage_healed":0.0,"max_hp_gain":0.0,"max_hp_loss":0.0,"gold_gain":0.0,"event_name":"Lab","player_choice":"Got Potions","floor":3.0,"gold_loss":0.0,"damage_taken":0.0},{"damage_healed":0.0,"max_hp_gain":0.0,"max_hp_loss":0.0,"gold_gain":0.0,"event_name":"Match and Keep!","player_choice":"1 cards matched","floor":12.0,"gold_loss":0.0,"damage_taken":0.0,"cards_obtained":["Concentrate"]},{"damage_healed":0,"gold_gain":0,"cards_transformed":["Crippling Poison"],"player_choice":"Transformed","damage_taken":0,"max_hp_gain":0,"max_hp_loss":0,"event_name":"Transmorgrifier","floor":20,"gold_loss":0,"cards_obtained":["Fluid Movement"]}],"is_beta":false,"boss_relics":[{"not_picked":["Ring of Chaos","Honey Jar"],"picked":"Pandora\u0027s Box"}],"items_purged_floors":[4,8],"is_endless":false,"potions_floor_spawned":[2,6,10,11,14],"killed_by":"Cultist and Chosen","ascension_level":11}}