{"host":"jpcy2bclvs7juczu","time":1608770567,"event":{"mods":["AchievementEnabler","BaseMod","Block Reminder","Colored Powertips","Minty Spire (QoL Compilation)","Quick Restart","Relic Stats","ojb\u0027s Better Paths Mod","ojb\u0027s Info Mod","slay the spire mod where everything is the same but ironclad has a cowboy hat"],"gold_per_floor":[364,13,26,26,39,39,39],"floor_reached":6,"playtime":202,"items_purged":[],"score":72,"play_id":"7fa66ab6-080f-4c17-b04d-fe80cf6f3b68","local_time":"20201224004247","is_ascension_mode":true,"campfire_choices":[],"circlet_count":0,"master_deck":["AscendersBane","Strike_R","Strike_R","Strike_R","Strike_R","Defend_R","Defend_R","Defend_R","Defend_R","Bash","Body Slam","Dark Embrace","Flame Barrier","Pommel Strike"],"relics":["Burning Blood","Ornamental Fan"],"acts_visited":["Exordium"],"potions_floor_usage":[6],"damage_taken":[{"damage":3,"enemies":"2 Louse","floor":1,"turns":3},{"damage":7,"enemies":"Cultist","floor":3,"turns":4},{"damage":9,"enemies":"Small Slimes","floor":5,"turns":4},{"damage":67,"enemies":"Gremlin Nob","floor":6,"turns":6}],"seed_played":"1148205139762730499","potions_obtained":[{"floor":3,"key":"Weak Potion"}],"is_trial":false,"path_per_floor":["M","$","M","?","M","E"],"character_chosen":"IRONCLAD","items_purchased":["Dark Embrace","Ornamental Fan"],"campfire_rested":0,"item_purchase_floors":[2,2],"current_hp_per_floor":[53,53,52,52,49,0,0],"gold":39,"neow_bonus":"TWO_FIFTY_GOLD","is_daily":false,"chose_seed":false,"campfire_upgraded":0,"win_rate":0.0,"timestamp":1608770567,"path_taken":["M","$","M","?","?","E"],"items_purchased_type":["Card","Relic"],"build_version":"2020-12-22","purchased_purges":0,"victory":false,"max_hp_per_floor":[75,75,75,75,75,75,75],"relic_stats":{"counters":[4,17],"Ornamental Fan":[12],"obtain_stats":[{"Ornamental Fan":2,"Burning Blood":0},{"Ornamental Fan":1,"Burning Blood":0},{"Ornamental Fan":3,"Burning Blood":0}],"Burning Blood":18},"card_choices":[{"not_picked":["True Grit","Warcry"],"picked":"Body Slam","floor":1},{"not_picked":["Searing Blow","Heavy Blade"],"picked":"Flame Barrier","floor":3},{"not_picked":["Warcry","Shrug It Off"],"picked":"Pommel Strike","floor":5}],"player_experience":177812,"relics_obtained":[],"event_choices":[{"cards_removed":["Strike_R"],"damage_healed":0,"gold_gain":0,"player_choice":"Purged","damage_taken":0,"max_hp_gain":0,"max_hp_loss":0,"event_name":"Purifier","floor":4,"gold_loss":0}],"is_beta":false,"boss_relics":[],"items_purged_floors":[],"is_endless":false,"potions_floor_spawned":[3],"killed_by":"Gremlin Nob","ascension_level":20}}