{"host":"t4vqa88y94iqzvf0","time":1608839490,"event":{"mods":["Aspiration","BaseMod","Colored Map","Conspire","Downfall","Hermit","Hubris","Jorbs\u0027s Wanderer Trilogy","Koishi","Marisa????????","Minty Spire (QoL Compilation)","Rare Cards Sparkle","StSLib","Td1madao Mod","The Bug Knight","The Cursed","The Disciple","The Hierophant","The Marked","The Necromancer","The Servant 0.9.4"],"gold_per_floor":[99,99,99,10,10,10,34,34,50,225,500,350,360,380,396,396,396,396],"floor_reached":16,"playtime":821,"items_purged":[],"score":138,"play_id":"8891cf9e-50aa-4774-93d2-fac910e47656","local_time":"20201224145130","is_ascension_mode":false,"campfire_choices":[{"floor":1,"key":"RECALL"},{"data":"Madness","floor":8,"key":"SMITH"},{"data":"Guardian:DecasProtection","floor":12,"key":"SMITH"}],"circlet_count":0,"master_deck":["conspire:GhostlyStrike","conspire:GhostlyStrike","conspire:GhostlyStrike","conspire:GhostlyStrike","conspire:GhostlyDefend","conspire:GhostlyDefend","conspire:GhostlyDefend","conspire:GhostlyDefend","Guardian:CurlUp","Guardian:TwinSlam","Guardian:WalkerClaw","Madness+1","Guardian:ShieldSpikes","Guardian:DecasProtection+1","Doubt","Regret","Guardian:Gem_Cyan","Guardian:BronzeArmor","Guardian:RollAttack"],"relics":["Guardian:ModeShifter","downfall:HeartsMalice","downfall:HeartBlessingRed","downfall:HeartBlessingBlue"],"acts_visited":["Exordium"],"potions_floor_usage":[],"damage_taken":[{"damage":0,"enemies":"Cultist","floor":2,"turns":1},{"damage":0,"enemies":"downfall:FleeingMerchant","floor":4,"turns":1},{"damage":0,"enemies":"Jaw Worm","floor":6,"turns":1},{"damage":0,"enemies":"2 Louse","floor":9,"turns":2},{"damage":4,"enemies":"Blue Slaver","floor":13,"turns":4},{"damage":14,"enemies":"Lots of Slimes","floor":14,"turns":6},{"damage":15,"enemies":"2 Fungi Beasts","floor":15,"turns":5},{"damage":67,"enemies":"downfall:Ironclad","floor":16,"turns":9}],"seed_played":"-7872656786542060028","potions_obtained":[{"floor":14,"key":"sneckomod:MuddlingPotion"},{"floor":15,"key":"Guardian:BlockOnCardUsePotion"}],"is_trial":false,"path_per_floor":["R","M","?","$","?","M","T","R","M","?","?","R","M","M","M","B"],"character_chosen":"GUARDIAN","items_purchased":["Madness"],"campfire_rested":0,"item_purchase_floors":[4],"current_hp_per_floor":[80,80,80,80,80,80,80,80,80,80,80,90,86,72,57,0,0,0],"gold":396,"neow_bonus":"THREE_ENEMY_KILL","is_daily":false,"chose_seed":false,"campfire_upgraded":2,"win_rate":0.0,"timestamp":1608839490,"path_taken":["R","M","?","?","?","?","T","R","M","?","?","R","M","M","M","BOSS"],"items_purchased_type":["Card"],"build_version":"2020-12-22","purchased_purges":0,"victory":false,"max_hp_per_floor":[80,80,80,80,80,80,80,80,80,80,80,90,90,90,90,90,90,90],"card_choices":[{"not_picked":["Guardian:GuardianWhirl","Guardian:Gem_White"],"picked":"Guardian:Gem_Cyan","floor":2},{"not_picked":["Guardian:BronzeOrb","Guardian:Gem_Crimson"],"picked":"Guardian:WalkerClaw","floor":4},{"not_picked":["Guardian:Clone","Guardian:Incinerate"],"picked":"Guardian:ShieldSpikes","floor":6},{"not_picked":["Guardian:VentSteam","Guardian:ChargeUp"],"picked":"Guardian:DecasProtection","floor":9},{"not_picked":["Guardian:ExploitGems","Guardian:TimeCapacitor"],"picked":"Guardian:Gem_Cyan","floor":13},{"not_picked":["Guardian:Gem_Green","Guardian:PrimingBeam"],"picked":"Guardian:BronzeArmor","floor":14},{"not_picked":["Guardian:PrimingBeam","Guardian:TemporalShield"],"picked":"Guardian:RollAttack","floor":15}],"player_experience":55010,"relics_obtained":[],"event_choices":[{"damage_healed":0,"gold_gain":0,"player_choice":"Agree","damage_taken":0,"max_hp_gain":0,"max_hp_loss":0,"event_name":"conspire:LoneGhost","floor":3,"gold_loss":0}],"is_beta":false,"boss_relics":[],"items_purged_floors":[],"is_endless":false,"potions_floor_spawned":[14,15],"killed_by":"downfall:Ironclad","ascension_level":0}}