{"host":"9ndbo4kgsfoemf7y","time":1608813490,"event":{"mods":["AchievementEnabler","BaseMod","Colored Map","DeckTracker","Keyboard Shortcuts","Minty Spire (QoL Compilation)","Permanent Neow","Quick Restart","Relic Stats","StSLib","SuperFastMode"],"gold_per_floor":[113,113,38,38,16,33,65,75,75,87,118,118,18,36,36,136,136,152,171,171,103,116,116,116,116],"floor_reached":24,"playtime":697,"items_purged":["Defend_B","Strike_B"],"score":279,"play_id":"10a1d647-a2c8-4c09-87cb-7478916835f3","local_time":"20201224213810","is_ascension_mode":true,"campfire_choices":[{"data":"Capacitor","floor":15.0,"key":"SMITH"},{"floor":23,"key":"REST"}],"circlet_count":0,"master_deck":["Strike_B","Defend_B","Defend_B","Zap","Dualcast","Gash","White Noise","Turbo","Go for the Eyes","Rip and Tear","Chill","Sweeping Beam","Capacitor+1","Creative AI","Cold Snap","Reboot","Ball Lightning","Streamline+1","Loop","Aggregate+1"],"relics":["Cracked Core","NeowsBlessing","Kunai","Pear","Toy Ornithopter","Philosopher\u0027s Stone"],"acts_visited":["Exordium","TheCity"],"potions_floor_usage":[19,22],"damage_taken":[{"damage":0.0,"enemies":"Cultist","floor":1.0,"turns":1.0},{"damage":0.0,"enemies":"Small Slimes","floor":6.0,"turns":1.0},{"damage":0.0,"enemies":"Gremlin Nob","floor":7.0,"turns":1.0},{"damage":7.0,"enemies":"Jaw Worm","floor":8.0,"turns":2.0},{"damage":14.0,"enemies":"Exordium Thugs","floor":10.0,"turns":3.0},{"damage":13.0,"enemies":"3 Sentries","floor":11.0,"turns":6.0},{"damage":10.0,"enemies":"Red Slaver","floor":14.0,"turns":3.0},{"damage":34.0,"enemies":"The Guardian","floor":16.0,"turns":10.0},{"damage":5,"enemies":"Chosen","floor":18,"turns":4},{"damage":17,"enemies":"Shell Parasite","floor":19,"turns":4},{"damage":45,"enemies":"Snake Plant","floor":22,"turns":3},{"damage":47,"enemies":"Book of Stabbing","floor":24,"turns":3}],"seed_played":"7127350634449448892","potions_obtained":[{"floor":6.0,"key":"SpeedPotion"},{"floor":8.0,"key":"DuplicationPotion"},{"floor":11.0,"key":"FairyPotion"},{"floor":16.0,"key":"ColorlessPotion"},{"floor":19,"key":"PowerPotion"},{"floor":22,"key":"Weak Potion"}],"is_trial":false,"path_per_floor":["M","?","$","?","$","M","E","M","T","M","E","?","$","M","R","B",null,"M","M","?","$","M","R","E"],"character_chosen":"DEFECT","items_purchased":["Turbo","Loop"],"campfire_rested":1,"item_purchase_floors":[5,21],"current_hp_per_floor":[75,75,75,68,68,68,68,61,71,57,44,44,44,34,34,25,85,80,68,52,52,12,39,0,0],"gold":116,"neow_bonus":"THREE_ENEMY_KILL","is_daily":false,"chose_seed":false,"campfire_upgraded":1,"win_rate":0.0,"timestamp":1608813490,"path_taken":["M","?","$","?","$","M","E","M","T","M","E","?","$","M","R","BOSS","M","?","?","?","M","R","E"],"items_purchased_type":["Card","Card"],"build_version":"2020-12-22","purchased_purges":2,"victory":false,"max_hp_per_floor":[75,75,75,75,75,75,75,75,85,85,85,85,85,85,85,85,85,85,85,90,90,90,90,90,90],"relic_stats":{"counters":[12,41],"Kunai":[9],"obtain_stats":[{"Pear":9,"NeowsBlessing":0,"Philosopher\u0027s Stone":17,"Kunai":7,"Cracked Core":0,"Toy Ornithopter":11},{"Pear":4,"NeowsBlessing":0,"Philosopher\u0027s Stone":8,"Kunai":3,"Cracked Core":0,"Toy Ornithopter":6},{"Pear":5,"NeowsBlessing":0,"Philosopher\u0027s Stone":27,"Kunai":3,"Cracked Core":0,"Toy Ornithopter":14}],"Toy Ornithopter":10},"card_choices":[{"not_picked":["Fusion","Stack"],"picked":"Gash","floor":1.0},{"not_picked":["BootSequence","Barrage"],"picked":"Go for the Eyes","floor":6.0},{"not_picked":["Redo","Force Field"],"picked":"Rip and Tear","floor":7.0},{"not_picked":["Steam","Chaos"],"picked":"Chill","floor":8.0},{"not_picked":["Rebound","Compile Driver"],"picked":"Sweeping Beam","floor":10.0},{"not_picked":["Chaos","Compile Driver"],"picked":"Capacitor","floor":11.0},{"not_picked":["Rainbow","Coolheaded"],"picked":"Cold Snap","floor":14.0},{"not_picked":["Hyperbeam","Echo Form"],"picked":"Reboot","floor":16.0},{"not_picked":["Beam Cell","Doom and Gloom"],"picked":"Ball Lightning","floor":18},{"not_picked":["Compile Driver","Gash+1"],"picked":"Streamline+1","floor":19},{"not_picked":["Creative AI","Steam+1"],"picked":"Aggregate+1","floor":22}],"player_experience":739557,"relics_obtained":[{"floor":7.0,"key":"Kunai"},{"floor":9.0,"key":"Pear"},{"floor":11.0,"key":"Toy Ornithopter"}],"event_choices":[{"damage_healed":0.0,"max_hp_gain":0.0,"max_hp_loss":0.0,"gold_gain":0.0,"cards_transformed":["Strike_B"],"event_name":"Living Wall","player_choice":"Change","floor":2.0,"gold_loss":0.0,"damage_taken":0.0,"cards_obtained":["White Noise"]},{"cards_removed":["Strike_B"],"damage_healed":0.0,"max_hp_gain":0.0,"max_hp_loss":0.0,"gold_gain":0.0,"event_name":"Golden Wing","player_choice":"Card Removal","floor":4.0,"gold_loss":0.0,"damage_taken":7.0},{"damage_healed":0.0,"max_hp_gain":0.0,"max_hp_loss":0.0,"gold_gain":0.0,"cards_transformed":["Defend_B"],"event_name":"Transmorgrifier","player_choice":"Transformed","floor":12.0,"gold_loss":0.0,"damage_taken":0.0,"cards_obtained":["Creative AI"]},{"damage_healed":0,"gold_gain":0,"player_choice":"Shed Blood","damage_taken":21,"max_hp_gain":5,"max_hp_loss":0,"event_name":"Forgotten Altar","floor":20,"gold_loss":0}],"is_beta":false,"boss_relics":[{"not_picked":["SlaversCollar","Pandora\u0027s Box"],"picked":"Philosopher\u0027s Stone"}],"items_purged_floors":[3,13],"is_endless":false,"potions_floor_spawned":[6,8,11,16,19,22],"killed_by":"Book of Stabbing","ascension_level":2}}