{"host":"7o30bgpqouqblh42","time":1608836504,"event":{"mods":["AchievementEnabler","Aspiration","BaseMod","Colored Map","Downfall","Highlight Path","Minty Spire (QoL Compilation)","StSLib","SuperFastMode"],"gold_per_floor":[99,117,117,135,194,206,206,78,78,96,21,21,39,58,75,177,177,177,187,187,187,207,207,231,243,243,168,168,185,185,210,222,324,324,249,266,266,316,316,316,342,382,394,392,392,404,404,438,455,455,455,485,8,8,8],"floor_reached":56,"playtime":4302,"items_purged":["Guardian:Defend_Guardian","hexamod:Defend","hexamod:FastForward"],"score":10192,"play_id":"f2a21144-fdc7-41c8-9393-dc312da0ded9","local_time":"20201224140144","is_ascension_mode":false,"campfire_choices":[{"data":"Sadistic Nature","floor":1,"key":"SMITH"},{"floor":9,"key":"RECALL"},{"floor":11,"key":"REST"},{"data":"hexamod:GiftsFromTheDead","floor":18,"key":"SMITH"},{"data":"hexamod:RainOfEmbers","floor":27,"key":"SMITH"},{"data":"hexamod:RainOfEmbers","floor":30,"key":"SMITH"},{"data":"hexamod:GhostflameInferno","floor":35,"key":"SMITH"},{"data":"hexamod:EtherealExpedition","floor":40,"key":"SMITH"},{"data":"hexamod:SearingWound","floor":43,"key":"SMITH"},{"floor":54,"key":"REST"}],"circlet_count":0,"master_deck":["hexamod:Defend","hexamod:Defend+1","hexamod:Sear+1","hexamod:Float","Sadistic Nature+1","hexamod:GhostflameInferno+1","hexamod:AdvancingGuard","hexamod:PowerFromBeyond","hexamod:EtherealExpedition+1","hexamod:ChargedBarrage","hexamod:RainOfEmbers+1","hexamod:GiftsFromTheDead+1","hexamod:NightmareGuise+1","Slimebound:Tackle+1","hexamod:FirstSeal","Sadistic Nature+1","hexamod:AdvancingGuard","hexamod:SearingWound+1","hexamod:WildfireWeapon","hexamod:SoulSteal+1","hexamod:HexaLevel","hexamod:Incineration","hexamod:RainOfEmbers","hexamod:SoulSteal+1","Sadistic Nature+1"],"relics":["hexamod:SpiritBrand","hexamod:MatchstickCase","downfall:HeartBlessingRed","Black Star","downfall:HeartBlessingBlue","War Paint","aspiration:ChemicalBlood","Empty Cage","downfall:HeartBlessingGreen","Pocketwatch","Red Mask","downfall:RedIOUUpgrade","MawBank","Whetstone","Omamori","Bag of Marbles","Ancient Tea Set","Vajra","Anchor","aspiration:HummingbirdHeart","Lantern","DollysMirror"],"acts_visited":["Exordium","TheCity","TheBeyond","TheEnding"],"potions_floor_usage":[10,16,19,31,33,33,33,33,33,37,38,38,42,48,48,48,52,52,55,55],"damage_taken":[{"damage":0,"enemies":"Jaw Worm","floor":2,"turns":3},{"damage":0,"enemies":"Cultist","floor":4,"turns":3},{"damage":26,"enemies":"3 Sentries","floor":5,"turns":9},{"damage":0,"enemies":"Small Slimes","floor":6,"turns":2},{"damage":0,"enemies":"downfall:FleeingMerchant","floor":8,"turns":4},{"damage":1,"enemies":"Exordium Thugs","floor":10,"turns":3},{"damage":2,"enemies":"2 Fungi Beasts","floor":13,"turns":3},{"damage":0,"enemies":"Large Slime","floor":14,"turns":2},{"damage":11,"enemies":"Gremlin Gang","floor":15,"turns":3},{"damage":7,"enemies":"downfall:Defect","floor":16,"turns":3},{"damage":10,"enemies":"Spheric Guardian","floor":19,"turns":3},{"damage":19,"enemies":"3 Byrds","floor":22,"turns":4},{"damage":7,"enemies":"Cultist and Chosen","floor":25,"turns":4},{"damage":6,"enemies":"Snake Plant","floor":29,"turns":3},{"damage":15,"enemies":"Book of Stabbing","floor":31,"turns":4},{"damage":20,"enemies":"Snecko","floor":32,"turns":5},{"damage":19,"enemies":"downfall:Silent","floor":33,"turns":6},{"damage":5,"enemies":"Orb Walker","floor":36,"turns":3},{"damage":27,"enemies":"3 Darklings","floor":37,"turns":4},{"damage":13,"enemies":"Mind Bloom Boss Battle","floor":38,"turns":4},{"damage":5,"enemies":"Nemesis","floor":42,"turns":6},{"damage":3,"enemies":"downfall:FleeingMerchant","floor":44,"turns":4},{"damage":0,"enemies":"Maw","floor":46,"turns":4},{"damage":56,"enemies":"Reptomancer","floor":48,"turns":5},{"damage":3,"enemies":"Spire Growth","floor":49,"turns":3},{"damage":20,"enemies":"downfall:Ironclad","floor":50,"turns":5},{"damage":62,"enemies":"downfall:CharBossMerchant","floor":52,"turns":5},{"damage":15,"enemies":"downfall:NeowBoss","floor":55,"turns":15}],"seed_played":"433601394740021141","potions_obtained":[{"floor":4,"key":"BlessingOfTheForge"},{"floor":6,"key":"Weak Potion"},{"floor":13,"key":"Explosive Potion"},{"floor":15,"key":"AttackPotion"},{"floor":16,"key":"SteroidPotion"},{"floor":19,"key":"EntropicBrew"},{"floor":29,"key":"Fire Potion"},{"floor":33,"key":"Swift Potion"},{"floor":38,"key":"LiquidBronze"},{"floor":42,"key":"BlessingOfTheForge"},{"floor":46,"key":"Explosive Potion"},{"floor":48,"key":"ColorlessPotion"},{"floor":48,"key":"SteroidPotion"},{"floor":48,"key":"BlessingOfTheForge"},{"floor":52,"key":"Fire Potion"},{"floor":52,"key":"Weak Potion"}],"is_trial":false,"path_per_floor":["R","M","?","M","?","M","T","$","R","M","R","?","M","M","M","B",null,"R","M","?","?","M","?","T","M","?","R","?","M","R","E","M","B",null,"R","M","M","?","?","R","T","E","R","$","?","M","?","E","M","B",null,"E","$","R","B",null],"character_chosen":"THE_SPIRIT","items_purchased":["hexamod:EtherealExpedition","Bag of Marbles","hexamod:Incineration","Lantern","DollysMirror","AttackPotion"],"campfire_rested":2,"item_purchase_floors":[8,44,44,53,53,53],"current_hp_per_floor":[49,49,49,49,23,23,23,23,23,22,43,43,41,41,30,23,70,70,60,60,53,41,41,41,34,41,51,51,45,45,37,24,5,80,80,80,60,54,54,54,54,56,56,60,60,67,67,18,22,2,80,25,25,49,34],"gold":8,"neow_bonus":"RANDOM_COLORLESS_2","is_daily":false,"chose_seed":false,"campfire_upgraded":7,"win_rate":0.0,"timestamp":1608836504,"path_taken":["R","M","?","?","?","M","T","$","R","M","R","?","M","M","M","BOSS","R","M","?","?","M","?","T","?","?","R","?","M","R","E","M","BOSS","R","M","M","?","?","R","T","E","R","$","?","?","?","E","M","BOSS","E","$","R","BOSS"],"items_purchased_type":["Card","Relic","Card","Relic","Relic","Potion"],"build_version":"2020-12-22","purchased_purges":3,"victory":true,"max_hp_per_floor":[70,70,70,70,70,70,70,70,70,70,70,70,70,70,70,70,70,70,70,70,70,70,70,70,70,70,80,80,80,80,80,80,80,80,80,80,80,80,80,80,80,80,80,80,80,80,80,80,80,80,80,80,80,80,80],"card_choices":[{"not_picked":["Metamorphosis","expansioncontent:QuickStudy"],"picked":"Sadistic Nature","floor":0},{"not_picked":["hexamod:BurningTouch","hexamod:Rewind"],"picked":"hexamod:RainOfEmbers","floor":2},{"not_picked":["hexamod:BurningTouch","hexamod:HauntingEcho","hexamod:PhantomCloak"],"picked":"SKIP","floor":4},{"not_picked":["hexamod:SpectralAdrenaline","hexamod:FastForward"],"picked":"hexamod:GhostflameInferno","floor":5},{"not_picked":["hexamod:RetreatToShadows","hexamod:StepThrough"],"picked":"hexamod:AdvancingGuard","floor":6},{"not_picked":["hexamod:DynamicBlow","hexamod:HeatMetal"],"picked":"hexamod:PowerFromBeyond","floor":8},{"not_picked":["hexamod:GhostLash","hexamod:HauntingEcho"],"picked":"hexamod:ChargedBarrage","floor":10},{"not_picked":["hexamod:ShieldOfDarkness","hexamod:HeatMetal"],"picked":"hexamod:RainOfEmbers","floor":13},{"not_picked":["hexamod:SwordOfDarkness","hexamod:BurningTouch","hexamod:ThirdSeal"],"picked":"SKIP","floor":14},{"not_picked":["hexamod:GhostOfSpirePast","hexamod:SpectersWail","hexamod:Hexaguard"],"picked":"SKIP","floor":15},{"not_picked":["hexamod:UnleashSpirits","hexamod:TimeWarp"],"picked":"hexamod:GiftsFromTheDead","floor":16},{"not_picked":["hexamod:ThermalTransfer","hexamod:GhostOfSpirePresent"],"picked":"hexamod:NightmareGuise+1","floor":19},{"not_picked":["hexamod:RecurringNightmare","hexamod:GhostOfSpirePresent"],"picked":"hexamod:FastForward","floor":22},{"not_picked":["hexamod:Firestarter","hexamod:NightmareGuise+1","hexamod:FastForward"],"picked":"SKIP","floor":25},{"not_picked":["hexamod:NightmareGuise","hexamod:Incineration"],"picked":"hexamod:AdvancingGuard","floor":29},{"not_picked":["hexamod:RecurringNightmare","hexamod:FastForward"],"picked":"hexamod:SearingWound","floor":31},{"not_picked":["hexamod:ChargedBarrage","hexamod:GhostLash","hexamod:InspiringFlames"],"picked":"SKIP","floor":32},{"not_picked":["hexamod:SixthSeal","hexamod:EmpoweringStance"],"picked":"hexamod:WildfireWeapon","floor":33},{"not_picked":["hexamod:SpectersWail","hexamod:NightmareStrike","hexamod:FastForward"],"picked":"SKIP","floor":36},{"not_picked":["hexamod:DynamicBlow","hexamod:ThermalTransfer+1"],"picked":"hexamod:SoulSteal+1","floor":42},{"not_picked":["hexamod:HeatMetal+1","hexamod:FourthSeal"],"picked":"hexamod:HexaLevel","floor":44},{"not_picked":["hexamod:ShieldOfDarkness+1","hexamod:HeatMetal"],"picked":"hexamod:RainOfEmbers","floor":46},{"not_picked":["hexamod:SecondSeal","hexamod:Incineration"],"picked":"hexamod:SoulSteal+1","floor":48},{"not_picked":["hexamod:ThermalTransfer+1","hexamod:Hexaguard","hexamod:FourthSeal"],"picked":"SKIP","floor":49},{"not_picked":["hexamod:BacktrackSmack+1","hexamod:SpectersWail","hexamod:NecessarySacrifice"],"picked":"SKIP","floor":52}],"player_experience":120790,"relics_obtained":[{"floor":5,"key":"hexamod:MatchstickCase"},{"floor":7,"key":"Art of War"},{"floor":31,"key":"War Paint"},{"floor":31,"key":"aspiration:ChemicalBlood"},{"floor":38,"key":"Pocketwatch"},{"floor":41,"key":"MawBank"},{"floor":42,"key":"Whetstone"},{"floor":42,"key":"Omamori"},{"floor":48,"key":"Ancient Tea Set"},{"floor":48,"key":"Vajra"},{"floor":52,"key":"Anchor"},{"floor":52,"key":"aspiration:HummingbirdHeart"}],"event_choices":[{"cards_removed":["hexamod:Defend"],"damage_healed":0,"gold_gain":0,"player_choice":"Took Card","damage_taken":0,"max_hp_gain":0,"max_hp_loss":0,"event_name":"NoteForYourself","floor":3,"gold_loss":0,"cards_obtained":["Guardian:Defend_Guardian"]},{"cards_removed":["hexamod:Strike"],"damage_healed":0,"gold_gain":0,"player_choice":"Purged","damage_taken":0,"max_hp_gain":0,"max_hp_loss":0,"event_name":"Purifier","floor":12,"gold_loss":0},{"damage_healed":0,"gold_gain":0,"player_choice":"Copied","damage_taken":0,"max_hp_gain":0,"max_hp_loss":0,"event_name":"Duplicator","floor":23,"gold_loss":0,"cards_obtained":["Sadistic Nature"]}],"is_beta":false,"boss_relics":[{"not_picked":["Cursed Key","SlaversCollar"],"picked":"Black Star"},{"not_picked":["Astrolabe","aspiration:RitualDagger"],"picked":"Empty Cage"}],"items_purged_floors":[8,44,53],"is_endless":false,"potions_floor_spawned":[4,6,13,15,16,19,25,29,32,33,38,42,46,48],"ascension_level":0}}