{"host":"9nt1zhl3k8mtcf72","time":1608805078,"event":{"mods":["Aspiration","BaseMod","BetterRewards","Conjunction","Conspire","Downfall","Energized Spire","Friendly Minions","GifTheSpireLib","Halation","Hubris","Infinite Spire","Jedi Mod","Mimic Mod","Minty Spire (QoL Compilation)","RatMod","Replay The Spire","Spikes Relics","StSLib","Stuff the Spire","Trackpad","Useless Jewels Mod","Wandering Minibosses","vexMod"],"gold_per_floor":[99,99,74,74,249,249,286,296,321,171,188,220,220,237,256,256,256,256],"floor_reached":16,"playtime":759,"items_purged":[],"score":108,"play_id":"925b3f18-cc77-448f-b168-22a35d62953d","local_time":"20201224051758","is_ascension_mode":false,"campfire_choices":[{"floor":1,"key":"RECALL"},{"floor":10,"key":"REST"}],"circlet_count":0,"master_deck":["hexamod:Strike","hexamod:Strike","hexamod:Strike","hexamod:Strike","hexamod:Defend","hexamod:Defend","hexamod:Defend","hexamod:Defend","hexamod:Sear","hexamod:Float","hexamod:StepThrough","hexamod:HauntingEcho","Doubt","hexamod:CatchUp","hexamod:SpectersWail","hexamod:InspiringFlames","hexamod:ShieldOfDarkness","hexamod:GhostOfSpireFuture","Regret","hexamod:GhostLash","hexamod:SpectralAdrenaline"],"relics":["hexamod:SpiritBrand","downfall:HeartsMalice","LugNut","trackpad:AdjectivePendant","Ancient Tea Set","downfall:HeartBlessingRed","downfall:HeartBlessingGreen","aspiration:HummingbirdHeart","StuffTheSpire:RedRose"],"acts_visited":["Exordium"],"potions_floor_usage":[9,14,14,16],"damage_taken":[{"damage":0,"enemies":"Small Slimes","floor":2,"turns":1},{"damage":0,"enemies":"2 Louse","floor":4,"turns":1},{"damage":0,"enemies":"Jaw Worm","floor":7,"turns":1},{"damage":3,"enemies":"Jaw Worm","floor":8,"turns":5},{"damage":36,"enemies":"Gremlin Nob","floor":9,"turns":5},{"damage":10,"enemies":"Lots of Slimes","floor":11,"turns":3},{"damage":22,"enemies":"Lagavulin","floor":12,"turns":8},{"damage":2,"enemies":"Large Slime","floor":14,"turns":4},{"damage":2,"enemies":"3 Louse","floor":15,"turns":4},{"damage":35,"enemies":"downfall:Defect","floor":16,"turns":5}],"seed_played":"5139201091420463997","potions_obtained":[{"floor":8,"key":"FearPotion"},{"floor":9,"key":"jedi:StrikingPotion"},{"floor":11,"key":"Strength Potion"},{"floor":14,"key":"Adrenaline Potion"}],"is_trial":false,"path_per_floor":["R","M","?","M","?","?","MIM","M","E","R","M","E","?","M","M","B"],"character_chosen":"THE_SPIRIT","items_purchased":[],"campfire_rested":1,"item_purchase_floors":[],"current_hp_per_floor":[70,70,70,70,70,63,63,63,30,51,44,25,25,26,27,0,0,0],"gold":256,"neow_bonus":"THREE_ENEMY_KILL","is_daily":false,"chose_seed":false,"campfire_upgraded":0,"win_rate":0.0,"timestamp":1608805078,"path_taken":["R","M","?","M","?","?","MIM","M","E","R","?","E","?","M","M","BOSS"],"items_purchased_type":[],"build_version":"2020-12-22","purchased_purges":0,"victory":false,"max_hp_per_floor":[70,70,70,70,70,70,70,70,70,70,70,70,70,70,70,70,70,70],"card_choices":[{"not_picked":["hexamod:GhostShield","hexamod:SkipABeat"],"picked":"hexamod:StepThrough","floor":2},{"not_picked":["hexamod:NightmareGuise","hexamod:Firestarter"],"picked":"hexamod:HauntingEcho","floor":4},{"not_picked":["hexamod:RainOfEmbers","hexamod:HeatCrush"],"picked":"hexamod:CatchUp","floor":7},{"not_picked":["hexamod:TimeOfNeed","hexamod:RainOfEmbers"],"picked":"hexamod:SpectersWail","floor":8},{"not_picked":["hexamod:SoulSteal","hexamod:SwordOfDarkness"],"picked":"hexamod:InspiringFlames","floor":9},{"not_picked":["hexamod:SpectersWail","hexamod:HauntingEcho"],"picked":"hexamod:ShieldOfDarkness","floor":11},{"not_picked":["hexamod:RainOfEmbers","hexamod:GhostShield"],"picked":"hexamod:GhostOfSpireFuture","floor":12},{"not_picked":["hexamod:AdvancingGuard","hexamod:BacktrackSmack"],"picked":"hexamod:GhostLash","floor":14},{"not_picked":["hexamod:HauntingEcho","hexamod:ThirdSeal"],"picked":"hexamod:SpectralAdrenaline","floor":15}],"player_experience":465480,"relics_obtained":[{"floor":7,"key":"trackpad:AdjectivePendant"},{"floor":9,"key":"Ancient Tea Set"},{"floor":12,"key":"aspiration:HummingbirdHeart"}],"event_choices":[{"damage_healed":0,"gold_gain":0,"player_choice":"Success","damage_taken":7,"relics_obtained":["LugNut"],"max_hp_gain":0,"max_hp_loss":0,"event_name":"Scrap Ooze","floor":6,"gold_loss":0}],"is_beta":false,"boss_relics":[],"items_purged_floors":[],"is_endless":false,"potions_floor_spawned":[8,9,11,14],"killed_by":"downfall:Defect","ascension_level":0}}