{"host":"q9718omregw4er46","time":1608820893,"event":{"mods":["BaseMod","Colored Powertips","Minty Spire (QoL Compilation)","Quick Restart","Relic Stats"],"gold_per_floor":[112,27,47,59,59,59,71,71,71,106,86,86,99,114,114,114,114],"floor_reached":16,"playtime":601,"items_purged":[],"score":204,"play_id":"451cf19f-1751-4814-ae44-7085048340b3","local_time":"20201224194133","is_ascension_mode":true,"campfire_choices":[{"data":"Defragment","floor":6,"key":"SMITH"},{"floor":12,"key":"REST"},{"data":"Cold Snap","floor":15,"key":"SMITH"}],"circlet_count":0,"master_deck":["AscendersBane","Strike_B","Strike_B","Strike_B","Defend_B","Defend_B","Defend_B","Defend_B","Zap","Dualcast","Lockon","Defragment+1","Ball Lightning+1","Cold Snap+1","Core Surge","Fission","Doom and Gloom","FTL"],"relics":["Cracked Core","Ice Cream","Unceasing Top"],"acts_visited":["Exordium"],"potions_floor_usage":[10,14,16],"damage_taken":[{"damage":1,"enemies":"Cultist","floor":1,"turns":3},{"damage":7,"enemies":"Small Slimes","floor":3,"turns":3},{"damage":14,"enemies":"2 Louse","floor":4,"turns":3},{"damage":6,"enemies":"Large Slime","floor":7,"turns":4},{"damage":10,"enemies":"Gremlin Nob","floor":10,"turns":4},{"damage":11,"enemies":"Exordium Thugs","floor":13,"turns":4},{"damage":2,"enemies":"3 Louse","floor":14,"turns":2},{"damage":19,"enemies":"Hexaghost","floor":16,"turns":7}],"seed_played":"-5969264461164943244","potions_obtained":[{"floor":1,"key":"SkillPotion"},{"floor":4,"key":"Weak Potion"},{"floor":10,"key":"Fire Potion"}],"is_trial":false,"path_per_floor":["M","$","M","M","?","R","M","?","T","E","?","R","M","M","R","B"],"character_chosen":"DEFECT","items_purchased":["Defragment"],"campfire_rested":1,"item_purchase_floors":[2],"current_hp_per_floor":[45,45,38,24,24,24,18,18,18,8,8,29,18,16,16,0,0],"gold":114,"neow_bonus":"ONE_RARE_RELIC","is_daily":false,"chose_seed":false,"campfire_upgraded":2,"win_rate":0.0,"timestamp":1608820893,"path_taken":["M","$","?","M","?","R","?","?","T","E","?","R","M","M","R","BOSS"],"items_purchased_type":["Card"],"build_version":"2020-12-22","purchased_purges":0,"victory":false,"max_hp_per_floor":[71,71,71,71,71,71,71,71,71,71,71,71,71,71,71,71,71],"relic_stats":{"counters":[8,30],"obtain_stats":[{"Ice Cream":0,"Cracked Core":0,"Unceasing Top":10},{"Ice Cream":0,"Cracked Core":0,"Unceasing Top":5},{"Ice Cream":0,"Cracked Core":0,"Unceasing Top":17}],"Unceasing Top":[0]},"card_choices":[{"not_picked":["Skim","Chaos"],"picked":"Lockon","floor":1},{"not_picked":["Turbo","Beam Cell"],"picked":"Ball Lightning","floor":3},{"not_picked":["Leap","Coolheaded"],"picked":"Cold Snap","floor":4},{"not_picked":["Rebound","Melter"],"picked":"Core Surge","floor":7},{"not_picked":["Compile Driver","Gash"],"picked":"Fission","floor":10},{"not_picked":["Leap","Rip and Tear"],"picked":"Doom and Gloom","floor":13},{"not_picked":["Barrage","Go for the Eyes"],"picked":"FTL","floor":14}],"player_experience":1099538,"relics_obtained":[{"floor":10,"key":"Unceasing Top"}],"event_choices":[{"cards_removed":["Strike_B"],"damage_healed":0,"gold_gain":0,"player_choice":"Offered Basic","damage_taken":0,"max_hp_gain":0,"max_hp_loss":0,"event_name":"Bonfire Elementals","floor":5,"gold_loss":0},{"damage_healed":0,"gold_gain":0,"player_choice":"Grow","damage_taken":0,"max_hp_gain":0,"max_hp_loss":0,"event_name":"Living Wall","floor":8,"gold_loss":0,"cards_upgraded":["Ball Lightning"]},{"damage_healed":0,"gold_gain":0,"player_choice":"Bought 1 Potion","damage_taken":0,"max_hp_gain":0,"max_hp_loss":0,"event_name":"The Woman in Blue","floor":11,"gold_loss":0}],"is_beta":false,"boss_relics":[],"items_purged_floors":[],"is_endless":false,"potions_floor_spawned":[1,4,10,13],"killed_by":"Hexaghost","ascension_level":20}}