{"host":"by8i6f8xc0ywpsd5","time":1608825086,"event":{"mods":["BaseMod","Colored Map","Minty Spire (QoL Compilation)","Relic Stats"],"gold_per_floor":[115,134,134,134,134,134,169,169,223,223,241,271,284,304,304,380,380,280,280,280,280,280,280,280,280,280,280,280,280,280,280,280,280,280,280,280,280,280,47,47,47,47,47,47,47,47,47,47,47,47,47,47,47,47,47,47],"floor_reached":57,"playtime":3172,"items_purged":[],"score":3620,"play_id":"1ca918ce-af36-4556-959e-0ff3ec5dba4c","local_time":"20201224175126","is_ascension_mode":true,"campfire_choices":[{"floor":6,"key":"REST"},{"data":"Uppercut","floor":8,"key":"SMITH"},{"floor":10,"key":"REST"},{"data":"Fire Breathing","floor":15,"key":"SMITH"},{"data":"Burning Pact","floor":23,"key":"SMITH"},{"data":"Corruption","floor":28,"key":"SMITH"},{"data":"Body Slam","floor":32,"key":"SMITH"},{"floor":41,"key":"REST"},{"floor":44,"key":"REST"},{"floor":49,"key":"RECALL"},{"data":"1","floor":53,"key":"LIFT"}],"circlet_count":0,"master_deck":["AscendersBane","Defend_R+1","Defend_R","Defend_R","Defend_R","Bash","Uppercut+1","Shockwave","Body Slam+1","Impervious","Fire Breathing+1","Sword Boomerang","Power Through","Corruption+1","Burning Pact+1","Bite","Bite","Bite","Bite","Bite","Carnage+1","Battle Trance+1","Feed+1","Disarm+1","Barricade","CurseOfTheBell","Battle Trance","Sentinel+1","Havoc","Pommel Strike+1","Feel No Pain+1","Second Wind+1","Seeing Red+1","Burning Pact","True Grit+1","Offering","Panache+1","Flash of Steel+1","Dark Shackles","Pommel Strike+1","Battle Trance+1"],"relics":["Black Star","NlothsMask","Tiny Chest","Toy Ornithopter","Red Skull","Darkstone Periapt","Ectoplasm","Molten Egg 2","Lantern","White Beast Statue","Dead Branch","Smiling Mask","Potion Belt","Pear","Calling Bell","Blood Vial","Frozen Egg 2","Ginger","Orrery","Mummified Hand","Blue Candle","Incense Burner","Girya","Shuriken","Anchor","Boot","Sundial","Centennial Puzzle"],"acts_visited":["Exordium","TheCity","TheBeyond","TheEnding"],"potions_floor_usage":[7,12,16,24,24,27,38,46,51,56,56,56],"damage_taken":[{"damage":16,"enemies":"Jaw Worm","floor":1,"turns":6},{"damage":4,"enemies":"Small Slimes","floor":2,"turns":3},{"damage":26,"enemies":"Gremlin Nob","floor":7,"turns":4},{"damage":0,"enemies":"Cultist","floor":11,"turns":3},{"damage":19,"enemies":"3 Sentries","floor":12,"turns":6},{"damage":14,"enemies":"Lots of Slimes","floor":13,"turns":4},{"damage":0,"enemies":"2 Fungi Beasts","floor":14,"turns":4},{"damage":0,"enemies":"Slime Boss","floor":16,"turns":6},{"damage":14,"enemies":"2 Thieves","floor":18,"turns":4},{"damage":3,"enemies":"Chosen","floor":19,"turns":4},{"damage":4,"enemies":"Snake Plant","floor":21,"turns":5},{"damage":21,"enemies":"Gremlin Leader","floor":24,"turns":7},{"damage":18,"enemies":"Cultist and Chosen","floor":25,"turns":7},{"damage":6,"enemies":"Slavers","floor":27,"turns":2},{"damage":0,"enemies":"Book of Stabbing","floor":29,"turns":4},{"damage":3,"enemies":"Centurion and Healer","floor":31,"turns":6},{"damage":11,"enemies":"Champ","floor":33,"turns":5},{"damage":31,"enemies":"3 Shapes","floor":35,"turns":8},{"damage":2,"enemies":"Orb Walker","floor":36,"turns":4},{"damage":35,"enemies":"4 Shapes","floor":37,"turns":5},{"damage":13,"enemies":"Jaw Worm Horde","floor":38,"turns":3},{"damage":15,"enemies":"Nemesis","floor":40,"turns":5},{"damage":0,"enemies":"2 Orb Walkers","floor":42,"turns":3},{"damage":1,"enemies":"3 Darklings","floor":45,"turns":2},{"damage":6,"enemies":"Reptomancer","floor":46,"turns":2},{"damage":7,"enemies":"Giant Head","floor":48,"turns":4},{"damage":1,"enemies":"Donu and Deca","floor":50,"turns":4},{"damage":12,"enemies":"Time Eater","floor":51,"turns":10},{"damage":9,"enemies":"Shield and Spear","floor":55,"turns":5},{"damage":5,"enemies":"The Heart","floor":56,"turns":5}],"seed_played":"8180258869014917939","potions_obtained":[{"floor":2,"key":"PowerPotion"},{"floor":7,"key":"Energy Potion"},{"floor":12,"key":"PowerPotion"},{"floor":13,"key":"LiquidMemories"},{"floor":18,"key":"BloodPotion"},{"floor":21,"key":"SkillPotion"},{"floor":25,"key":"DistilledChaos"},{"floor":27,"key":"SpeedPotion"},{"floor":29,"key":"Fire Potion"},{"floor":31,"key":"SmokeBomb"},{"floor":33,"key":"Energy Potion"},{"floor":36,"key":"FearPotion"},{"floor":37,"key":"SteroidPotion"},{"floor":38,"key":"ColorlessPotion"},{"floor":48,"key":"Strength Potion"},{"floor":55,"key":"DistilledChaos"}],"is_trial":false,"path_per_floor":["M","M","?","?","?","R","E","R","T","R","M","E","M","M","R","B",null,"M","M","?","M","T","R","E","M","T","E","R","E","?","M","R","B",null,"M","M","M","M","$","E","R","?","T","R","M","E","?","E","R","B","B",null,"R","$","E","B",null],"character_chosen":"IRONCLAD","items_purchased":["Feel No Pain+1","Orrery"],"campfire_rested":4,"item_purchase_floors":[39,39],"current_hp_per_floor":[52,48,25,25,25,47,21,21,21,43,43,29,15,15,15,20,61,47,44,44,50,50,50,41,37,37,44,44,62,62,65,65,56,70,49,57,30,30,30,23,49,61,61,88,89,96,86,89,89,96,98,100,100,100,97,100],"gold":47,"neow_bonus":"BOSS_RELIC","is_daily":false,"chose_seed":false,"campfire_upgraded":5,"win_rate":0.0,"timestamp":1608825086,"path_taken":["M","M","?","?","?","R","E","R","T","R","M","E","?","M","R","BOSS","M","?","?","M","?","R","E","M","T","E","R","E","?","M","R","BOSS","M","M","M","M","$","E","R","?","T","R","M","E","?","E","R","BOSS","BOSS","R","$","E","BOSS"],"items_purchased_type":["Card","Relic"],"build_version":"2020-12-22","purchased_purges":0,"victory":true,"max_hp_per_floor":[75,75,75,75,75,75,75,75,75,75,75,75,75,75,75,75,75,75,75,52,52,52,52,52,52,52,52,52,62,62,66,66,66,72,76,80,84,88,88,88,88,92,92,92,92,96,96,96,96,96,100,100,100,100,100,100],"relic_stats":{"Darkstone Periapt":6,"counters":[30,140],"Dead Branch":[479],"Blue Candle":[2],"Ginger":[6],"Smiling Mask":0,"Boot":[10],"Blood Vial":22,"Centennial Puzzle":[3],"Mummified Hand":[63],"Shuriken":[22],"Sundial":[0],"Tiny Chest":1,"Ectoplasm":578,"Black Star":9,"obtain_stats":[{"Darkstone Periapt":12,"Lantern":24,"Incense Burner":42,"Ginger":34,"Smiling Mask":27,"Boot":48,"Burning Blood":0,"Blood Vial":34,"Centennial Puzzle":55,"Mummified Hand":40,"Sundial":55,"Tiny Chest":7,"Red Skull":12,"Potion Belt":29,"Girya":46,"Pear":29,"Dead Branch":26,"Blue Candle":40,"Frozen Egg 2":34,"White Beast Statue":24,"Calling Bell":34,"Anchor":48,"Shuriken":46,"Orrery":39,"Molten Egg 2":22,"Ectoplasm":17,"Black Star":0,"Toy Ornithopter":7,"NlothsMask":5},{"Darkstone Periapt":5,"Lantern":12,"Incense Burner":23,"Ginger":17,"Smiling Mask":14,"Boot":26,"Burning Blood":0,"Blood Vial":17,"Centennial Puzzle":29,"Mummified Hand":22,"Sundial":29,"Tiny Chest":3,"Red Skull":5,"Potion Belt":15,"Girya":25,"Pear":15,"Dead Branch":13,"Blue Candle":22,"Frozen Egg 2":17,"White Beast Statue":12,"Calling Bell":17,"Anchor":26,"Shuriken":25,"Orrery":21,"Molten Egg 2":11,"Ectoplasm":8,"Black Star":0,"Toy Ornithopter":3,"NlothsMask":2},{"Darkstone Periapt":22,"Lantern":56,"Incense Burner":108,"Ginger":80,"Smiling Mask":65,"Boot":116,"Burning Blood":0,"Blood Vial":80,"Centennial Puzzle":135,"Mummified Hand":105,"Sundial":135,"Tiny Chest":13,"Red Skull":22,"Potion Belt":69,"Girya":112,"Pear":69,"Dead Branch":63,"Blue Candle":105,"Frozen Egg 2":80,"White Beast Statue":56,"Calling Bell":80,"Anchor":116,"Shuriken":112,"Orrery":100,"Molten Egg 2":49,"Ectoplasm":36,"Black Star":0,"Toy Ornithopter":13,"NlothsMask":9}],"Toy Ornithopter":34},"card_choices":[{"not_picked":["Armaments","Blood for Blood"],"picked":"Uppercut","floor":1},{"not_picked":["Iron Wave","Blood for Blood"],"picked":"Shockwave","floor":2},{"not_picked":["Warcry","Uppercut"],"picked":"Impervious","floor":7},{"not_picked":["Heavy Blade","Anger"],"picked":"Fire Breathing","floor":11},{"not_picked":["Dark Embrace","True Grit"],"picked":"Sword Boomerang","floor":12},{"not_picked":["Uppercut","Searing Blow","Seeing Red"],"picked":"SKIP","floor":13},{"not_picked":["Clash","Body Slam"],"picked":"Power Through","floor":14},{"not_picked":["Bludgeon","Juggernaut"],"picked":"Corruption","floor":16},{"not_picked":["Anger","Cleave"],"picked":"Burning Pact","floor":18},{"not_picked":["Flex","Sword Boomerang","True Grit"],"picked":"SKIP","floor":19},{"not_picked":["Twin Strike","Cleave","Flex"],"picked":"SKIP","floor":21},{"not_picked":["Pommel Strike+1","Wild Strike+1"],"picked":"Carnage+1","floor":24},{"not_picked":["Warcry","Body Slam+1"],"picked":"Battle Trance+1","floor":25},{"not_picked":["Battle Trance+1","Thunderclap+1"],"picked":"Feed+1","floor":27},{"not_picked":["Warcry","Metallicize"],"picked":"Disarm","floor":29},{"not_picked":["Flex","Rage","Clash+1"],"picked":"SKIP","floor":31},{"not_picked":["Bludgeon+1","Impervious"],"picked":"Barricade","floor":33},{"not_picked":["Thunderclap+1","Armaments"],"picked":"Battle Trance","floor":35},{"not_picked":["Armaments+1","Rage"],"picked":"Sentinel+1","floor":36},{"not_picked":["Reckless Charge+1","Body Slam+1"],"picked":"Havoc","floor":37},{"not_picked":["Feed+1","Perfected Strike+1"],"picked":"Pommel Strike+1","floor":38},{"not_picked":["Thunderclap+1","Pummel+1"],"picked":"Second Wind+1","floor":39},{"not_picked":["Rage","Searing Blow+1"],"picked":"Seeing Red+1","floor":39},{"not_picked":["Pommel Strike+1","Feed+1"],"picked":"Burning Pact","floor":39},{"not_picked":["Armaments","Rupture+1"],"picked":"True Grit+1","floor":39},{"not_picked":["Berserk+1","Clash+1","Headbutt+1"],"picked":"SKIP","floor":40},{"not_picked":["Pommel Strike+1","Pummel+1","Twin Strike+1"],"picked":"SKIP","floor":45},{"not_picked":["Fire Breathing+1","Twin Strike+1"],"picked":"Offering","floor":46},{"not_picked":["Jack Of All Trades","Metamorphosis"],"picked":"Panache+1","floor":47},{"not_picked":["Jack Of All Trades","Madness"],"picked":"Flash of Steel+1","floor":47},{"not_picked":["Panacea","Finesse"],"picked":"Dark Shackles","floor":47},{"not_picked":["Thunderclap+1","Wild Strike+1"],"picked":"Pommel Strike+1","floor":48},{"not_picked":["Cleave+1","Reckless Charge+1"],"picked":"Battle Trance+1","floor":55}],"player_experience":1700383,"relics_obtained":[{"floor":7,"key":"Tiny Chest"},{"floor":7,"key":"Toy Ornithopter"},{"floor":12,"key":"Red Skull"},{"floor":12,"key":"Darkstone Periapt"},{"floor":22,"key":"Molten Egg 2"},{"floor":24,"key":"Lantern"},{"floor":24,"key":"White Beast Statue"},{"floor":26,"key":"Dead Branch"},{"floor":27,"key":"Smiling Mask"},{"floor":29,"key":"Potion Belt"},{"floor":29,"key":"Pear"},{"floor":34,"key":"Blood Vial"},{"floor":34,"key":"Frozen Egg 2"},{"floor":34,"key":"Ginger"},{"floor":40,"key":"Mummified Hand"},{"floor":40,"key":"Blue Candle"},{"floor":42,"key":"Incense Burner"},{"floor":46,"key":"Girya"},{"floor":46,"key":"Shuriken"},{"floor":48,"key":"Anchor"},{"floor":48,"key":"Boot"},{"floor":55,"key":"Sundial"},{"floor":55,"key":"Centennial Puzzle"}],"event_choices":[{"damage_healed":0,"gold_gain":0,"player_choice":"Entered Light","damage_taken":23,"max_hp_gain":0,"max_hp_loss":0,"event_name":"Shining Light","floor":3,"gold_loss":0,"cards_upgraded":["Defend_R","Strike_R"]},{"damage_healed":0,"gold_gain":0,"cards_transformed":["Strike_R"],"player_choice":"Change","damage_taken":0,"max_hp_gain":0,"max_hp_loss":0,"event_name":"Living Wall","floor":4,"gold_loss":0,"cards_obtained":["Body Slam"]},{"damage_healed":0,"gold_gain":0,"player_choice":"Trade","damage_taken":0,"relics_obtained":["NlothsMask"],"max_hp_gain":0,"max_hp_loss":0,"event_name":"FaceTrader","floor":5,"gold_loss":0},{"damage_healed":0,"gold_gain":0,"player_choice":"Became a vampire","damage_taken":0,"max_hp_gain":0,"max_hp_loss":23,"event_name":"Vampires","floor":20,"gold_loss":0,"cards_obtained":["Bite","Bite","Bite","Bite","Bite"]},{"damage_healed":0,"gold_gain":0,"player_choice":"Forge","damage_taken":0,"max_hp_gain":0,"max_hp_loss":0,"event_name":"Accursed Blacksmith","floor":30,"gold_loss":0,"cards_upgraded":["Disarm"]},{"damage_healed":0,"gold_gain":0,"player_choice":"Fight","damage_taken":0,"max_hp_gain":0,"max_hp_loss":0,"event_name":"Mysterious Sphere","floor":42,"gold_loss":0},{"damage_healed":0,"gold_gain":0,"player_choice":"Memory 3","damage_taken":10,"max_hp_gain":0,"max_hp_loss":0,"event_name":"SensoryStone","floor":47,"gold_loss":0}],"is_beta":false,"boss_relics":[{"not_picked":["Coffee Dripper","Busted Crown"],"picked":"Ectoplasm"},{"not_picked":["Empty Cage","Fusion Hammer"],"picked":"Calling Bell"}],"items_purged_floors":[],"is_endless":false,"potions_floor_spawned":[2,7,12,13,18,19,21,25,27,29,31,33,35,36,37,38,40,42,45,48,55],"ascension_level":20}}