{"host":"egyxg9lnjq7g2hmw","time":1608771415,"event":{"mods":["AchievementEnabler","BaseMod","Block Reminder","Colored Map","Colored Powertips","Highlight Path","Minty Spire (QoL Compilation)","Rare Cards Sparkle","StSLib"],"gold_per_floor":[415,429,429,429,73,100,100,100,127,152,172,172,172,182,182,182,182],"floor_reached":16,"playtime":487,"items_purged":["Strike_G"],"score":216,"play_id":"5c5182bf-b251-40e8-ab84-61e0d677723e","local_time":"20201223165655","is_ascension_mode":true,"campfire_choices":[{"floor":8.0,"key":"REST"},{"data":"Bane","floor":13.0,"key":"SMITH"},{"floor":15.0,"key":"REST"}],"circlet_count":0,"master_deck":["AscendersBane","Strike_G","Strike_G","Strike_G","Defend_G+1","Defend_G","Defend_G","Defend_G+1","Defend_G","Survivor","Neutralize+1","CurseOfTheBell","Predator","Dagger Spray","Corpse Explosion","Poisoned Stab","Bullet Time","Bane+1","Bane","Masterful Stab"],"relics":["Calling Bell","Akabeko","The Courier","Old Coin","Toy Ornithopter","Snake Skull","Lantern","Bag of Marbles","Nunchaku"],"acts_visited":["Exordium"],"potions_floor_usage":[],"damage_taken":[{"damage":1.0,"enemies":"Small Slimes","floor":1.0,"turns":4.0},{"damage":0.0,"enemies":"Cultist","floor":2.0,"turns":3.0},{"damage":12.0,"enemies":"3 Sentries","floor":6.0,"turns":4.0},{"damage":19.0,"enemies":"Lagavulin","floor":10.0,"turns":5.0},{"damage":6.0,"enemies":"2 Louse","floor":11.0,"turns":3.0},{"damage":2.0,"enemies":"Large Slime","floor":14.0,"turns":3.0},{"damage":28,"enemies":"Slime Boss","floor":16,"turns":4}],"seed_played":"-9162822205247449529","potions_obtained":[{"floor":11.0,"key":"SkillPotion"}],"is_trial":false,"path_per_floor":["M","M","?","?","$","E","?","R","T","E","M","?","R","M","R","B"],"character_chosen":"THE_SILENT","items_purchased":["Corpse Explosion","Snake Skull","Poison Potion","Poisoned Stab"],"campfire_rested":2,"item_purchase_floors":[5,5,5,5],"current_hp_per_floor":[58,58,58,40,40,28,8,27,27,13,7,7,7,5,24,0,0],"gold":182,"neow_bonus":"BOSS_RELIC","is_daily":false,"chose_seed":false,"campfire_upgraded":1,"win_rate":0.0,"timestamp":1608771415,"path_taken":["M","M","?","?","$","E","?","R","T","E","M","?","R","?","R","BOSS"],"items_purchased_type":["Card","Relic","Potion","Card"],"build_version":"2020-12-22","purchased_purges":1,"victory":false,"max_hp_per_floor":[66,66,66,66,66,66,66,66,66,66,66,66,66,66,66,66,66],"card_choices":[{"not_picked":["PiercingWail","Deadly Poison"],"picked":"Predator","floor":1.0},{"not_picked":["Deflect","Bane"],"picked":"Dagger Spray","floor":2.0},{"not_picked":["Distraction","Slice"],"picked":"Bullet Time","floor":6.0},{"not_picked":["Cloak And Dagger","Backflip"],"picked":"Bane","floor":10.0},{"not_picked":["Dagger Spray","Acrobatics"],"picked":"Bane","floor":11.0},{"not_picked":["Catalyst","Terror"],"picked":"Masterful Stab","floor":14.0}],"player_experience":576424,"relics_obtained":[{"floor":0.0,"key":"Akabeko"},{"floor":0.0,"key":"The Courier"},{"floor":0.0,"key":"Old Coin"},{"floor":6.0,"key":"Lantern"},{"floor":9.0,"key":"Bag of Marbles"},{"floor":10.0,"key":"Nunchaku"}],"event_choices":[{"damage_healed":0.0,"max_hp_gain":0.0,"max_hp_loss":0.0,"gold_gain":0.0,"event_name":"Living Wall","player_choice":"Grow","floor":3.0,"gold_loss":0.0,"damage_taken":0.0,"cards_upgraded":["Neutralize"]},{"damage_healed":0.0,"max_hp_gain":0.0,"max_hp_loss":0.0,"gold_gain":0.0,"event_name":"Scrap Ooze","player_choice":"Success","floor":4.0,"gold_loss":0.0,"damage_taken":18.0,"relics_obtained":["Toy Ornithopter"]},{"damage_healed":0.0,"max_hp_gain":0.0,"max_hp_loss":0.0,"gold_gain":0.0,"event_name":"Shining Light","player_choice":"Entered Light","floor":7.0,"gold_loss":0.0,"damage_taken":20.0,"cards_upgraded":["Defend_G","Defend_G"]},{"cards_removed":["Strike_G"],"damage_healed":0.0,"max_hp_gain":0.0,"max_hp_loss":0.0,"gold_gain":0.0,"event_name":"Wheel of Change","player_choice":"Card Removal","floor":12.0,"gold_loss":0.0,"damage_taken":0.0}],"is_beta":false,"boss_relics":[],"items_purged_floors":[5],"is_endless":false,"potions_floor_spawned":[11],"killed_by":"Slime Boss","ascension_level":20}}