{"host":"wvaiab5ya9pyia0u","time":1608839048,"event":{"mods":["2.2 Compatiblity","Aspiration","Bard","BaseMod","Bestiary","BetterRewards","Challenge The Spire","Colored Powertips","Conspire","Custom Start","DeckTracker","Hermit","Highlight Path","Hubris","Humility","Infinite Spire","Mimic Mod","Minty Spire (QoL Compilation)","Practice Mode","Quick Restart","Rare Cards Sparkle","Replay The Spire","Reworked Bosses","SacredBarkPlus","Shop Mod","Spicy Shops","StSLib","The Blue Laboratory","The Construct","The Cursed","The Disciple","The Factory","The Hierophant","The Jungle","The Mystic","The Runesmith","The Servant 0.9.4","TheBandit","Thieving Mod","Wandering Minibosses","everything is the same but u backflip on backflip","slay the spire mod where everything is the same but ironclad has a cowboy hat"],"gold_per_floor":[110,130,146,146,163,163,202,197,221,221,239,239,254,240,240,340,440,465,0,90,115,313,313,355,355,431,455,455,455,484,504,504,521,521,633,633,660,693,737,770,798,798,798,880,880,942,942,329,329,546,573,592,592,607,607,607,607,652,652],"floor_reached":60,"playtime":3641,"items_purged":["hermit:Strike_Hermit"],"score":1000,"play_id":"3846b87e-8a04-428b-af33-408ca9944f9e","local_time":"20201224204408","is_ascension_mode":false,"campfire_choices":[{"data":"hermit:BigShot","floor":6.0,"key":"SMITH"},{"floor":10.0,"key":"REST"},{"floor":15.0,"key":"REST"},{"floor":23.0,"key":"REST"},{"data":"Jack Of All Trades","floor":25.0,"key":"SMITH"},{"floor":32.0,"key":"REST"},{"data":"hermit:Roughhouse","floor":34.0,"key":"SMITH"},{"data":"Pot Of Greed","floor":45.0,"key":"SMITH"},{"floor":49.0,"key":"RECALL"},{"data":"Pot Of Greed","floor":53.0,"key":"SMITH"},{"data":"infinitespire:UltimateForm","floor":56.0,"key":"SMITH"}],"circlet_count":0,"master_deck":["hermit:Strike_Hermit","hermit:Strike_Hermit","hermit:Strike_Hermit","hermit:Defend_Hermit","hermit:Defend_Hermit","hermit:Defend_Hermit","hermit:Defend_Hermit","hermit:Snapshot","hermit:Covet","hermit:Scavenge","hermit:NoHoldsBarred","hermit:BigShot+1","hermit:Enervate","hermit:Headshot","hermit:Deadeye","hermit:ItchyTrigger","hermit:Roughhouse+1","Inflame","hermit:Vantage+1","Jack Of All Trades+1","ReplayTheSpireMod:LeadingStrike+1","hermit:TakeAim+1","hermit:Strike_Hermit","hermit:Strike_Hermit","hermit:Strike_Hermit","hermit:Defend_Hermit","hermit:Defend_Hermit","hermit:Defend_Hermit","hermit:Defend_Hermit","hermit:Snapshot","hermit:Covet","hermit:Scavenge","hermit:NoHoldsBarred","hermit:BigShot+1","hermit:Enervate","hermit:Headshot","hermit:Deadeye","hermit:ItchyTrigger","hermit:Roughhouse","Inflame","hermit:Vantage+1","Jack Of All Trades","ReplayTheSpireMod:LeadingStrike+1","hermit:TakeAim+1","hermit:Ricochet","hermit:Dive","hermit:Scavenge","hermit:CalledShot+1","hermit:CalledShot+1","hermit:Ricochet","hermit:Ricochet","hermit:Vantage","Pot Of Greed","Pot Of Greed","Pot Of Greed+1","Pot Of Greed","Pot Of Greed","hermit:Deadeye","hermit:Dive","hermit:Vantage","Jack Of All Trades+1","ReplayTheSpireMod:Splinters","hermit:CalledShot+1","infinitespire:UltimateForm+1","hubris:Fate","Pot Of Greed+1","hermit:Ricochet","hermit:ShadowCloak+1"],"relics":["m_CorellonBlood","infinitespire:Cubic Diamond","Replay:Wanted Poster","aspiration:Nostalgia","m_RuneBlood","Blood Vial","wanderingMiniBosses:ThiefScarf","CeramicFish","Bronze Scales","Bag of Marbles","conspire:DecoderRing","hubris:BlackHole","aspiration:TomeofQuesting","Grinning Jar","Counterbalance","aspiration:SeaSaltIceCream","aspiration:Nostalgia","PureWater","DollysMirror","Pen Nib","Vajra"],"acts_visited":["Exordium","TheCity","TheBeyond","TheEnding"],"potions_floor_usage":[59],"damage_taken":[{"damage":0.0,"enemies":"2 Louse","floor":1.0,"turns":4.0},{"damage":0.0,"enemies":"conspire:RoseBush","floor":2.0,"turns":3.0},{"damage":0.0,"enemies":"Small Slimes","floor":3.0,"turns":6.0},{"damage":0.0,"enemies":"2 Fungi Beasts","floor":5.0,"turns":2.0},{"damage":32.0,"enemies":"Lagavulin","floor":7.0,"turns":5.0},{"damage":13.0,"enemies":"Red Slaver","floor":8.0,"turns":6.0},{"damage":3.0,"enemies":"Blue Slaver","floor":11.0,"turns":3.0},{"damage":0.0,"enemies":"2 Fungi Beasts","floor":13.0,"turns":3.0},{"damage":12.0,"enemies":"Exordium Thugs","floor":14.0,"turns":5.0},{"damage":33.0,"enemies":"Slime Boss","floor":16.0,"turns":9.0},{"damage":18.0,"enemies":"3 Byrds","floor":18.0,"turns":4.0},{"damage":18.0,"enemies":"Shell Parasite","floor":20.0,"turns":9.0},{"damage":11.0,"enemies":"Centurion and Healer","floor":21.0,"turns":4.0},{"damage":20.0,"enemies":"Slavers","floor":24.0,"turns":5.0},{"damage":0.0,"enemies":"Snecko","floor":27.0,"turns":3.0},{"damage":18.0,"enemies":"3 Cultists","floor":30.0,"turns":5.0},{"damage":0.0,"enemies":"Chosen and Byrds","floor":31.0,"turns":4.0},{"damage":1.0,"enemies":"Centurion and Healer","floor":33.0,"turns":4.0},{"damage":61.0,"enemies":"Automaton","floor":35.0,"turns":8.0},{"damage":4.0,"enemies":"Orb Walker","floor":37.0,"turns":2.0},{"damage":1.0,"enemies":"3 Shapes","floor":38.0,"turns":3.0},{"damage":13.0,"enemies":"conspire:MimicChest","floor":39.0,"turns":4.0},{"damage":15.0,"enemies":"Transient","floor":40.0,"turns":6.0},{"damage":4.0,"enemies":"Sphere and 2 Shapes","floor":41.0,"turns":4.0},{"damage":0.0,"enemies":"Giant Head","floor":44.0,"turns":2.0},{"damage":5.0,"enemies":"2 Orb Walkers","floor":46.0,"turns":3.0},{"damage":2.0,"enemies":"Maw","floor":52.0,"turns":5.0},{"damage":65.0,"enemies":"Replay:Hell Engine","floor":54.0,"turns":10.0},{"damage":39.0,"enemies":"Shield and Spear","floor":58.0,"turns":4.0},{"damage":0,"enemies":"The Heart","floor":59,"turns":1}],"seed_played":"1150895222210770862","potions_obtained":[{"floor":3.0,"key":"Milkshake"},{"floor":7.0,"key":"Dexterity Potion"},{"floor":8.0,"key":"blueLaboratory:SavagePotion"},{"floor":27.0,"key":"blueLaboratory:HorrorPotion"},{"floor":31.0,"key":"blueLaboratory:Moonshine"},{"floor":37.0,"key":"infinitespire:BlackPotion"}],"is_trial":false,"path_per_floor":["M","M","M","?","M","R","E","M","T","R","M","?","M","M","R","B",null,"M","$","M","M","?","R","E","R","T","M","PTL","PTL","M","M","R","M","R","B",null,"M","M","?","M","M","PTL","PTL","E","R","?","T","$","R","?","AVR","M","R","B",null,"R","$","E","B",null],"character_chosen":"HERMIT","items_purchased":["Jack Of All Trades","aspiration:Nostalgia","Blood Vial","hermit:Dive","hermit:Vantage","aspiration:SeaSaltIceCream","DollysMirror","Pen Nib"],"campfire_rested":4,"item_purchase_floors":[19,19,19,48,48,48,48,48],"current_hp_per_floor":[82,82,82,82,82,82,50,37,37,61,58,58,58,46,70,37,82,64,64,51,45,45,69,54,54,54,59,59,59,46,51,75,79,79,23,82,81,82,72,62,63,63,63,68,68,68,68,68,68,68,68,71,71,11,82,82,82,46,51],"gold":652,"neow_bonus":"TEN_PERCENT_HP_BONUS","is_daily":false,"chose_seed":false,"campfire_upgraded":6,"win_rate":0.0,"timestamp":1608839048,"path_taken":["M","M","M","?","M","R","E","?","T","R","M","?","M","M","R","BOSS","M","$","M","M","?","R","E","R","T","M","PTL","PTL","M","M","R","M","R","BOSS","M","M","?","M","M","PTL","PTL","E","R","?","T","$","R","?","AVR","M","R","BOSS","R","$","E","BOSS"],"items_purchased_type":["Card","Relic","Relic","Card","Card","Relic","Relic","Relic"],"build_version":"2020-12-22","purchased_purges":1,"victory":true,"max_hp_per_floor":[82,82,82,82,82,82,82,82,82,82,82,82,82,82,82,82,82,82,82,82,82,82,82,82,82,82,82,82,82,82,82,82,82,82,82,82,82,82,82,82,82,82,82,82,82,82,82,82,82,82,82,82,82,82,82,82,82,82,82],"card_choices":[{"not_picked":["hermit:HoleUp","hermit:Glare"],"picked":"hermit:Scavenge","floor":1.0},{"not_picked":["hermit:PistolWhip","hermit:Manifest"],"picked":"hermit:NoHoldsBarred","floor":2.0},{"not_picked":["hermit:Feint","hermit:DeadMansHand"],"picked":"hermit:BigShot","floor":3.0},{"not_picked":["hermit:Ricochet","hermit:ItchyTrigger"],"picked":"hermit:Enervate","floor":5.0},{"not_picked":["hermit:Reprieve","hermit:Desperado"],"picked":"hermit:Headshot","floor":7.0},{"not_picked":["hermit:Headshot","hermit:HoleUp"],"picked":"hermit:Deadeye","floor":8.0},{"not_picked":["hermit:WideOpen","hermit:SprayPray"],"picked":"hermit:ItchyTrigger","floor":11.0},{"not_picked":["Twin Strike","Clothesline"],"picked":"hermit:Roughhouse","floor":13.0},{"not_picked":["hermit:Coalescence","hermit:Glare"],"picked":"Inflame","floor":14.0},{"not_picked":["hermit:LowProfile","hermit:Coalescence"],"picked":"hermit:Vantage+1","floor":18.0},{"not_picked":["hermit:Coalescence","hermit:Desperado"],"picked":"ReplayTheSpireMod:LeadingStrike+1","floor":20.0},{"not_picked":["hermit:ItchyTrigger","hermit:Snipe"],"picked":"hermit:TakeAim+1","floor":21.0},{"not_picked":["hermit:WideOpen+1","hermit:Coalescence+1"],"picked":"hermit:Ricochet","floor":24.0},{"not_picked":["hermit:FlashPowder","hermit:NoHoldsBarred"],"picked":"hermit:Dive","floor":27.0},{"not_picked":["hermit:CalledShot","hermit:Manifest"],"picked":"hermit:Scavenge","floor":30.0},{"not_picked":["Searing Blow","hermit:HoleUp+1","hermit:Coalescence+1"],"picked":"SKIP","floor":31.0},{"not_picked":["Runesmith:Reinforce","hermit:Maintenance+1","Perfected Strike"],"picked":"SKIP","floor":33.0},{"not_picked":["hermit:Ricochet","hermit:Manifest"],"picked":"hermit:CalledShot+1","floor":37.0},{"not_picked":["hermit:HoleUp+1","hermit:FullyLoaded"],"picked":"hermit:CalledShot+1","floor":38.0},{"not_picked":["hermit:Glare+1","hermit:WideOpen"],"picked":"hermit:Ricochet","floor":39.0},{"not_picked":["hermit:Quickdraw","hermit:ShadowCloak+1"],"picked":"hermit:Ricochet","floor":40.0},{"not_picked":["hermit:Snipe+1","hermit:BodyArmor"],"picked":"hermit:Vantage","floor":41.0},{"not_picked":["hermit:Shortfuse+1","hermit:FatalDesire","hermit:ShadowCloak"],"picked":"SKIP","floor":44.0},{"not_picked":["hermit:Determination+1","hermit:Coalescence+1"],"picked":"hermit:Deadeye","floor":46.0},{"not_picked":["hermit:Virtue","hermit:Cheat"],"picked":"hermit:CalledShot+1","floor":50.0},{"not_picked":["hermit:TakeAim","hermit:HoleUp+1"],"picked":"hermit:Ricochet","floor":52.0},{"not_picked":["hermit:Horror+1","Armaments"],"picked":"hermit:ShadowCloak+1","floor":58.0}],"player_experience":198736,"relics_obtained":[{"floor":7.0,"key":"CeramicFish"},{"floor":9.0,"key":"Bronze Scales"},{"floor":20.0,"key":"wanderingMiniBosses:ThiefScarf"},{"floor":20.0,"key":"CeramicFish"},{"floor":20.0,"key":"Bronze Scales"},{"floor":24.0,"key":"Bag of Marbles"},{"floor":26.0,"key":"conspire:DecoderRing"},{"floor":39.0,"key":"aspiration:TomeofQuesting"},{"floor":44.0,"key":"Grinning Jar"},{"floor":46.0,"key":"Counterbalance"},{"floor":58.0,"key":"Vajra"}],"event_choices":[{"damage_healed":0.0,"max_hp_gain":0.0,"max_hp_loss":0.0,"gold_gain":0.0,"event_name":"NoteForYourself","player_choice":"Ignored","floor":4.0,"gold_loss":0.0,"damage_taken":0.0},{"damage_healed":0.0,"max_hp_gain":0.0,"max_hp_loss":0.0,"gold_gain":0.0,"event_name":"Mysterious Sphere","player_choice":"Fight","floor":46.0,"gold_loss":0.0,"damage_taken":0.0}],"is_beta":false,"boss_relics":[{"not_picked":["Tiny House","Cursed Key"],"picked":"Replay:Wanted Poster"},{"not_picked":["hermit:DentedPlate","Runic Pyramid"],"picked":"hubris:BlackHole"}],"items_purged_floors":[19],"is_endless":false,"potions_floor_spawned":[3,7,8,11,18,27,31,33,37,46,52],"ascension_level":0}}