{"host":"zlprnsb5fznrfinh","time":1608775769,"event":{"mods":["Act Like it!","BaseMod","Block Reminder","Downfall","GifTheSpireLib","Minty Spire (QoL Compilation)","StSLib"],"gold_per_floor":[99,99,99,48,148,173,225,239,256,333,258,358,358,390,402,497,497,497,512,94,107,192,128,152,152,152,165,90,106,106,180,200,298,298,223,241,116,166,184,201,228,228,228,248,262,275,275,295,306,306,306,339,27,27,27,27,27],"floor_reached":55,"playtime":5724,"items_purged":["champ:PerfectedStrike","champ:Defend","champ:Defend"],"score":827,"play_id":"87d5044a-dfaf-4aac-9d01-944b1a2f6200","local_time":"20201223180929","is_ascension_mode":false,"campfire_choices":[{"data":"champ:Taunt","floor":1.0,"key":"SMITH"},{"data":"champ:CheapShot","floor":11.0,"key":"SMITH"},{"data":"champ:StanceDance","floor":13.0,"key":"SMITH"},{"data":"champ:HoldFirm","floor":18.0,"key":"SMITH"},{"floor":26.0,"key":"RECALL"},{"data":"champ:Backstep","floor":28.0,"key":"SMITH"},{"data":"champ:Riposte","floor":35.0,"key":"SMITH"},{"data":"1","floor":42.0,"key":"LIFT"},{"data":"2","floor":47.0,"key":"LIFT"},{"data":"champ:BerserkersShout","floor":54.0,"key":"SMITH"}],"circlet_count":0,"master_deck":["champ:Strike","champ:Strike+1","champ:Strike","champ:Defend","champ:Defend","champ:Execute","champ:Taunt+1","champ:CrookedStrike","champ:FanOfKnives","champ:PerfectedStrike","champ:CheapShot+1","champ:StanceDance+1","champ:DeathBlow","champ:Riposte+1","champ:HoldFirm+1","champ:Circumvent","champ:Circumvent","champ:BringItOn","champ:Backstep+1","champ:BerserkersShout+1","champ:ArenaPreparation+1","champ:ArenaPreparation","Parasite","Parasite"],"relics":["champ:ChampionCrown","downfall:HeartsMalice","Champion Belt","Vajra","PreservedInsect","Sundial","downfall:HeartBlessingGreen","White Beast Statue","Ice Cream","Snecko Eye","champ:GladiatorsBookOfMartialProwess","Nunchaku","downfall:HeartBlessingRed","Medical Kit","Coffee Dripper","downfall:HeartBlessingBlue","Girya","CeramicFish","Orichalcum","Mercury Hourglass"],"acts_visited":["Exordium","TheCity","TheBeyond","TheEnding"],"potions_floor_usage":[55,55],"damage_taken":[{"damage":0.0,"enemies":"downfall:FleeingMerchant","floor":4.0,"turns":1.0},{"damage":0.0,"enemies":"downfall:FleeingMerchant","floor":5.0,"turns":1.0},{"damage":0.0,"enemies":"3 Sentries","floor":6.0,"turns":1.0},{"damage":5.0,"enemies":"Small Slimes","floor":8.0,"turns":3.0},{"damage":6.0,"enemies":"Jaw Worm","floor":9.0,"turns":2.0},{"damage":18.0,"enemies":"downfall:LadyInBlue","floor":12.0,"turns":7.0},{"damage":18.0,"enemies":"Lagavulin","floor":14.0,"turns":5.0},{"damage":10.0,"enemies":"2 Louse","floor":15.0,"turns":2.0},{"damage":76.0,"enemies":"downfall:Silent","floor":16.0,"turns":7.0},{"damage":18.0,"enemies":"Spheric Guardian","floor":19.0,"turns":3.0},{"damage":15.0,"enemies":"downfall:FleeingMerchant","floor":20.0,"turns":4.0},{"damage":52.0,"enemies":"Centurion and Healer","floor":21.0,"turns":6.0},{"damage":33.0,"enemies":"downfall:FleeingMerchant","floor":23.0,"turns":5.0},{"damage":18.0,"enemies":"3 Cultists","floor":27.0,"turns":3.0},{"damage":30.0,"enemies":"Snake Plant","floor":29.0,"turns":4.0},{"damage":15.0,"enemies":"downfall:FleeingMerchant","floor":31.0,"turns":4.0},{"damage":25.0,"enemies":"Shelled Parasite and Fungi","floor":32.0,"turns":6.0},{"damage":84.0,"enemies":"downfall:Watcher","floor":33.0,"turns":11.0},{"damage":35.0,"enemies":"3 Shapes","floor":36.0,"turns":3.0},{"damage":127.0,"enemies":"Mind Bloom Boss Battle","floor":38.0,"turns":9.0},{"damage":62.0,"enemies":"3 Darklings","floor":39.0,"turns":3.0},{"damage":69.0,"enemies":"Writhing Mass","floor":40.0,"turns":6.0},{"damage":65.0,"enemies":"Transient","floor":44.0,"turns":5.0},{"damage":27.0,"enemies":"4 Shapes","floor":45.0,"turns":3.0},{"damage":96.0,"enemies":"Maw","floor":46.0,"turns":8.0},{"damage":30.0,"enemies":"Writhing Mass","floor":48.0,"turns":7.0},{"damage":25.0,"enemies":"Jaw Worm Horde","floor":49.0,"turns":4.0},{"damage":97.0,"enemies":"downfall:Ironclad","floor":50.0,"turns":10.0},{"damage":88.0,"enemies":"downfall:CharBossMerchant","floor":52.0,"turns":8.0},{"damage":202,"enemies":"downfall:NeowBoss","floor":55,"turns":23}],"seed_played":"-2163092431028538037","potions_obtained":[{"floor":8.0,"key":"Swift Potion"},{"floor":9.0,"key":"DuplicationPotion"},{"floor":12.0,"key":"champ:OpenerPotion"},{"floor":12.0,"key":"BlessingOfTheForge"},{"floor":14.0,"key":"Energy Potion"},{"floor":16.0,"key":"EssenceOfSteel"},{"floor":19.0,"key":"BlessingOfTheForge"},{"floor":20.0,"key":"SneckoOil"},{"floor":23.0,"key":"champ:OpenerPotion"},{"floor":27.0,"key":"champ:UltimateStancePotion"},{"floor":29.0,"key":"champ:TechniquePotion"},{"floor":52.0,"key":"Strength Potion"}],"is_trial":false,"path_per_floor":["R","?","?","$","?","E","T","M","M","T","R","?","R","E","M","B",null,"R","M","$","M","?","$","T","?","R","M","R","M","T","$","M","B",null,"R","M","$","?","M","M","T","R","?","M","M","M","R","M","M","B",null,"E","$","R","B"],"character_chosen":"THE_CHAMP","items_purchased":["champ:PerfectedStrike","champ:GladiatorsBookOfMartialProwess","champ:Circumvent","champ:Backstep","Medical Kit","Mercury Hourglass","FearPotion"],"campfire_rested":0,"item_purchase_floors":[4,20,20,23,31,53,53],"current_hp_per_floor":[90,95,95,95,95,95,95,95,89,89,89,81,81,68,68,18,95,95,95,95,76,58,58,58,50,50,50,50,41,41,41,41,41,95,105,105,105,105,105,105,105,105,105,105,99,99,99,99,99,99,105,96,96,96,0,0,0],"gold":27,"neow_bonus":"THREE_ENEMY_KILL","is_daily":false,"chose_seed":false,"campfire_upgraded":7,"win_rate":0.0,"timestamp":1608775769,"path_taken":["R","?","?","?","?","E","T","M","?","?","R","?","R","E","M","BOSS","R","M","$","M","?","$","T","?","R","M","R","?","?","$","M","BOSS","R","M","$","?","M","M","T","R","?","M","M","M","R","M","M","BOSS","E","$","R","BOSS"],"items_purchased_type":["Card","Relic","Card","Card","Relic","Relic","Potion"],"build_version":"2020-12-22","purchased_purges":3,"victory":false,"max_hp_per_floor":[90,95,95,95,95,95,95,95,95,95,95,95,95,95,95,95,95,95,95,95,95,95,95,95,95,95,95,95,95,95,95,95,95,95,105,105,105,105,105,105,105,105,105,105,105,105,105,105,105,105,105,105,105,105,105,105,105],"card_choices":[{"not_picked":["champ:FocusedGladiator","champ:GladiatorStyle"],"picked":"champ:CrookedStrike","floor":4.0},{"not_picked":["champ:GladiatorsShout","champ:EndlessRage"],"picked":"champ:FanOfKnives","floor":5.0},{"not_picked":["champ:Backstep","champ:ViciousMockery"],"picked":"champ:PerfectedStrike","floor":6.0},{"not_picked":["champ:BerserkersShout","champ:SkillfulDodge"],"picked":"champ:CheapShot","floor":8.0},{"not_picked":["champ:DeathBlow","champ:Circumvent","champ:FlashCut"],"picked":"SKIP","floor":9.0},{"not_picked":["champ:BerserkersShout","champ:FocusedBerserking"],"picked":"champ:StanceDance","floor":12.0},{"not_picked":["champ:EndlessRage","champ:EnGarde"],"picked":"champ:DeathBlow","floor":14.0},{"not_picked":["champ:ShieldThrow","champ:ViciousMockery"],"picked":"champ:Riposte","floor":15.0},{"not_picked":["champ:HeavySlash","champ:PerfectForm"],"picked":"champ:HoldFirm","floor":16.0},{"not_picked":["champ:BerserkerStyle","champ:PerfectedStrike","champ:Backstep"],"picked":"SKIP","floor":19.0},{"not_picked":["champ:FocusedGladiator","champ:RecklessLeap+1"],"picked":"champ:Circumvent","floor":20.0},{"not_picked":["champ:Backstep+1","champ:PerfectedStrike"],"picked":"champ:BringItOn","floor":21.0},{"not_picked":["champ:EndlessRage+1","champ:Devastate","champ:RecklessLeap"],"picked":"SKIP","floor":23.0},{"not_picked":["champ:FocusedDefense+1","champ:PerfectedStrike+1","champ:GladiatorStyle"],"picked":"SKIP","floor":27.0},{"not_picked":["champ:CrookedStrike","champ:BringItOn","champ:FocusedDefense"],"picked":"SKIP","floor":29.0},{"not_picked":["champ:RapidStrikes+1","champ:GutPunch"],"picked":"champ:BerserkersShout","floor":31.0},{"not_picked":["champ:DefensiveShout","champ:PerfectedStrike+1"],"picked":"champ:ArenaPreparation+1","floor":32.0},{"not_picked":["champ:Haymaker+1","champ:CrookedStrike"],"picked":"champ:ArenaPreparation","floor":36.0},{"not_picked":["champ:Haymaker+1","champ:DefensiveStyle","champ:StanceDance+1"],"picked":"SKIP","floor":39.0},{"not_picked":["champ:Riposte+1","champ:ShieldWall","champ:Haymaker"],"picked":"SKIP","floor":40.0},{"not_picked":["champ:FightOn","champ:PreciseThrust+1","champ:FaceSlap"],"picked":"SKIP","floor":44.0},{"not_picked":["champ:HeavySlash","champ:GutPunch","champ:ViciousMockery+1"],"picked":"SKIP","floor":45.0},{"not_picked":["champ:BerserkersShout","champ:BladeFlurry","champ:PerfectedStrike"],"picked":"SKIP","floor":46.0},{"not_picked":["champ:BladeFlurry","champ:GutPunch+1","champ:AdrenalArmor"],"picked":"SKIP","floor":48.0},{"not_picked":["champ:RisingSlash","champ:StanceDance","champ:RecklessLeap"],"picked":"SKIP","floor":49.0},{"not_picked":["champ:FocusedGladiator+1","champ:Lariat","champ:Haymaker+1"],"picked":"SKIP","floor":52.0}],"player_experience":713725,"relics_obtained":[{"floor":5.0,"key":"Champion Belt"},{"floor":6.0,"key":"Vajra"},{"floor":7.0,"key":"PreservedInsect"},{"floor":10.0,"key":"Sundial"},{"floor":12.0,"key":"White Beast Statue"},{"floor":14.0,"key":"Ice Cream"},{"floor":24.0,"key":"Nunchaku"},{"floor":38.0,"key":"Girya"},{"floor":41.0,"key":"CeramicFish"},{"floor":52.0,"key":"Orichalcum"}],"event_choices":[{"damage_healed":0.0,"max_hp_gain":5.0,"max_hp_loss":0.0,"gold_gain":0.0,"event_name":"Big Fish","player_choice":"Donut","floor":2.0,"gold_loss":0.0,"damage_taken":0.0}],"is_beta":false,"boss_relics":[{"not_picked":["Philosopher\u0027s Stone","SlaversCollar"],"picked":"Snecko Eye"},{"not_picked":["Calling Bell","Runic Dome"],"picked":"Coffee Dripper"}],"items_purged_floors":[20,31,37],"is_endless":false,"potions_floor_spawned":[8,9,14,15,16,19,20,21,23,27,29,31,32,33,36,38,39,40,44,45,46,48,49,52],"killed_by":"downfall:NeowBoss","ascension_level":0}}