{"host":"avjwtc49fhlk6kym","time":1608846733,"event":{"mods":["AchievementEnabler","BaseMod","Better Match","Better Note","Better Third Choice","Colored Map","Colored Powertips","Displayed Cursed Tome","Highlight Path","Minty Spire (QoL Compilation)","Permanent Neow","Quick Restart","StSLib"],"gold_per_floor":[114,126,138,0,0,28,28,48,74,93,110,137,149,220,220,316,316,327,5,5,305,59,59,78,78,78,93,93,93,108,119,119,119,119],"floor_reached":33,"playtime":1303,"items_purged":["Defend_P"],"score":285,"play_id":"b8eaae19-ab1a-471b-8cc6-603937eae13d","local_time":"20201224165213","is_ascension_mode":true,"campfire_choices":[{"data":"LessonLearned","floor":7.0,"key":"SMITH"},{"floor":15.0,"key":"REST"},{"floor":23.0,"key":"REST"},{"data":"ForeignInfluence","floor":25.0,"key":"SMITH"},{"floor":29.0,"key":"REST"},{"data":"MasterReality","floor":32,"key":"SMITH"}],"circlet_count":0,"master_deck":["Strike_P+1","Strike_P+1","Strike_P","Strike_P","Defend_P+1","Defend_P","Defend_P","Eruption+1","Vigilance","Trip+1","ReachHeaven+1","ThirdEye","Prostrate","Enlightenment","LessonLearned+1","Protect","MasterReality+1","CutThroughFate","Judgement","FlyingSleeves","ForeignInfluence+1","Sanctity+1","FlyingSleeves","PathToVictory+1"],"relics":["PureWater","Strawberry","Orichalcum","Nunchaku","Sozu","Frozen Egg 2","Enchiridion","Old Coin","Bottled Tornado","Bottled Flame","MutagenicStrength"],"acts_visited":["Exordium","TheCity"],"potions_floor_usage":[],"damage_taken":[{"damage":5.0,"enemies":"2 Louse","floor":1.0,"turns":3.0},{"damage":5.0,"enemies":"Small Slimes","floor":2.0,"turns":2.0},{"damage":4.0,"enemies":"Jaw Worm","floor":3.0,"turns":3.0},{"damage":9.0,"enemies":"Gremlin Nob","floor":6.0,"turns":3.0},{"damage":0.0,"enemies":"Exordium Wildlife","floor":8.0,"turns":2.0},{"damage":8.0,"enemies":"Red Slaver","floor":10.0,"turns":5.0},{"damage":0.0,"enemies":"Looter","floor":11.0,"turns":4.0},{"damage":6.0,"enemies":"Lagavulin","floor":12.0,"turns":5.0},{"damage":9.0,"enemies":"Large Slime","floor":13.0,"turns":5.0},{"damage":16.0,"enemies":"Slime Boss","floor":16.0,"turns":7.0},{"damage":29.0,"enemies":"Chosen","floor":18.0,"turns":6.0},{"damage":0.0,"enemies":"Spheric Guardian","floor":24.0,"turns":3.0},{"damage":6.0,"enemies":"Cultist and Chosen","floor":27.0,"turns":6.0},{"damage":13,"enemies":"Centurion and Healer","floor":30,"turns":4},{"damage":12,"enemies":"Shelled Parasite and Fungi","floor":31,"turns":4},{"damage":68,"enemies":"Champ","floor":33,"turns":11}],"seed_played":"-6481020396432584369","potions_obtained":[{"floor":1.0,"key":"Weak Potion"},{"floor":3.0,"key":"DuplicationPotion"},{"floor":8.0,"key":"BlessingOfTheForge"},{"floor":11.0,"key":"SpeedPotion"}],"is_trial":false,"path_per_floor":["M","M","M","?","?","E","R","M","T","M","M","E","M","?","R","B",null,"M","$","?","?","$","R","M","R","T","M","?","R","M","M","R","B"],"character_chosen":"WATCHER","items_purchased":["Frozen Egg 2","Bottled Tornado"],"campfire_rested":3,"item_purchase_floors":[19,22],"current_hp_per_floor":[67,62,58,64,64,62,62,62,62,54,54,48,39,39,64,48,85,56,56,40,40,40,65,65,65,65,59,59,84,71,59,59,0,0],"gold":119,"neow_bonus":"RANDOM_COLORLESS","is_daily":false,"chose_seed":false,"campfire_upgraded":3,"win_rate":0.0,"timestamp":1608846733,"path_taken":["M","M","M","?","?","E","R","M","T","M","M","E","M","?","R","BOSS","M","$","?","?","$","R","M","R","T","?","?","R","M","M","R","BOSS"],"items_purchased_type":["Relic","Relic"],"build_version":"2020-12-22","purchased_purges":1,"victory":false,"max_hp_per_floor":[72,72,72,78,78,85,85,85,85,85,85,85,85,85,85,85,85,85,85,85,85,85,85,85,85,85,85,85,85,85,85,85,85,85],"card_choices":[{"not_picked":["Blind","Flash of Steel"],"picked":"Trip","floor":0.0},{"not_picked":["ClearTheMind","Evaluate"],"picked":"ReachHeaven","floor":1.0},{"not_picked":["JustLucky","EmptyBody"],"picked":"ThirdEye","floor":2.0},{"not_picked":["EmptyFist","SashWhip"],"picked":"Prostrate","floor":3.0},{"not_picked":["Evaluate","Protect"],"picked":"LessonLearned","floor":6.0},{"not_picked":["Consecrate","Weave"],"picked":"Protect","floor":8.0},{"not_picked":["Indignation","Worship"],"picked":"FlurryOfBlows","floor":10.0},{"not_picked":["CutThroughFate","Indignation"],"picked":"MasterReality","floor":11.0},{"not_picked":["SashWhip","EmptyFist","Consecrate"],"picked":"SKIP","floor":12.0},{"not_picked":["DeceiveReality","Prostrate"],"picked":"CutThroughFate","floor":13.0},{"not_picked":["DeusExMachina","ConjureBlade"],"picked":"Judgement","floor":16.0},{"not_picked":["EmptyFist","MentalFortress"],"picked":"FlyingSleeves","floor":18.0},{"not_picked":["InnerPeace","ClearTheMind+1"],"picked":"ForeignInfluence","floor":24.0},{"not_picked":["EmptyFist+1","Crescendo"],"picked":"Sanctity+1","floor":27.0},{"not_picked":["DeceiveReality","JustLucky"],"picked":"FlyingSleeves","floor":30},{"not_picked":["Meditate+1","Protect"],"picked":"PathToVictory+1","floor":31}],"player_experience":364889,"relics_obtained":[{"floor":6.0,"key":"Strawberry"},{"floor":9.0,"key":"Orichalcum"},{"floor":12.0,"key":"Nunchaku"},{"floor":26.0,"key":"Bottled Flame"}],"event_choices":[{"damage_healed":0.0,"max_hp_gain":0.0,"max_hp_loss":0.0,"gold_gain":0.0,"event_name":"betterThird:BetterSerpent","player_choice":"RENOUNCE","floor":4.0,"gold_loss":138.0,"damage_taken":138.0,"cards_obtained":["Enlightenment"]},{"damage_healed":0.0,"max_hp_gain":0.0,"max_hp_loss":0.0,"gold_gain":0.0,"event_name":"Living Wall","player_choice":"Grow","floor":5.0,"gold_loss":0.0,"damage_taken":0.0,"cards_upgraded":["Eruption"]},{"damage_healed":0.0,"max_hp_gain":0.0,"max_hp_loss":0.0,"gold_gain":71.0,"event_name":"Golden Wing","player_choice":"Gained Gold","floor":14.0,"gold_loss":0.0,"damage_taken":0.0},{"damage_healed":0.0,"max_hp_gain":0.0,"max_hp_loss":0.0,"gold_gain":0.0,"event_name":"Cursed Tome","player_choice":"Obtained Book","floor":20.0,"gold_loss":0.0,"damage_taken":16.0},{"cards_removed":["FlurryOfBlows"],"damage_healed":0.0,"max_hp_gain":0.0,"max_hp_loss":0.0,"gold_gain":0.0,"event_name":"WeMeetAgain","player_choice":"Gave Card","floor":21.0,"gold_loss":0.0,"damage_taken":0.0,"relics_obtained":["Old Coin"]},{"damage_healed":0.0,"max_hp_gain":0.0,"max_hp_loss":0.0,"gold_gain":0.0,"event_name":"Drug Dealer","player_choice":"Inject Mutagens","floor":28.0,"gold_loss":0.0,"damage_taken":0.0,"relics_obtained":["MutagenicStrength"]}],"is_beta":false,"boss_relics":[{"not_picked":["SlaversCollar","Runic Dome"],"picked":"Sozu"}],"items_purged_floors":[19],"is_endless":false,"potions_floor_spawned":[1,3,8,11,24,30],"killed_by":"Champ","ascension_level":2}}