{"host":"2461dio7vetlq1z3","time":1608778496,"event":{"mods":["2.2 Compatiblity","AchievementEnabler","Aspiration","BaseMod","Better Third Choice","Hermit","Marisa????????","Minty Spire (QoL Compilation)","Relic Stats","Spicy Shops","StSLib","The Runesmith","Waifu the Spire"],"gold_per_floor":[117,129,148,167,41,67,67,100,123,123,123,123,135,163,163,163,163],"floor_reached":16,"playtime":3037,"items_purged":["Strike_B"],"score":234,"play_id":"7a8af44c-f50d-4a61-9cbb-c52f3bf0d0d2","local_time":"20201224035456","is_ascension_mode":true,"campfire_choices":[{"floor":7,"key":"REST"},{"floor":12,"key":"REST"},{"floor":15,"key":"REST"}],"circlet_count":0,"master_deck":["AscendersBane","Strike_B","Strike_B","Strike_B","Defend_B","Defend_B","Defend_B","Defend_B","Zap","Dualcast","Sweeping Beam","Doom and Gloom","Sunder","Genetic Algorithm","Capacitor","Redo","Loop","Barrage","Ball Lightning"],"relics":["Cracked Core","Tiny Chest","Centennial Puzzle","Bag of Marbles","White Beast Statue"],"acts_visited":["Exordium"],"potions_floor_usage":[6,14,14],"damage_taken":[{"damage":7,"enemies":"Jaw Worm","floor":1,"turns":3},{"damage":3,"enemies":"2 Louse","floor":2,"turns":2},{"damage":2,"enemies":"Cultist","floor":3,"turns":4},{"damage":1,"enemies":"2 Fungi Beasts","floor":4,"turns":2},{"damage":32,"enemies":"Gremlin Nob","floor":6,"turns":4},{"damage":25,"enemies":"Lagavulin","floor":8,"turns":7},{"damage":9,"enemies":"Lots of Slimes","floor":13,"turns":2},{"damage":10,"enemies":"3 Sentries","floor":14,"turns":6},{"damage":40,"enemies":"The Guardian","floor":16,"turns":8}],"seed_played":"1265697546149029047","potions_obtained":[{"floor":1,"key":"Ancient Potion"},{"floor":4,"key":"AttackPotion"},{"floor":13,"key":"SpeedPotion"}],"is_trial":false,"path_per_floor":["M","M","M","M","$","E","R","E","T","?","?","R","M","E","R","B"],"character_chosen":"DEFECT","items_purchased":["Capacitor"],"campfire_rested":3,"item_purchase_floors":[5],"current_hp_per_floor":[64,61,59,58,58,26,49,24,24,6,10,33,24,14,37,0,0],"gold":163,"neow_bonus":"TEN_PERCENT_HP_BONUS","is_daily":false,"chose_seed":false,"campfire_upgraded":0,"win_rate":0.0,"timestamp":1608778496,"path_taken":["M","M","M","M","$","E","R","E","T","?","?","R","M","E","R","BOSS"],"items_purchased_type":["Card"],"build_version":"2020-12-22","purchased_purges":1,"victory":false,"max_hp_per_floor":[78,78,78,78,78,78,78,78,78,78,78,78,78,78,78,78,78],"relic_stats":{"Centennial Puzzle":[9],"counters":[9,38],"Tiny Chest":0,"obtain_stats":[{"Centennial Puzzle":8,"Tiny Chest":6,"Bag of Marbles":9,"Cracked Core":0,"White Beast Statue":14},{"Centennial Puzzle":6,"Tiny Chest":5,"Bag of Marbles":6,"Cracked Core":0,"White Beast Statue":8},{"Centennial Puzzle":22,"Tiny Chest":15,"Bag of Marbles":22,"Cracked Core":0,"White Beast Statue":30}]},"card_choices":[{"not_picked":["Aggregate","Leap"],"picked":"Sweeping Beam","floor":1},{"not_picked":["Leap","Recycle"],"picked":"Doom and Gloom","floor":2},{"not_picked":["Conserve Battery","Darkness"],"picked":"Sunder","floor":3},{"not_picked":["Hello World","Leap"],"picked":"Genetic Algorithm","floor":4},{"not_picked":["Turbo","Heatsinks"],"picked":"Redo","floor":6},{"not_picked":["Stack","Meteor Strike"],"picked":"Loop","floor":8},{"not_picked":["Go for the Eyes","Conserve Battery"],"picked":"Barrage","floor":13},{"not_picked":["Tempest","Hologram"],"picked":"Ball Lightning","floor":14}],"player_experience":983956,"relics_obtained":[{"floor":6,"key":"Tiny Chest"},{"floor":8,"key":"Centennial Puzzle"},{"floor":9,"key":"Bag of Marbles"},{"floor":14,"key":"White Beast Statue"}],"event_choices":[{"damage_healed":0,"gold_gain":0,"player_choice":"LEAVE","damage_taken":18,"max_hp_gain":0,"max_hp_loss":0,"event_name":"betterThird:BetterScrap","floor":10,"gold_loss":0,"cards_obtained":["Terror"]}],"is_beta":false,"boss_relics":[],"items_purged_floors":[5],"is_endless":false,"potions_floor_spawned":[1,4,13],"killed_by":"The Guardian","ascension_level":19}}