{"host":"j019w4cyowrad0mf","time":1608843129,"event":{"mods":["2.2 Compatiblity","BaseMod","CapriCore","HololiveMod","Minty Spire (QoL Compilation)","StSLib","Waifu the Spire","WarShipGirlsR/????R mod"],"gold_per_floor":[118,137,37,37,52,87,17,50,50,85,85,85,85,99,99,201,201,212,212,222,39,39,39,51,1,1,13,13,23,23,23,23,139,139,150,150,150],"floor_reached":36,"playtime":3121,"items_purged":[],"score":480,"play_id":"8a7a019b-b74a-477d-83ea-5874e33fc1b5","local_time":"20201224125209","is_ascension_mode":false,"campfire_choices":[{"data":"rmod:diamondstrike","floor":11.0,"key":"SMITH"},{"data":"rmod:mineteam","floor":13.0,"key":"SMITH"},{"floor":15.0,"key":"REST"},{"data":"Magnetism","floor":23,"key":"SMITH"},{"data":"rmod:chargemoney","floor":28,"key":"SMITH"},{"data":"rmod:fuelsupply","floor":30,"key":"SMITH"},{"data":"rmod:fuelsupply","floor":32,"key":"SMITH"}],"circlet_count":0,"master_deck":["rmod:strick+1","rmod:strick+1","rmod:defend+1","rmod:defend+1","rmod:defend+1","rmod:defend+1","rmod:basicallowance","rmod:maingunfire","Impatience","rmod:steelsupply","rmod:diamondstrike+1","rmod:goodsister","rmod:intelligenceanalysis","rmod:firesupport","rmod:heivgo","rmod:mineteam+1","rmod:diaomin","rmod:openingtorpedo","rmod:chargemoney+1","rmod:smokecover","rmod:expeditionaryescort+1","rmod:steelsupply","rmod:steelsupply+1","Magnetism+1","rmod:wife+1","rmod:steelsupply","rmod:fuelsupply+1","rmod:ammunitionsupply","rmod:abidefaith","rmod:tearstotiara+1","rmod:fuelsupply+1","rmod:secretscript","rmod:goodfighter+1","rmod:diamondstrike+1"],"relics":["rmod:firstchargereward","Nunchaku","Prayer Wheel","Eternal Feather","Ornamental Fan","SlaversCollar","Philosopher\u0027s Stone"],"acts_visited":["Exordium","TheCity","TheBeyond"],"potions_floor_usage":[29],"damage_taken":[{"damage":0.0,"enemies":"Cultist","floor":1.0,"turns":3.0},{"damage":2.0,"enemies":"Small Slimes","floor":2.0,"turns":4.0},{"damage":0.0,"enemies":"2 Louse","floor":5.0,"turns":2.0},{"damage":51.0,"enemies":"Gremlin Nob","floor":6.0,"turns":6.0},{"damage":13.0,"enemies":"Lagavulin","floor":8.0,"turns":7.0},{"damage":12.0,"enemies":"Gremlin Nob","floor":10.0,"turns":3.0},{"damage":12.0,"enemies":"Exordium Thugs","floor":14.0,"turns":6.0},{"damage":6.0,"enemies":"The Guardian","floor":16.0,"turns":11.0},{"damage":20.0,"enemies":"Spheric Guardian","floor":18.0,"turns":5.0},{"damage":0,"enemies":"Shell Parasite","floor":20,"turns":8},{"damage":30,"enemies":"Chosen and Byrds","floor":24,"turns":10},{"damage":3,"enemies":"Centurion and Healer","floor":27,"turns":8},{"damage":17,"enemies":"Snake Plant","floor":29,"turns":6},{"damage":0,"enemies":"Champ","floor":33,"turns":9},{"damage":38,"enemies":"3 Shapes","floor":35,"turns":5},{"damage":28,"enemies":"2 Orb Walkers","floor":36,"turns":4}],"seed_played":"2000415828582587092","potions_obtained":[{"floor":1.0,"key":"AttackPotion"},{"floor":5.0,"key":"Fruit Juice"},{"floor":10.0,"key":"Energy Potion"},{"floor":14.0,"key":"BlessingOfTheForge"},{"floor":18.0,"key":"DuplicationPotion"},{"floor":29,"key":"Dexterity Potion"},{"floor":33,"key":"LiquidBronze"},{"floor":35,"key":"Block Potion"}],"is_trial":false,"path_per_floor":["M","M","$","?","M","E","$","E","T","E","R","?","R","M","R","B",null,"M","?","M","$","?","R","M","$","T","M","R","M","R","$","R","B",null,"M","?"],"character_chosen":"PRAEFECT","items_purchased":["rmod:goodsister","rmod:intelligenceanalysis","rmod:mineteam","Magnetism","rmod:fuelsupply"],"campfire_rested":1,"item_purchase_floors":[3,3,7,21,25],"current_hp_per_floor":[75,73,73,73,78,27,27,14,14,2,11,11,20,8,44,38,80,60,60,60,60,60,72,42,42,42,39,54,37,55,55,73,73,80,42,14,14],"gold":150,"neow_bonus":"RANDOM_COLORLESS","is_daily":false,"chose_seed":false,"campfire_upgraded":6,"win_rate":0.0,"timestamp":1608843129,"path_taken":["M","M","$","?","M","E","?","E","T","E","R","?","R","?","R","BOSS","M","?","M","$","?","R","?","$","T","M","R","?","R","?","R","BOSS","M","?"],"items_purchased_type":["Card","Card","Card","Card","Card"],"build_version":"2020-12-22","purchased_purges":0,"victory":false,"max_hp_per_floor":[75,75,75,75,80,80,80,80,80,80,80,80,80,80,80,80,80,80,80,80,80,80,80,80,80,80,80,80,80,80,80,80,80,80,80,80,80],"card_choices":[{"not_picked":["Trip","Dark Shackles"],"picked":"Impatience","floor":0.0},{"not_picked":["rmod:royalracing","rmod:combined"],"picked":"rmod:steelsupply","floor":1.0},{"not_picked":["rmod:fletcherpendant","rmod:tearstotiara"],"picked":"rmod:diamondstrike","floor":2.0},{"not_picked":["rmod:wolves","rmod:aviationdawn"],"picked":"rmod:firesupport","floor":5.0},{"not_picked":["rmod:capitalist","rmod:supportescort"],"picked":"rmod:heivgo","floor":6.0},{"not_picked":["rmod:unsinkable","rmod:openingtorpedo"],"picked":"rmod:diaomin","floor":8.0},{"not_picked":["rmod:guardianhero","rmod:intelligenceanalysis"],"picked":"rmod:openingtorpedo","floor":10.0},{"not_picked":["rmod:firesupport","rmod:acesubmarine"],"picked":"rmod:chargemoney","floor":14.0},{"not_picked":["rmod:victimresponsibility","rmod:aviationdawn"],"picked":"rmod:smokecover","floor":14.0},{"not_picked":["rmod:stealaluminum","rmod:windflower"],"picked":"rmod:expeditionaryescort","floor":16.0},{"not_picked":["rmod:victimresponsibility","rmod:wife+1"],"picked":"rmod:steelsupply","floor":18.0},{"not_picked":["rmod:aggressivemary","rmod:rockthrower","rmod:capitalist"],"picked":"SKIP","floor":18.0},{"not_picked":["rmod:aviationdawn","rmod:royalracing"],"picked":"rmod:steelsupply+1","floor":20},{"not_picked":["rmod:rockthrower","rmod:intelligenceanalysis","rmod:aviationdawn+1"],"picked":"SKIP","floor":20},{"not_picked":["rmod:intelligenceanalysis","rmod:selfconfidence"],"picked":"rmod:wife+1","floor":24},{"not_picked":["rmod:diaomin+1","rmod:launchingtorpedo"],"picked":"rmod:steelsupply","floor":24},{"not_picked":["rmod:intelligenceanalysis+1","rmod:diamondstrike+1"],"picked":"rmod:ammunitionsupply","floor":27},{"not_picked":["rmod:royalracing","rmod:rockthrower"],"picked":"rmod:abidefaith","floor":27},{"not_picked":["rmod:unsinkable+1","rmod:shuttlebombing"],"picked":"rmod:tearstotiara+1","floor":29},{"not_picked":["rmod:steelsupply","rmod:combined"],"picked":"rmod:fuelsupply","floor":29},{"not_picked":["rmod:timeschanged","rmod:abidefaith"],"picked":"rmod:secretscript","floor":33},{"not_picked":["rmod:luckystar","rmod:supportescort+1"],"picked":"rmod:goodfighter+1","floor":35},{"not_picked":["rmod:heivgo+1","rmod:aviationdawn"],"picked":"rmod:diamondstrike+1","floor":35}],"player_experience":268560,"relics_obtained":[{"floor":6.0,"key":"Nunchaku"},{"floor":8.0,"key":"Prayer Wheel"},{"floor":9.0,"key":"Eternal Feather"},{"floor":10.0,"key":"Ornamental Fan"}],"event_choices":[{"cards_removed":["rmod:strick"],"damage_healed":0.0,"max_hp_gain":0.0,"max_hp_loss":0.0,"gold_gain":0.0,"event_name":"Purifier","player_choice":"Purged","floor":4.0,"gold_loss":0.0,"damage_taken":0.0},{"cards_removed":["rmod:strick"],"damage_healed":0.0,"max_hp_gain":0.0,"max_hp_loss":0.0,"gold_gain":0.0,"event_name":"Purifier","player_choice":"Purged","floor":12.0,"gold_loss":0.0,"damage_taken":0.0},{"damage_healed":0.0,"max_hp_gain":0.0,"max_hp_loss":0.0,"gold_gain":0.0,"event_name":"Back to Basics","player_choice":"Simplicity","floor":19.0,"gold_loss":0.0,"damage_taken":0.0,"cards_upgraded":["rmod:strick","rmod:strick","rmod:defend","rmod:defend","rmod:defend","rmod:defend"]},{"damage_healed":0,"gold_gain":0,"player_choice":"Upgraded","damage_taken":0,"max_hp_gain":0,"max_hp_loss":0,"event_name":"Upgrade Shrine","floor":22,"gold_loss":0,"cards_upgraded":["rmod:expeditionaryescort"]},{"damage_healed":0,"gold_gain":0,"player_choice":"Fight","damage_taken":0,"max_hp_gain":0,"max_hp_loss":0,"event_name":"Mysterious Sphere","floor":36,"gold_loss":0}],"is_beta":false,"boss_relics":[{"not_picked":["Runic Pyramid","Hololive_Finger"],"picked":"SlaversCollar"},{"not_picked":["Snecko Eye","Fusion Hammer"],"picked":"Philosopher\u0027s Stone"}],"items_purged_floors":[],"is_endless":false,"potions_floor_spawned":[1,5,10,14,18,29,33,35],"killed_by":"2 Orb Walkers","ascension_level":0}}