{"host":"jpyc2kczef5p02oc","time":1608779427,"event":{"mods":["ATMod(阿瑾Mod)","BaseMod","Friendly Minions","Hubris","Marisa（F雨　魔理沙）","Minty Spire (QoL Compilation)","StSLib","Td1madao Mod","The Servant 0.9.4","【功能Mod】聪明的最终Boss"],"gold_per_floor":[109,184,202,222,222,255,405,421,421,421,421],"floor_reached":10,"playtime":467,"items_purged":[],"score":129,"play_id":"607c7345-67e3-4373-aba1-073fb535bd14","local_time":"20201224111027","is_ascension_mode":true,"campfire_choices":[],"circlet_count":0,"master_deck":["AscendersBane","Strike_R","Strike_R","Strike_R","Strike_R","Strike_R","Defend_R","Defend_R","Defend_R","Defend_R","Bash","Impervious","AT_DiedThrough","Twin Strike","Power Through","Headbutt","Doubt"],"relics":["Burning Blood","AT_ATBox","hubris:Icosahedron","Turnip","Shovel"],"acts_visited":["Exordium"],"potions_floor_usage":[6,6],"damage_taken":[{"damage":8,"enemies":"Small Slimes","floor":1,"turns":5},{"damage":8,"enemies":"2 Louse","floor":3,"turns":4},{"damage":7,"enemies":"Jaw Worm","floor":4,"turns":2},{"damage":20,"enemies":"3 Sentries","floor":6,"turns":7},{"damage":9,"enemies":"Red Slaver","floor":8,"turns":3},{"damage":37,"enemies":"Gremlin Nob","floor":10,"turns":3}],"seed_played":"7374648376992824866","potions_obtained":[{"floor":1,"key":"GamblersBrew"},{"floor":3,"key":"AttackPotion"}],"is_trial":false,"path_per_floor":["M","?","M","M","?","E","?","M","T","E"],"character_chosen":"IRONCLAD","items_purchased":[],"campfire_rested":0,"item_purchase_floors":[],"current_hp_per_floor":[66,55,53,52,52,38,38,35,35,0,0],"gold":421,"neow_bonus":"ONE_RANDOM_RARE_CARD","is_daily":false,"chose_seed":false,"campfire_upgraded":0,"win_rate":0.0,"timestamp":1608779427,"path_taken":["M","?","M","M","?","E","?","M","T","E"],"items_purchased_type":[],"build_version":"2020-12-22","purchased_purges":0,"victory":false,"max_hp_per_floor":[75,75,75,75,75,75,75,75,75,75,75],"card_choices":[{"not_picked":["Reckless Charge","Sword Boomerang"],"picked":"Twin Strike","floor":1},{"not_picked":["Second Wind","hubris:ReadiedAction"],"picked":"Power Through","floor":3},{"not_picked":["Reckless Charge","Warcry"],"picked":"Headbutt","floor":4},{"not_picked":["Combust","Thunderclap","Cleave"],"picked":"SKIP","floor":6},{"not_picked":["hubris:ReadiedAction","Twin Strike","Intimidate"],"picked":"SKIP","floor":8}],"player_experience":268668,"relics_obtained":[{"floor":6,"key":"Turnip"},{"floor":9,"key":"Shovel"}],"event_choices":[{"damage_healed":0,"gold_gain":75,"player_choice":"Gather Gold","damage_taken":11,"max_hp_gain":0,"max_hp_loss":0,"event_name":"World of Goop","floor":2,"gold_loss":0},{"damage_healed":0,"gold_gain":150,"player_choice":"AGREE","damage_taken":0,"max_hp_gain":0,"max_hp_loss":0,"event_name":"Liars Game","floor":7,"gold_loss":0,"cards_obtained":["Doubt"]}],"is_beta":false,"boss_relics":[],"items_purged_floors":[],"is_endless":false,"potions_floor_spawned":[1,3],"killed_by":"Gremlin Nob","ascension_level":18}}