{"host":"xko5sdb82mf02c09","time":1608840214,"event":{"mods":["AchievementEnabler","BaseMod","Colored Map","Minty Spire (QoL Compilation)","StSLib","everything is the same but u backflip on backflip"],"gold_per_floor":[118,118,118,293,318,359,359,378,378,378,414,364,383,408,408,538,538,554,404,404,404,404,431,431,431],"floor_reached":24,"playtime":997,"items_purged":[],"score":259,"play_id":"21c859b9-c60f-475f-9674-255ce7ee6d6d","local_time":"20201225050334","is_ascension_mode":true,"campfire_choices":[{"data":"Glacier","floor":7,"key":"SMITH"},{"data":"Hello World","floor":10,"key":"SMITH"},{"data":"Aggregate","floor":15,"key":"SMITH"}],"circlet_count":0,"master_deck":["Zap","Dualcast","Glacier+1","Hello World+1","Aggregate+1","Cold Snap","Coolheaded","Echo Form","Ball Lightning","Force Field","Machine Learning","Core Surge","Sweeping Beam","Chill","Double Energy","Ball Lightning","Buffer","Defragment"],"relics":["Cracked Core","NeowsBlessing","Bloody Idol","Blue Candle","Ancient Tea Set","Potion Belt","Pandora\u0027s Box","Pen Nib"],"acts_visited":["Exordium","TheCity"],"potions_floor_usage":[16,16],"damage_taken":[{"damage":0,"enemies":"2 Louse","floor":1,"turns":1},{"damage":0,"enemies":"Small Slimes","floor":5,"turns":1},{"damage":0,"enemies":"3 Sentries","floor":6,"turns":1},{"damage":3,"enemies":"Cultist","floor":8,"turns":3},{"damage":3,"enemies":"Lagavulin","floor":11,"turns":10},{"damage":8,"enemies":"Red Slaver","floor":13,"turns":5},{"damage":0,"enemies":"Large Slime","floor":14,"turns":5},{"damage":14,"enemies":"Slime Boss","floor":16,"turns":16},{"damage":10,"enemies":"Chosen","floor":18,"turns":4},{"damage":38,"enemies":"Gremlin Leader","floor":23,"turns":8},{"damage":13,"enemies":"3 Byrds","floor":24,"turns":2}],"seed_played":"310496777178382588","potions_obtained":[{"floor":1,"key":"SneckoOil"},{"floor":6,"key":"SteroidPotion"},{"floor":13,"key":"FocusPotion"},{"floor":14,"key":"LiquidBronze"}],"is_trial":false,"path_per_floor":["M","?","?","?","M","E","R","M","T","R","E","?","M","M","R","B",null,"M","$","?","?","?","E","M"],"character_chosen":"DEFECT","items_purchased":["Buffer"],"campfire_rested":0,"item_purchase_floors":[19],"current_hp_per_floor":[75,57,42,42,42,42,42,39,39,39,36,36,28,28,28,14,75,65,65,65,65,65,32,19,19],"gold":431,"neow_bonus":"THREE_ENEMY_KILL","is_daily":false,"chose_seed":false,"campfire_upgraded":3,"win_rate":0.0,"timestamp":1608840214,"path_taken":["M","?","?","?","M","E","R","M","T","R","E","?","M","M","R","BOSS","M","$","?","?","?","E","?"],"items_purchased_type":["Card"],"build_version":"2020-12-22","purchased_purges":0,"victory":false,"max_hp_per_floor":[75,75,75,75,75,75,75,75,75,75,75,75,75,75,75,75,75,75,75,75,75,75,75,75,75],"card_choices":[{"not_picked":["Loop","Barrage"],"picked":"Glacier","floor":1},{"not_picked":["Redo","Skim"],"picked":"Hello World","floor":5},{"not_picked":["Lockon","Genetic Algorithm","Redo"],"picked":"SKIP","floor":6},{"not_picked":["Streamline","Go for the Eyes"],"picked":"Aggregate","floor":8},{"not_picked":["Consume","Sweeping Beam"],"picked":"Cold Snap","floor":11},{"not_picked":["Conserve Battery","Lockon"],"picked":"Coolheaded","floor":13},{"not_picked":["Turbo","Compile Driver","Conserve Battery"],"picked":"SKIP","floor":14},{"not_picked":["Fission","Reboot"],"picked":"Echo Form","floor":16},{"not_picked":["Cold Snap","Gash"],"picked":"Ball Lightning","floor":18},{"not_picked":["Streamline","Hello World","Ball Lightning"],"picked":"SKIP","floor":23}],"player_experience":464696,"relics_obtained":[{"floor":6,"key":"Blue Candle"},{"floor":9,"key":"Ancient Tea Set"},{"floor":11,"key":"Potion Belt"},{"floor":23,"key":"Pen Nib"}],"event_choices":[{"damage_healed":0,"gold_gain":0,"player_choice":"Take Damage","damage_taken":18,"relics_obtained":["Golden Idol"],"max_hp_gain":0,"max_hp_loss":0,"event_name":"Golden Idol","floor":2,"gold_loss":0},{"damage_healed":0,"gold_gain":0,"player_choice":"Entered Light","damage_taken":15,"max_hp_gain":0,"max_hp_loss":0,"event_name":"Shining Light","floor":3,"gold_loss":0,"cards_upgraded":["Defend_B","Strike_B"]},{"damage_healed":0,"gold_gain":175,"player_choice":"AGREE","damage_taken":0,"max_hp_gain":0,"max_hp_loss":0,"event_name":"Liars Game","floor":4,"gold_loss":0,"cards_obtained":["Doubt"]},{"cards_removed":["Doubt"],"damage_healed":0,"gold_gain":0,"player_choice":"Card Removal","damage_taken":0,"max_hp_gain":0,"max_hp_loss":0,"event_name":"The Cleric","floor":12,"gold_loss":50},{"damage_healed":0,"gold_gain":0,"player_choice":"Read","damage_taken":0,"max_hp_gain":0,"max_hp_loss":0,"event_name":"The Library","floor":20,"gold_loss":0,"cards_obtained":["Defragment"]},{"damage_healed":0,"gold_gain":0,"player_choice":"Gave Idol","damage_taken":0,"relics_obtained":["Bloody Idol"],"max_hp_gain":0,"max_hp_loss":0,"event_name":"Forgotten Altar","floor":21,"relics_lost":["Golden Idol"],"gold_loss":0},{"cards_removed":["Scrape"],"damage_healed":0,"gold_gain":0,"player_choice":"Purged","damage_taken":0,"max_hp_gain":0,"max_hp_loss":0,"event_name":"Purifier","floor":22,"gold_loss":0}],"is_beta":false,"boss_relics":[{"not_picked":["Philosopher\u0027s Stone","Ectoplasm"],"picked":"Pandora\u0027s Box"}],"items_purged_floors":[],"is_endless":false,"potions_floor_spawned":[1,6,13,14],"killed_by":"3 Byrds","ascension_level":1}}