{"host":"15ff3ltgpietarej","time":1608795621,"event":{"mods":["BaseMod","Downfall","Highlight Path","Minty Spire (QoL Compilation)","StSLib"],"gold_per_floor":[109,109,284,284,61,75,75,92,92,110,185,219,233,248,248,349,349,364,289,289,135,135,135,135],"floor_reached":23,"playtime":750,"items_purged":["Doubt"],"score":300,"play_id":"bc079057-8c0c-4761-b44f-4c1c7ea72f92","local_time":"20201224084021","is_ascension_mode":true,"campfire_choices":[{"data":"Loop","floor":7,"key":"SMITH"},{"floor":15,"key":"REST"}],"circlet_count":0,"master_deck":["Strike_B","Strike_B","Strike_B","Defend_B","Defend_B","Defend_B","Defend_B","Zap","Dualcast","BootSequence","Loop+1","Loop","Loop","Doom and Gloom","Redo","Creative AI","Leap"],"relics":["Velvet Choker","CaptainsWheel","Ice Cream","Runic Capacitor","Kunai","Letter Opener","Nuclear Battery","MutagenicStrength","Oddly Smooth Stone"],"acts_visited":["Exordium","TheCity"],"potions_floor_usage":[8,14,16,16],"damage_taken":[{"damage":1,"enemies":"Small Slimes","floor":1,"turns":4},{"damage":0,"enemies":"Jaw Worm","floor":6,"turns":3},{"damage":0,"enemies":"2 Louse","floor":8,"turns":4},{"damage":8,"enemies":"Blue Slaver","floor":10,"turns":4},{"damage":18,"enemies":"3 Sentries","floor":12,"turns":7},{"damage":0,"enemies":"Large Slime","floor":13,"turns":5},{"damage":11,"enemies":"Looter","floor":14,"turns":4},{"damage":25,"enemies":"Hexaghost","floor":16,"turns":8},{"damage":21,"enemies":"Shell Parasite","floor":18,"turns":4},{"damage":49,"enemies":"Gremlin Leader","floor":23,"turns":7}],"seed_played":"3044021432685703433","potions_obtained":[{"floor":1,"key":"hexamod:EctoCoolerPotion"},{"floor":12,"key":"Ancient Potion"},{"floor":13,"key":"DuplicationPotion"},{"floor":14,"key":"FearPotion"}],"is_trial":false,"path_per_floor":["M","?","?","T","$","M","R","M","T","M","?","E","M","M","R","B",null,"M","?","?","$","?","E"],"character_chosen":"DEFECT","items_purchased":["Runic Capacitor","Oddly Smooth Stone"],"campfire_rested":1,"item_purchase_floors":[5,21],"current_hp_per_floor":[67,55,55,55,55,55,55,55,55,47,36,18,18,7,29,4,57,36,36,36,36,36,0,0],"gold":135,"neow_bonus":"BOSS_RELIC","is_daily":false,"chose_seed":false,"campfire_upgraded":1,"win_rate":0.0,"timestamp":1608795621,"path_taken":["M","?","?","?","$","M","R","M","T","?","?","E","M","M","R","BOSS","M","?","?","$","?","E"],"items_purchased_type":["Relic","Relic"],"build_version":"2020-12-22","purchased_purges":1,"victory":false,"max_hp_per_floor":[75,75,75,75,75,75,75,75,75,75,75,75,75,75,75,75,75,75,75,75,75,75,75,75],"card_choices":[{"not_picked":["Streamline","Steam"],"picked":"BootSequence","floor":1},{"not_picked":["Cold Snap","Stack"],"picked":"Loop","floor":6},{"not_picked":["Streamline","Hologram"],"picked":"Loop","floor":8},{"not_picked":["Conserve Battery","Turbo","Ball Lightning"],"picked":"SKIP","floor":10},{"not_picked":["Gash","Storm"],"picked":"Loop","floor":12},{"not_picked":["Hologram","Genetic Algorithm"],"picked":"Doom and Gloom","floor":13},{"not_picked":["Sweeping Beam","Stack"],"picked":"Redo","floor":14},{"not_picked":["Reboot","All For One"],"picked":"Creative AI","floor":16},{"not_picked":["Genetic Algorithm","Melter"],"picked":"Leap","floor":18}],"player_experience":407958,"relics_obtained":[{"floor":4,"key":"Ice Cream"},{"floor":9,"key":"Kunai"},{"floor":12,"key":"Letter Opener"}],"event_choices":[{"damage_healed":0,"gold_gain":0,"player_choice":"Success","damage_taken":12,"relics_obtained":["CaptainsWheel"],"max_hp_gain":0,"max_hp_loss":0,"event_name":"Scrap Ooze","floor":2,"gold_loss":0},{"damage_healed":0,"gold_gain":175,"player_choice":"AGREE","damage_taken":0,"max_hp_gain":0,"max_hp_loss":0,"event_name":"Liars Game","floor":3,"gold_loss":0,"cards_obtained":["Doubt"]},{"damage_healed":0,"gold_gain":75,"player_choice":"Gather Gold","damage_taken":11,"max_hp_gain":0,"max_hp_loss":0,"event_name":"World of Goop","floor":11,"gold_loss":0},{"cards_removed":["Strike_B"],"damage_healed":0,"gold_gain":0,"player_choice":"Gave Gold","damage_taken":0,"max_hp_gain":0,"max_hp_loss":0,"event_name":"Beggar","floor":19,"gold_loss":75},{"damage_healed":0,"gold_gain":0,"player_choice":"Inject Mutagens","damage_taken":0,"relics_obtained":["MutagenicStrength"],"max_hp_gain":0,"max_hp_loss":0,"event_name":"Drug Dealer","floor":20,"gold_loss":0},{"damage_healed":0,"gold_gain":0,"player_choice":"Ignored","damage_taken":0,"max_hp_gain":0,"max_hp_loss":0,"event_name":"Ghosts","floor":22,"gold_loss":0}],"is_beta":false,"boss_relics":[{"not_picked":["Inserter","Coffee Dripper"],"picked":"Nuclear Battery"}],"items_purged_floors":[5],"is_endless":false,"potions_floor_spawned":[1,12,13,14],"killed_by":"Gremlin Leader","ascension_level":8}}