{"host":"x8sop9v6zw8yitbt","time":1608847843,"event":{"mods":["BaseMod","Block Reminder","Colored Powertips","DeckTracker","Minty Spire (QoL Compilation)","Permanent Neow","Quick Restart","Relic Stats","Slay-I","StSLib"],"gold_per_floor":[110,125,125,125,125,160,160,191,215,234,269,219,254,5,5,136,136,136,136,23,23,0,0,0,0,0],"floor_reached":25,"playtime":630,"items_purged":["Defend_R"],"score":282,"play_id":"2e05de6b-dd80-468e-8ca4-9bcab6a86618","local_time":"20201224171043","is_ascension_mode":true,"campfire_choices":[{"data":"Iron Wave","floor":7.0,"key":"SMITH"},{"data":"Juggernaut","floor":15,"key":"SMITH"},{"data":"Juggernaut","floor":23,"key":"SMITH"}],"circlet_count":0,"master_deck":["Strike_R","Strike_R","Strike_R+1","Strike_R+1","Defend_R","Defend_R","Defend_R","Bash","Iron Wave+1","Iron Wave+1","Juggernaut+1","Juggernaut+1","Shrug It Off","Juggernaut"],"relics":["Burning Blood","Golden Idol","Juzu Bracelet","Singing Bowl","Whetstone","Potion Belt","DollysMirror","Ectoplasm","The Courier","Charon\u0027s Ashes","Ornamental Fan"],"acts_visited":["Exordium","TheCity"],"potions_floor_usage":[18,22,22,24],"damage_taken":[{"damage":6.0,"enemies":"Cultist","floor":1.0,"turns":3.0},{"damage":2.0,"enemies":"Small Slimes","floor":2.0,"turns":4.0},{"damage":26.0,"enemies":"3 Sentries","floor":6.0,"turns":12.0},{"damage":11.0,"enemies":"Gremlin Nob","floor":8.0,"turns":4.0},{"damage":2,"enemies":"2 Louse","floor":10,"turns":3},{"damage":14,"enemies":"3 Sentries","floor":11,"turns":7},{"damage":35,"enemies":"Gremlin Nob","floor":13,"turns":5},{"damage":9,"enemies":"Hexaghost","floor":16,"turns":9},{"damage":0,"enemies":"3 Byrds","floor":18,"turns":4},{"damage":13,"enemies":"2 Thieves","floor":22,"turns":3},{"damage":36,"enemies":"Gremlin Leader","floor":24,"turns":6},{"damage":0,"enemies":"Centurion and Healer","floor":25,"turns":2}],"seed_played":"-1284917890971705957","potions_obtained":[{"floor":2.0,"key":"FearPotion"},{"floor":6.0,"key":"Energy Potion"},{"floor":13,"key":"Fruit Juice"},{"floor":16,"key":"LiquidMemories"},{"floor":19,"key":"Swift Potion"},{"floor":19,"key":"BloodPotion"},{"floor":19,"key":"AttackPotion"},{"floor":22,"key":"Fire Potion"}],"is_trial":false,"path_per_floor":["M","M","?","?","?","E","R","E","T","M","E","?","E","$","R","B",null,"M","?","?","T","M","R","E","M"],"character_chosen":"IRONCLAD","items_purchased":["DollysMirror","Shrug It Off"],"campfire_rested":0,"item_purchase_floors":[14,14],"current_hp_per_floor":[80,80,74,79,79,59,59,54,54,60,54,54,27,27,27,24,85,87,87,87,87,87,87,77,77,77],"gold":0,"neow_bonus":"THREE_CARDS","is_daily":false,"chose_seed":false,"campfire_upgraded":3,"win_rate":0.0,"timestamp":1608847843,"path_taken":["M","M","?","?","?","E","R","E","T","M","E","?","E","$","R","BOSS","M","?","?","?","M","R","E","M"],"items_purchased_type":["Relic","Card"],"build_version":"2020-12-22","purchased_purges":1,"victory":false,"max_hp_per_floor":[80,80,74,79,79,79,79,79,79,81,83,83,85,85,85,85,85,87,87,87,87,94,94,96,96,96],"relic_stats":{"Singing Bowl":12,"counters":[12,62],"Golden Idol":77,"Ornamental Fan":[4],"Ectoplasm":94,"Charon\u0027s Ashes":[0],"Juzu Bracelet":1,"Whetstone":["Strike_R","Strike_R"],"obtain_stats":[{"Potion Belt":13,"Singing Bowl":8,"Golden Idol":3,"DollysMirror":14,"Ornamental Fan":24,"Ectoplasm":17,"The Courier":20,"Charon\u0027s Ashes":21,"Juzu Bracelet":6,"Whetstone":9,"Burning Blood":0},{"Potion Belt":7,"Singing Bowl":4,"Golden Idol":2,"DollysMirror":7,"Ornamental Fan":11,"Ectoplasm":8,"The Courier":9,"Charon\u0027s Ashes":9,"Juzu Bracelet":3,"Whetstone":4,"Burning Blood":0},{"Potion Belt":38,"Singing Bowl":23,"Golden Idol":7,"DollysMirror":38,"Ornamental Fan":60,"Ectoplasm":47,"The Courier":51,"Charon\u0027s Ashes":51,"Juzu Bracelet":19,"Whetstone":23,"Burning Blood":0}],"Burning Blood":56},"card_choices":[{"not_picked":["Carnage","Seeing Red"],"picked":"Iron Wave","floor":0.0},{"not_picked":["Heavy Blade","Fire Breathing"],"picked":"Iron Wave","floor":1.0},{"not_picked":["Headbutt","Sword Boomerang","Cleave"],"picked":"SKIP","floor":2.0},{"not_picked":["Clash","Heavy Blade","Whirlwind"],"picked":"SKIP","floor":6.0},{"not_picked":["Feel No Pain","Perfected Strike"],"picked":"Juggernaut","floor":8},{"not_picked":["True Grit","Armaments","Warcry"],"picked":"Singing Bowl","floor":10},{"not_picked":["Fire Breathing","Thunderclap","Anger"],"picked":"Singing Bowl","floor":11},{"not_picked":["Flex","Dropkick","Seeing Red"],"picked":"Singing Bowl","floor":13},{"not_picked":["Reaper","Bludgeon"],"picked":"Juggernaut","floor":16},{"not_picked":["Flex+1","Intimidate","Power Through"],"picked":"Singing Bowl","floor":18},{"not_picked":["Havoc+1","Second Wind","Twin Strike"],"picked":"Singing Bowl","floor":22},{"not_picked":["Hemokinesis","Clothesline","Seeing Red+1"],"picked":"Singing Bowl","floor":24}],"player_experience":875775,"relics_obtained":[{"floor":6.0,"key":"Juzu Bracelet"},{"floor":8,"key":"Singing Bowl"},{"floor":9,"key":"Whetstone"},{"floor":13,"key":"Potion Belt"},{"floor":21,"key":"Charon\u0027s Ashes"},{"floor":24,"key":"Ornamental Fan"}],"event_choices":[{"damage_healed":0.0,"max_hp_gain":0.0,"max_hp_loss":6.0,"gold_gain":0.0,"event_name":"Golden Idol","player_choice":"Lose Max HP","floor":3.0,"gold_loss":0.0,"damage_taken":0.0,"relics_obtained":["Golden Idol"]},{"damage_healed":0.0,"max_hp_gain":5.0,"max_hp_loss":0.0,"gold_gain":0.0,"event_name":"Big Fish","player_choice":"Donut","floor":4.0,"gold_loss":0.0,"damage_taken":0.0},{"damage_healed":0.0,"max_hp_gain":0.0,"max_hp_loss":0.0,"gold_gain":0.0,"event_name":"Living Wall","player_choice":"Grow","floor":5.0,"gold_loss":0.0,"damage_taken":0.0,"cards_upgraded":["Iron Wave"]},{"cards_removed":["Strike_R"],"damage_healed":0,"gold_gain":0,"player_choice":"Card Removal","damage_taken":0,"max_hp_gain":0,"max_hp_loss":0,"event_name":"The Cleric","floor":12,"gold_loss":50},{"damage_healed":0,"gold_gain":0,"player_choice":"Got Potions","damage_taken":0,"max_hp_gain":0,"max_hp_loss":0,"event_name":"Lab","floor":19,"gold_loss":0},{"damage_healed":0,"gold_gain":0,"player_choice":"Paid Gold","damage_taken":0,"relics_obtained":["The Courier"],"max_hp_gain":0,"max_hp_loss":0,"event_name":"WeMeetAgain","floor":20,"gold_loss":113}],"is_beta":false,"boss_relics":[{"not_picked":["Black Star","Runic Pyramid"],"picked":"Ectoplasm"}],"items_purged_floors":[14],"is_endless":false,"potions_floor_spawned":[2,6,13,16,22],"killed_by":"Centurion and Healer","ascension_level":1}}