{"host":"q0v68qxgqt4jwmjg","time":1608847701,"event":{"mods":["Astrologer","BaseMod","CatGirl Mod","Chen","Colored Powertips","Friendly Minions","FutureSeer","Highlight Path","Infinite Spire","Kiyohime????","Koishi","Mad Scientist","Marisa????????","Mimic Mod","Minty Spire (QoL Compilation)","Onozuka Komachi Mod","Random Character Button","Remilia??????","Replay The Spire","StSLib","Td1madao Mod","The Administrix","The Animator","The Blackbeard","The Disciple","The Factory","The Forsaken","The Gatherer","The Judge","The Jungle","The Servant 0.9.4","Yohane!","Youmu??????","Yuri Mod","egg","slay the spire mod where everything is the same but ironclad has a cowboy hat","???mod?????"],"gold_per_floor":[116,136,136,155,155,180,48,100,150,187,187,187,224,256,256,374,374,378,378,378,416,416,461,506,526,526],"floor_reached":25,"playtime":2629,"items_purged":["yuri:yuriDefend"],"score":291,"play_id":"3d70167f-5ae6-42da-adbc-f391a79e5d71","local_time":"20201224170821","is_ascension_mode":true,"campfire_choices":[{"floor":12,"key":"REST"},{"floor":15,"key":"RECALL"}],"circlet_count":0,"master_deck":["yuri:yuriStrike","yuri:yuriStrike","yuri:yuriStrike","yuri:yuriStrike","yuri:yuriDefend","yuri:yuriDefend","yuri:yuriDefend","yuri:yuriDefend","yuri:Oolong","yuri:yuriStab","yuri:BookBlue","yuri:StealPen+1","yuri:InduceGlitch+1","yuri:MPose","yuri:InduceGlitch","yuri:DragonForm","yuri:yuriHeavyStrike+1","Pride","yuri:BookGreen"],"relics":["yuri:yuriKnife","NeowsBlessing","FaceOfCleric","Pet Ghost","infinitespire:Satchel","Cursed Key","Strawberry","GreatHeart","infinitespire:Beetle Shell","Red Mask"],"acts_visited":["Exordium","TheCity"],"potions_floor_usage":[8,8,16,16,21],"damage_taken":[{"damage":0,"enemies":"Small Slimes","floor":1,"turns":1},{"damage":0,"enemies":"Cultist","floor":2,"turns":1},{"damage":0,"enemies":"2 Louse","floor":4,"turns":1},{"damage":42,"enemies":"3 Sentries","floor":6,"turns":12},{"damage":25,"enemies":"Lagavulin","floor":8,"turns":7},{"damage":0,"enemies":"Gremlin Gang","floor":9,"turns":6},{"damage":19,"enemies":"Gremlin Gang","floor":10,"turns":5},{"damage":0,"enemies":"Blue Slaver","floor":13,"turns":5},{"damage":6,"enemies":"Exordium Thugs","floor":14,"turns":6},{"damage":40,"enemies":"Slime Boss","floor":16,"turns":14},{"damage":16,"enemies":"2 Thieves","floor":18,"turns":4},{"damage":9,"enemies":"Spheric Guardian","floor":21,"turns":5},{"damage":41,"enemies":"Slavers","floor":23,"turns":8},{"damage":36,"enemies":"Masked Bandits","floor":24,"turns":5},{"damage":19,"enemies":"Nightmare","floor":25,"turns":4}],"seed_played":"2875034402687222972","potions_obtained":[{"floor":1,"key":"Block Potion"},{"floor":2,"key":"EssenceOfSteel"},{"floor":8,"key":"PowerPotion"},{"floor":10,"key":"Flashbang"},{"floor":14,"key":"SpeedPotion"}],"is_trial":false,"path_per_floor":["M","M","?","M","?","E","$","E","MIM","M","?","R","M","M","R","B",null,"M","?","AVR","M","?","E","?","NM"],"character_chosen":"YURI","items_purchased":["yuri:BookBlue","yuri:StealPen+1"],"campfire_rested":1,"item_purchase_floors":[7,7],"current_hp_per_floor":[80,80,80,81,81,44,44,24,29,15,15,40,45,44,44,9,88,77,77,84,80,80,44,13,0,0],"gold":526,"neow_bonus":"THREE_ENEMY_KILL","is_daily":false,"chose_seed":false,"campfire_upgraded":0,"win_rate":0.0,"timestamp":1608847701,"path_taken":["M","M","?","?","?","E","$","E","MIM","M","?","R","M","M","R","BOSS","M","?","AVR","M","?","E","?","NM"],"items_purchased_type":["Card","Card"],"build_version":"2020-12-22","purchased_purges":1,"victory":false,"max_hp_per_floor":[80,80,80,81,81,82,82,83,84,85,85,85,86,87,87,88,88,89,89,96,97,97,98,99,99,99],"card_choices":[{"not_picked":["yuri:AdaptiveAI","yuri:Spin","yuri:Skip"],"picked":"SKIP","floor":1},{"not_picked":["yuri:DeepBreathing","yuri:Stare","yuri:Stalk"],"picked":"SKIP","floor":2},{"not_picked":["yuri:RecklessStrike","yuri:HeavierStrike","yuri:ThrowBook"],"picked":"SKIP","floor":4},{"not_picked":["yuri:DebugCard","yuri:SelfHarm","yuri:UnstableStrike"],"picked":"SKIP","floor":6},{"not_picked":["yuri:MPose","yuri:HeavierStrike"],"picked":"yuri:InduceGlitch","floor":8},{"not_picked":["yuri:RemoveSafetyChecks","yuri:DebugCard","yuri:ThornRemove"],"picked":"SKIP","floor":10},{"not_picked":["yuri:TPose","yuri:GlitchedStrike"],"picked":"yuri:MPose","floor":13},{"not_picked":["yuri:GlitchedStrike","yuri:InsanityDefense"],"picked":"yuri:InduceGlitch","floor":14},{"not_picked":["yuri:BlackTea","yuri:DuplicateCode"],"picked":"yuri:DragonForm","floor":16},{"not_picked":["yuri:DejaVu","yuri:RecklessStrike","yuri:ThrowBook+1"],"picked":"SKIP","floor":18},{"not_picked":["yuri:MPose","yuri:ThrowBook+1"],"picked":"yuri:yuriHeavyStrike+1","floor":21},{"not_picked":["yuri:BlackTea","yuri:ThrowingKnives"],"picked":"yuri:BookGreen","floor":23}],"player_experience":143271,"relics_obtained":[{"floor":6,"key":"Pet Ghost"},{"floor":8,"key":"infinitespire:Satchel"},{"floor":23,"key":"infinitespire:Beetle Shell"},{"floor":24,"key":"Red Mask"}],"event_choices":[{"damage_healed":0,"gold_gain":0,"player_choice":"Trade","damage_taken":0,"relics_obtained":["FaceOfCleric"],"max_hp_gain":0,"max_hp_loss":0,"event_name":"FaceTrader","floor":3,"gold_loss":0},{"cards_removed":["yuri:yuriStrike"],"damage_healed":0,"gold_gain":0,"player_choice":"Offered Basic","damage_taken":0,"max_hp_gain":0,"max_hp_loss":0,"event_name":"Bonfire Elementals","floor":5,"gold_loss":0},{"damage_healed":0,"gold_gain":0,"player_choice":"Forge","damage_taken":0,"max_hp_gain":0,"max_hp_loss":0,"event_name":"Accursed Blacksmith","floor":11,"gold_loss":0,"cards_upgraded":["yuri:InduceGlitch"]},{"damage_healed":0,"gold_gain":0,"player_choice":"Fought Bandits","damage_taken":0,"max_hp_gain":0,"max_hp_loss":0,"event_name":"Masked Bandits","floor":24,"gold_loss":0}],"is_beta":false,"boss_relics":[{"not_picked":["Coffee Dripper","Replay:Drink Me"],"picked":"Cursed Key"}],"items_purged_floors":[20],"is_endless":false,"potions_floor_spawned":[1,2,8,10,14],"killed_by":"Nightmare","ascension_level":3}}