{"host":"xu0zbcebhy6w9mdv","time":1608832431,"event":{"mods":["AchievementEnabler","Act Like it!","Aspiration","BaseMod","Better Match","Better Third Choice","BetterRewards","Colored Powertips","Downfall","Duelist Mod","Friendly Minions","Gensokyo","Hallownest","Hubris","Infinite Spire","Marisa????????","Minty Spire (QoL Compilation)","Potionbrewer","Quick Restart","READ ME - Guardian Mod","READ ME - Snecko Mod","Rare Cards Sparkle","Replay The Spire","Shop Mod","StSLib","The Animator","The Blackbeard","The Bug Knight","The Cursed","The Hierophant","The Necromancer","The Runesmith","The Servant 0.9.4"],"gold_per_floor":[145,145,68,68,86,118,133,133,133,133,133,133,163,183,183,285,285,295,315,515,535,581,581,304,304,304,316,316,326,326,326],"floor_reached":30,"playtime":5190,"items_purged":["theDuelist:AttackMetronome"],"score":566,"play_id":"5cb9987a-8579-4949-b7a5-efac7b404d44","local_time":"20201224125351","is_ascension_mode":true,"campfire_choices":[{"data":"theDuelist:UncommonAttackMetronome","floor":8,"key":"SMITH"},{"data":"theDuelist:UncommonAttackMetronome","floor":10,"key":"SMITH"},{"data":"theDuelist:Metronome","floor":15,"key":"SMITH"},{"floor":23,"key":"REST"}],"circlet_count":0,"master_deck":["theDuelist:AttackMetronome","theDuelist:AttackMetronome","theDuelist:AttackMetronome","theDuelist:BlockMetronome","theDuelist:BlockMetronome","theDuelist:BlockMetronome","theDuelist:Metronome+1","theDuelist:Metronome","theDuelist:PowerMetronome","theDuelist:SkillMetronome","theDuelist:SkillMetronome","theDuelist:TrapMetronome","theDuelist:UncommonAttackMetronome+1","theDuelist:UncommonAttackMetronome+1","theDuelist:AttackTrapMetronome","theDuelist:WormApocalypse","theDuelist:MillenniumShield","theDuelist:ArcaneSpellMetronome","theDuelist:SpellcasterMetronome+1","theDuelist:SpiderMetronome"],"relics":["theDuelist:MillenniumPuzzle","theDuelist:CardPoolRelic","theDuelist:CardPoolBasicRelic","theDuelist:BoosterPackPoolRelic","theDuelist:CardPoolAddRelic","theDuelist:CardPoolMinusRelic","theDuelist:CardPoolSaveRelic","theDuelist:CardPoolOptionsRelic","theDuelist:ShopToken","theDuelist:MerchantNecklace","theDuelist:MillenniumArmor","potionbrewer:DrinkingBird","hubris:PeanutButter","theDuelist:ArmorPlateA","theDuelist:SpellMaxHPRelic","Unceasing Top","aspiration:SecretTechniqueScroll","theDuelist:PointPass","hubris:DisguiseKit","hubris:Potato","infinitespire:CheckeredPen"],"acts_visited":["Exordium","TheCity"],"potions_floor_usage":[16,16,27,27,28,29,29,30,30],"damage_taken":[{"damage":0,"enemies":"Small Slimes","floor":1,"turns":1},{"damage":0,"enemies":"2 Louse","floor":5,"turns":2},{"damage":0,"enemies":"HollowMod:MossKnight","floor":6,"turns":5},{"damage":0,"enemies":"Jaw Worm","floor":7,"turns":2},{"damage":0,"enemies":"3 Sentries","floor":13,"turns":4},{"damage":0,"enemies":"Large Slime","floor":14,"turns":3},{"damage":6,"enemies":"Fading Forest","floor":16,"turns":11},{"damage":0,"enemies":"Spheric Guardian","floor":18,"turns":1},{"damage":0,"enemies":"Chosen","floor":19,"turns":3},{"damage":22,"enemies":"Shelled Parasite and Fungi","floor":21,"turns":5},{"damage":14,"enemies":"Chosen and Byrds","floor":27,"turns":5},{"damage":4,"enemies":"Snake Plant","floor":28,"turns":4},{"damage":2,"enemies":"Centurion and Healer","floor":29,"turns":5},{"damage":38,"enemies":"Shelled Parasite and Fungi","floor":30,"turns":6}],"seed_played":"-2856454975009447516","potions_obtained":[{"floor":6,"key":"theDuelist:SteelBrew"},{"floor":7,"key":"potionbrewer:AcidPotion"},{"floor":13,"key":"theDuelist:GiftPotion"}],"is_trial":false,"path_per_floor":["M","?","$","?","M","E","M","R","T","R","T","?","E","M","R","B",null,"M","M","AVR","M","?","R","$","?","T","M","M","M","M"],"character_chosen":"THE_DUELIST","items_purchased":["theDuelist:ShopToken","theDuelist:MerchantNecklace","theDuelist:UncommonAttackMetronome","hubris:Potato","theDuelist:MegaupgradePotion"],"campfire_rested":1,"item_purchase_floors":[0,0,3,24,24],"current_hp_per_floor":[72,66,66,66,66,68,68,68,68,68,68,68,68,68,68,71,76,77,78,78,57,25,49,49,54,54,40,36,35,0,0],"gold":326,"neow_bonus":"","is_daily":false,"chose_seed":false,"campfire_upgraded":3,"win_rate":0.0,"timestamp":1608832431,"path_taken":["M","?","$","?","M","E","M","R","T","R","?","?","E","M","R","BOSS","M","M","AVR","M","?","R","?","?","T","?","M","?","M"],"items_purchased_type":["Relic","Relic","Card","Relic","Potion"],"build_version":"2020-12-22","purchased_purges":1,"victory":false,"max_hp_per_floor":[80,80,80,80,80,80,78,78,78,78,78,78,76,74,74,77,77,78,79,79,80,80,80,80,80,80,80,80,81,81,81],"card_choices":[{"not_picked":["theDuelist:BattleOx","theDuelist:BigFire","theDuelist:DummyGolem","theDuelist:PowerWall","theDuelist:GaiaMidNightSun"],"picked":"SKIP","floor":1},{"not_picked":["theDuelist:RoseMetronome","theDuelist:RockMetronome","theDuelist:OverflowMetronome","theDuelist:MayakashiMetronome"],"picked":"theDuelist:AttackTrapMetronome","floor":5},{"not_picked":["theDuelist:BattleOx","theDuelist:WormWarlord","theDuelist:WeepingIdol","theDuelist:BigEye"],"picked":"theDuelist:WormApocalypse","floor":6},{"not_picked":["theDuelist:Sangan","theDuelist:WeepingIdol","theDuelist:BlueBloodedOni","theDuelist:AttackTheMoon","theDuelist:MagicalStone"],"picked":"SKIP","floor":7},{"not_picked":["theDuelist:EvilswarmHeliotrope","theDuelist:ClearKuriboh","theDuelist:ForbiddenLance","theDuelist:SolemnStrike","theDuelist:Raigeki"],"picked":"SKIP","floor":13},{"not_picked":["theDuelist:BigFire","theDuelist:GaiaMidNightSun","theDuelist:EarthEffigy","theDuelist:GreyGreedOni","theDuelist:BigKoala"],"picked":"SKIP","floor":14},{"not_picked":["theDuelist:MillenniumGolem","theDuelist:PowerWall","theDuelist:SolemnStrike","theDuelist:Solidarity"],"picked":"theDuelist:MillenniumShield","floor":16},{"not_picked":["theDuelist:RareNatureMetronome","theDuelist:MayakashiMetronome","theDuelist:MachineMonsterMetronome","theDuelist:GemKnightMetronome"],"picked":"theDuelist:ArcaneSpellMetronome","floor":18},{"not_picked":["theDuelist:GauntletWarrior","theDuelist:GraniteLoyalist+1","theDuelist:GiantSoldierSteel+1","theDuelist:EarthGiant+1"],"picked":"theDuelist:RedMedicine","floor":19},{"not_picked":["theDuelist:ThalassicMetronome","theDuelist:SuperheavyMetronome","theDuelist:NaturiaMetronome","theDuelist:BugMetronome"],"picked":"theDuelist:SpellcasterMetronome+1","floor":21},{"not_picked":["theDuelist:DestroyerGolem+1","theDuelist:FuryFire","theDuelist:WormWarlord+1","theDuelist:ForbiddenLance","theDuelist:WormKing"],"picked":"SKIP","floor":27},{"not_picked":["theDuelist:UncommonMetronome","theDuelist:TrapMetronome","theDuelist:TidalMetronome","theDuelist:RecklessMetronome"],"picked":"theDuelist:SpiderMetronome","floor":29}],"player_experience":485077,"relics_obtained":[{"floor":6,"key":"potionbrewer:DrinkingBird"},{"floor":9,"key":"hubris:PeanutButter"},{"floor":11,"key":"theDuelist:ArmorPlateA"},{"floor":13,"key":"Unceasing Top"},{"floor":22,"key":"hubris:DisguiseKit"},{"floor":26,"key":"infinitespire:CheckeredPen"}],"event_choices":[{"damage_healed":0,"gold_gain":0,"player_choice":"Dig - random Duelist relic","duelist":true,"damage_taken":0,"max_hp_gain":0,"max_hp_loss":0,"event_name":"Aknamkanon\u0027s Tomb","floor":2,"gold_loss":0},{"damage_healed":0,"gold_gain":0,"player_choice":"Leave","duelist":true,"damage_taken":0,"max_hp_gain":0,"max_hp_loss":0,"event_name":"Egyptian Village","floor":4,"gold_loss":0},{"cards_removed":["theDuelist:BlockMetronome"],"damage_healed":0,"gold_gain":0,"player_choice":"Gave Card","damage_taken":0,"relics_obtained":["theDuelist:SpellMaxHPRelic"],"max_hp_gain":0,"max_hp_loss":0,"event_name":"WeMeetAgain","floor":12,"gold_loss":0},{"cards_removed":["theDuelist:RedMedicine"],"damage_healed":5,"gold_gain":0,"player_choice":"Offered Common","damage_taken":0,"max_hp_gain":0,"max_hp_loss":0,"event_name":"Bonfire Elementals","floor":25,"gold_loss":0},{"cards_removed":["theDuelist:RedMedicine"],"damage_healed":5,"gold_gain":0,"player_choice":"Offered Special","damage_taken":0,"max_hp_gain":0,"max_hp_loss":0,"event_name":"Bonfire Elementals","floor":25,"gold_loss":0}],"is_beta":false,"boss_relics":[{"not_picked":["theDuelist:GamblerChip","Sozu"],"picked":"aspiration:SecretTechniqueScroll"}],"items_purged_floors":[24],"is_endless":false,"potions_floor_spawned":[6,7,13,18,19],"killed_by":"Shelled Parasite and Fungi","ascension_level":9}}