{"host":"k85tjwrh7mjrrc9a","time":1608849252,"event":{"mods":["AchievementEnabler","BaseMod","Colored Powertips","Highlight Path","Minty Spire (QoL Compilation)","Rare Cards Sparkle","StSLib"],"gold_per_floor":[119,119,130,130,145,145,180,193,193,193,50,61,61,71,71,174,174,188,208,138,149,149,149,149,162,162,62,62,73,73,88,88,193,193,210,39,39,49,66,66,66,95,95,95,95,95,106,125,125,125],"floor_reached":51,"playtime":4092,"items_purged":["Strike_G","Normality","Strike_G"],"score":629,"play_id":"d1b064a1-766f-4d39-bec2-b9a302ae12e9","local_time":"20201224173412","is_ascension_mode":false,"campfire_choices":[{"data":"Neutralize","floor":6,"key":"SMITH"},{"floor":13,"key":"REST"},{"floor":15,"key":"REST"},{"data":"Infinite Blades","floor":23,"key":"SMITH"},{"data":"Noxious Fumes","floor":28,"key":"SMITH"},{"floor":32,"key":"REST"},{"floor":40,"key":"REST"},{"floor":45,"key":"REST"},{"data":"Acrobatics","floor":49,"key":"SMITH"}],"circlet_count":0,"master_deck":["Strike_G","Strike_G","Defend_G","Defend_G","Defend_G","Defend_G","Defend_G","Survivor","Neutralize+1","Flying Knee","Deflect","Acrobatics+1","Dodge and Roll","Infinite Blades+1","Blur","Adrenaline","Flying Knee","Noxious Fumes+1","Flying Knee","Decay","Crippling Poison","Footwork","Acrobatics+1","Prepared","Deadly Poison+1","Envenom","Writhe","Madness","Madness","Apotheosis","Crippling Poison"],"relics":["Ring of the Snake","Snake Skull","Paper Crane","Bird Faced Urn","Cursed Key","Thread and Needle","SacredBark","Shovel","Ginger"],"acts_visited":["Exordium","TheCity","TheBeyond"],"potions_floor_usage":[33,42,42,47,47,48,50,50],"damage_taken":[{"damage":2,"enemies":"Jaw Worm","floor":1,"turns":5},{"damage":0,"enemies":"Small Slimes","floor":3,"turns":4},{"damage":0,"enemies":"2 Louse","floor":5,"turns":4},{"damage":43,"enemies":"Gremlin Nob","floor":7,"turns":6},{"damage":0,"enemies":"Blue Slaver","floor":8,"turns":6},{"damage":10,"enemies":"Large Slime","floor":12,"turns":9},{"damage":0,"enemies":"Looter","floor":14,"turns":4},{"damage":35,"enemies":"The Guardian","floor":16,"turns":22},{"damage":0,"enemies":"3 Byrds","floor":18,"turns":9},{"damage":13,"enemies":"Chosen","floor":19,"turns":8},{"damage":17,"enemies":"Snake Plant","floor":21,"turns":6},{"damage":18,"enemies":"Chosen and Byrds","floor":25,"turns":8},{"damage":5,"enemies":"3 Cultists","floor":29,"turns":6},{"damage":1,"enemies":"Snecko","floor":31,"turns":7},{"damage":18,"enemies":"Champ","floor":33,"turns":15},{"damage":28,"enemies":"3 Darklings","floor":35,"turns":10},{"damage":6,"enemies":"3 Shapes","floor":38,"turns":5},{"damage":22,"enemies":"Sphere and 2 Shapes","floor":39,"turns":6},{"damage":28,"enemies":"Giant Head","floor":42,"turns":10},{"damage":5,"enemies":"3 Darklings","floor":47,"turns":6},{"damage":6,"enemies":"Transient","floor":48,"turns":5},{"damage":19,"enemies":"Awakened One","floor":50,"turns":15}],"seed_played":"2213133580389970941","potions_obtained":[{"floor":1,"key":"EssenceOfSteel"},{"floor":14,"key":"GhostInAJar"},{"floor":16,"key":"SkillPotion"},{"floor":29,"key":"SpeedPotion"},{"floor":37,"key":"Energy Potion"},{"floor":37,"key":"EntropicBrew"},{"floor":38,"key":"LiquidBronze"},{"floor":48,"key":"Block Potion"}],"is_trial":false,"path_per_floor":["M","$","M","?","M","R","E","M","T","?","$","M","R","M","R","B",null,"M","M","$","M","?","R","?","M","T","$","R","M","?","M","R","B",null,"M","$","?","M","M","R","$","E","T","?","R","?","M","M","R","B",null],"character_chosen":"THE_SILENT","items_purchased":["Blur","Noxious Fumes","Prepared"],"campfire_rested":5,"item_purchase_floors":[11,20,36],"current_hp_per_floor":[68,68,68,61,61,61,18,18,18,18,18,10,31,33,54,21,70,70,57,57,44,44,44,44,30,30,30,30,29,29,34,55,43,70,46,46,46,46,30,51,51,29,29,20,41,41,44,50,50,39],"gold":125,"neow_bonus":"RANDOM_COMMON_RELIC","is_daily":false,"chose_seed":false,"campfire_upgraded":4,"win_rate":0.0,"timestamp":1608849252,"path_taken":["M","$","M","?","M","R","E","M","T","?","$","M","R","M","R","BOSS","M","M","$","M","?","R","?","M","T","$","R","M","?","M","R","BOSS","M","$","?","M","?","R","$","E","T","?","R","?","M","M","R","BOSS"],"items_purchased_type":["Card","Card","Card"],"build_version":"2020-12-22","purchased_purges":3,"victory":true,"max_hp_per_floor":[70,70,70,70,70,70,70,70,70,70,70,70,70,70,70,70,70,70,70,70,70,70,70,70,70,70,70,70,70,70,70,70,70,70,70,70,70,70,70,70,70,70,70,70,70,70,70,70,70,70],"card_choices":[{"not_picked":["Eviscerate","Dagger Throw"],"picked":"Flying Knee","floor":1},{"not_picked":["Leg Sweep","Prepared"],"picked":"Deflect","floor":3},{"not_picked":["Expertise","Choke"],"picked":"Acrobatics","floor":5},{"not_picked":["Skewer","PiercingWail"],"picked":"Dodge and Roll","floor":7},{"not_picked":["Acrobatics","Outmaneuver"],"picked":"Infinite Blades","floor":8},{"not_picked":["Terror","Quick Slash","Poisoned Stab"],"picked":"SKIP","floor":12},{"not_picked":["Reflex","Blade Dance","Masterful Stab"],"picked":"SKIP","floor":14},{"not_picked":["Phantasmal Killer","Doppelganger"],"picked":"Adrenaline","floor":16},{"not_picked":["Bouncing Flask","Caltrops","PiercingWail"],"picked":"SKIP","floor":18},{"not_picked":["Slice+1","Outmaneuver"],"picked":"Flying Knee","floor":19},{"not_picked":["Masterful Stab","Dagger Throw+1"],"picked":"Flying Knee","floor":21},{"not_picked":["Terror+1","Predator+1"],"picked":"Crippling Poison","floor":25},{"not_picked":["Skewer","Sucker Punch","Slice"],"picked":"SKIP","floor":29},{"not_picked":["Deadly Poison","Tactician","Poisoned Stab"],"picked":"SKIP","floor":31},{"not_picked":["Deflect+1","Deadly Poison+1"],"picked":"Acrobatics+1","floor":35},{"not_picked":["Dodge and Roll+1","Blade Dance","Poisoned Stab"],"picked":"SKIP","floor":38},{"not_picked":["Blade Dance","Predator"],"picked":"Deadly Poison+1","floor":39},{"not_picked":["Deadly Poison+1","Noxious Fumes+1"],"picked":"Envenom","floor":42},{"not_picked":["Transmutation","Jack Of All Trades"],"picked":"Apotheosis","floor":46},{"not_picked":["Noxious Fumes+1","Acrobatics"],"picked":"Crippling Poison","floor":47},{"not_picked":["Dagger Throw+1","Poisoned Stab+1","Masterful Stab"],"picked":"SKIP","floor":48}],"player_experience":43009,"relics_obtained":[{"floor":7,"key":"Paper Crane"},{"floor":9,"key":"Bird Faced Urn"},{"floor":26,"key":"Thread and Needle"},{"floor":42,"key":"Shovel"},{"floor":43,"key":"Ginger"}],"event_choices":[{"cards_removed":["Strike_G"],"damage_healed":0,"gold_gain":0,"player_choice":"Card Removal","damage_taken":7,"max_hp_gain":0,"max_hp_loss":0,"event_name":"Golden Wing","floor":4,"gold_loss":0},{"damage_healed":0,"gold_gain":0,"player_choice":"Ignored","damage_taken":0,"max_hp_gain":0,"max_hp_loss":0,"event_name":"Shining Light","floor":10,"gold_loss":0},{"damage_healed":0,"gold_gain":0,"player_choice":"Smashed Altar","damage_taken":0,"max_hp_gain":0,"max_hp_loss":0,"event_name":"Forgotten Altar","floor":22,"gold_loss":0,"cards_obtained":["Decay"]},{"damage_healed":0,"gold_gain":0,"player_choice":"Read","damage_taken":0,"max_hp_gain":0,"max_hp_loss":0,"event_name":"The Library","floor":30,"gold_loss":0,"cards_obtained":["Footwork"]},{"damage_healed":0,"gold_gain":0,"player_choice":"Got Potions","damage_taken":0,"max_hp_gain":0,"max_hp_loss":0,"event_name":"Lab","floor":37,"gold_loss":0},{"damage_healed":0,"gold_gain":0,"player_choice":"Embrace Madness","damage_taken":9,"max_hp_gain":0,"max_hp_loss":0,"event_name":"Winding Halls","floor":44,"gold_loss":0,"cards_obtained":["Madness","Madness"]},{"damage_healed":0,"gold_gain":0,"player_choice":"Memory 1","damage_taken":0,"max_hp_gain":0,"max_hp_loss":0,"event_name":"SensoryStone","floor":46,"gold_loss":0}],"is_beta":false,"boss_relics":[{"not_picked":["Astrolabe","Tiny House"],"picked":"Cursed Key"},{"not_picked":["Runic Pyramid","Busted Crown"],"picked":"SacredBark"}],"items_purged_floors":[11,27,36],"is_endless":false,"potions_floor_spawned":[1,14,16,18,21,29,38,48],"ascension_level":0}}