{"host":"x4i48uok34n1rpsm","time":1608806824,"event":{"mods":["Aspiration","BaseMod","Better Third Choice","Colored Map","Downfall","Highlight Path","Minty Spire (QoL Compilation)","Permanent Neow","Replay The Spire","StSLib","The Mystic"],"gold_per_floor":[349,365,365,365,383,408,408,443,368,468,468,71,90,100,114,209,209,209,225,225,235,254,254,254,254,270,270,270,306,317,72,82,189,189,189,206,216,226,235,344,396,321,333,369,369,294,306,200,228,228],"floor_reached":51,"playtime":5832,"items_purged":["champ:Strike","Shame"],"score":959,"play_id":"d955e4ae-179e-4284-8ad4-b89af210924d","local_time":"20201224124704","is_ascension_mode":false,"campfire_choices":[{"floor":1.0,"key":"DIG"},{"floor":9.0,"key":"REST"},{"data":"champ:VampiricStrike","floor":23.0,"key":"SMITH"},{"data":"champ:Taunt","floor":28.0,"key":"SMITH"},{"floor":35,"key":"RECALL"},{"data":"Replay:SS_hec_2","floor":42,"key":"SMITH"},{"data":"champ:Improvising","floor":46,"key":"SMITH"}],"circlet_count":0,"master_deck":["champ:Strike+1","champ:Strike+1","champ:Strike+1","champ:Defend+1","champ:Defend+1","champ:Defend+1","champ:Execute","champ:Taunt+1","champ:FanOfKnives","champ:DancingMaster","champ:FlashCut","champ:VampiricStrike+1","champ:Backstep+1","champ:Encircle","champ:AdrenalArmor+1","champ:Improvising+1","Replay:SS_hec_2+1","champ:SteelEdge","expansioncontent:DonusPower","champ:GutPunch+1","champ:FaceSlap","champ:GladiatorsShout+1","champ:IronFortress+1"],"relics":["champ:ChampionCrown","ReplayTheSpireMod:Lightbulb","Strawberry","ReplayTheSpireMod:Shallot","Counterbalance","downfall:HeartBlessingBlue","Ice Cream","SacredBark","champ:DefensiveTrainingManual","aspiration:FetidBarrel","CeramicFish","Lantern","Coffee Dripper","Potion Belt","Nunchaku","downfall:HeartBlessingRed","Letter Opener","downfall:HeartBlessingGreen"],"acts_visited":["Exordium","TheCity","TheBeyond"],"potions_floor_usage":[37,44,50],"damage_taken":[{"damage":5.0,"enemies":"2 Louse","floor":2.0,"turns":2.0},{"damage":5.0,"enemies":"Small Slimes","floor":5.0,"turns":4.0},{"damage":49.0,"enemies":"Lagavulin","floor":6.0,"turns":9.0},{"damage":18.0,"enemies":"3 Sentries","floor":8.0,"turns":7.0},{"damage":0.0,"enemies":"Cultist","floor":11.0,"turns":1.0},{"damage":8.0,"enemies":"downfall:FleeingMerchant","floor":12.0,"turns":4.0},{"damage":9.0,"enemies":"Gremlin Gang","floor":13.0,"turns":6.0},{"damage":5.0,"enemies":"3 Louse","floor":14.0,"turns":2.0},{"damage":16.0,"enemies":"2 Fungi Beasts","floor":15.0,"turns":4.0},{"damage":65.0,"enemies":"downfall:Watcher","floor":16.0,"turns":16.0},{"damage":32.0,"enemies":"Chosen","floor":19.0,"turns":6.0},{"damage":25.0,"enemies":"Shell Parasite","floor":21.0,"turns":7.0},{"damage":38.0,"enemies":"Centurion and Healer","floor":22.0,"turns":9.0},{"damage":38.0,"enemies":"Chosen and Byrds","floor":26.0,"turns":7.0},{"damage":43.0,"enemies":"Slavers","floor":29.0,"turns":6.0},{"damage":12.0,"enemies":"Shelled Parasite and Fungi","floor":30.0,"turns":2.0},{"damage":13.0,"enemies":"downfall:FleeingMerchant","floor":31.0,"turns":4.0},{"damage":32.0,"enemies":"Centurion and Healer","floor":32.0,"turns":7.0},{"damage":29.0,"enemies":"downfall:Defect","floor":33.0,"turns":9.0},{"damage":24,"enemies":"Orb Walker","floor":36,"turns":4},{"damage":14,"enemies":"3 Darklings","floor":37,"turns":6},{"damage":27,"enemies":"4 Shapes","floor":38,"turns":6},{"damage":29,"enemies":"downfall:LadyInBlue","floor":40,"turns":8},{"damage":34,"enemies":"Writhing Mass","floor":43,"turns":7},{"damage":40,"enemies":"R_Hoarder","floor":44,"turns":6},{"damage":28,"enemies":"Transient","floor":47,"turns":5},{"damage":20,"enemies":"downfall:FleeingMerchant","floor":48,"turns":4},{"damage":21,"enemies":"Sphere and 2 Shapes","floor":49,"turns":5},{"damage":19,"enemies":"downfall:Silent","floor":50,"turns":5}],"seed_played":"-1539466324599968627","potions_obtained":[{"floor":6.0,"key":"Weak Potion"},{"floor":13.0,"key":"DistilledChaos"},{"floor":14.0,"key":"Swift Potion"},{"floor":15.0,"key":"hexamod:EctoCoolerPotion"},{"floor":21.0,"key":"BlessingOfTheForge"},{"floor":22.0,"key":"Reflective Coating"},{"floor":26.0,"key":"Death Potion"},{"floor":30.0,"key":"LiquidBronze"},{"floor":33.0,"key":"AttackPotion"},{"floor":38,"key":"Dexterity Potion"},{"floor":40,"key":"BlessingOfTheForge"},{"floor":40,"key":"Cursed Concoction"},{"floor":40,"key":"Milkshake"},{"floor":43,"key":"champ:CounterPotion"},{"floor":44,"key":"champ:UltimateStancePotion"}],"is_trial":false,"path_per_floor":["R_BF","M","?","?","M","E","T","E","R","?","M","$","M","M","M","B",null,"R_BF","M","?","M","M","R","T","?","M","?","R","E","M","$","M","B",null,"R","M","M","M","?","?","T","R","M","E","?","R","M","$","M","B",null],"character_chosen":"THE_CHAMP","items_purchased":["Ice Cream","Replay:SS_hec_2","Lantern"],"campfire_rested":1,"item_purchase_floors":[12,31,31],"current_hp_per_floor":[63,63,67,67,67,39,39,29,71,71,71,71,70,70,62,34,107,107,91,91,81,90,90,90,90,83,83,83,67,65,62,60,66,107,107,92,96,97,92,107,107,107,107,107,107,107,107,107,107,107],"gold":228,"neow_bonus":"TWO_FIFTY_GOLD","is_daily":false,"chose_seed":false,"campfire_upgraded":4,"win_rate":0.0,"timestamp":1608806824,"path_taken":["R_BF","M","?","?","M","E","T","E","R","?","M","$","M","?","M","BOSS","R_BF","M","?","M","M","R","T","?","?","?","R","E","M","$","M","BOSS","R","M","M","M","?","?","T","R","?","E","?","R","M","$","M","BOSS"],"items_purchased_type":["Relic","Card","Relic"],"build_version":"2020-12-22","purchased_purges":2,"victory":true,"max_hp_per_floor":[90,90,97,97,97,97,97,97,107,107,107,107,107,107,107,107,107,107,107,107,107,107,107,107,107,107,107,107,107,107,107,107,107,107,107,107,107,107,107,107,107,107,107,107,107,107,107,107,107,107],"card_choices":[{"not_picked":["champ:BerserkersShout","champ:TornadoPunch"],"picked":"champ:FanOfKnives","floor":2.0},{"not_picked":["champ:CrookedStrike","champ:Encircle","champ:PerfectedStrike"],"picked":"SKIP","floor":5.0},{"not_picked":["champ:HeartStrike","champ:FanOfKnives","champ:BerserkersShout"],"picked":"SKIP","floor":6.0},{"not_picked":["champ:CrookedStrike","champ:GladiatorStyle","champ:RapidStrikes"],"picked":"SKIP","floor":8.0},{"not_picked":["champ:EnragedBash","champ:PerfectedStrike","champ:FlashCut"],"picked":"SKIP","floor":11.0},{"not_picked":["champ:Circumvent","champ:SkillfulDodge"],"picked":"champ:DancingMaster","floor":12.0},{"not_picked":["champ:BerserkersShout","champ:Circumvent"],"picked":"champ:FlashCut","floor":13.0},{"not_picked":["champ:EndlessRage","champ:TornadoPunch","champ:CrookedStrike"],"picked":"SKIP","floor":14.0},{"not_picked":["champ:ViciousMockery","champ:CrookedStrike","champ:Circumvent"],"picked":"SKIP","floor":15.0},{"not_picked":["champ:ViciousMockery","champ:CrookedStrike","champ:Circumvent"],"picked":"SKIP","floor":15.0},{"not_picked":["champ:CheapShot","champ:ShieldSlam"],"picked":"champ:VampiricStrike","floor":16.0},{"not_picked":["champ:GladiatorStyle+1","champ:Duel"],"picked":"champ:Backstep+1","floor":19.0},{"not_picked":["champ:Shatter","champ:Backstep+1"],"picked":"champ:Encircle","floor":21.0},{"not_picked":["champ:Riposte","champ:Haymaker+1"],"picked":"champ:AdrenalArmor+1","floor":22.0},{"not_picked":["champ:TornadoPunch+1","champ:IgnorePain","champ:CrookedStrike"],"picked":"SKIP","floor":26.0},{"not_picked":["champ:FanOfKnives","champ:CrookedStrike+1"],"picked":"champ:Improvising","floor":29.0},{"not_picked":["champ:FanOfKnives","champ:CrookedStrike","champ:GladiatorsShout"],"picked":"SKIP","floor":30.0},{"not_picked":["champ:Haymaker","champ:FlashCut","champ:PreciseThrust"],"picked":"SKIP","floor":31.0},{"not_picked":["champ:DefensiveShout","champ:StanceDance+1","champ:FlashCut+1"],"picked":"SKIP","floor":32.0},{"not_picked":["champ:CrownThrow","champ:HoldFirm"],"picked":"champ:SteelEdge","floor":33.0},{"not_picked":["champ:FanOfKnives","champ:FocusedDefense+1","champ:EnGarde+1"],"picked":"SKIP","floor":36},{"not_picked":["champ:Backstep","champ:CrookedStrike+1","champ:FanOfKnives"],"picked":"SKIP","floor":37},{"not_picked":["champ:AdrenalArmor","champ:Riposte+1","champ:Shatter+1"],"picked":"SKIP","floor":38},{"not_picked":["Replay:SS_hec_1","expansioncontent:Collect"],"picked":"expansioncontent:DonusPower","floor":39},{"not_picked":["champ:Riposte","champ:DeathBlow+1"],"picked":"champ:GutPunch+1","floor":40},{"not_picked":["champ:RisingSlash+1","champ:Duel+1","champ:DefensiveStyle+1"],"picked":"SKIP","floor":43},{"not_picked":["champ:PerfectedStrike+1","champ:Devastate"],"picked":"champ:FaceSlap","floor":44},{"not_picked":["champ:FanOfKnives+1","champ:FocusedDefense+1","champ:CrookedStrike+1"],"picked":"SKIP","floor":47},{"not_picked":["champ:GutPunch","champ:BerserkersShout+1"],"picked":"champ:GladiatorsShout+1","floor":48},{"not_picked":["champ:FlashCut+1","champ:Circumvent"],"picked":"champ:IronFortress+1","floor":49}],"player_experience":261697,"relics_obtained":[{"floor":1.0,"key":"ReplayTheSpireMod:Lightbulb"},{"floor":6.0,"key":"ReplayTheSpireMod:Shallot"},{"floor":8.0,"key":"Counterbalance"},{"floor":24.0,"key":"aspiration:FetidBarrel"},{"floor":29.0,"key":"CeramicFish"},{"floor":40,"key":"Potion Belt"},{"floor":41,"key":"Nunchaku"},{"floor":44,"key":"Letter Opener"}],"event_choices":[{"damage_healed":0.0,"max_hp_gain":0.0,"max_hp_loss":0.0,"gold_gain":0.0,"event_name":"betterThird:BetterScrap","player_choice":"Relic ","floor":3.0,"gold_loss":0.0,"damage_taken":3.0,"cards_obtained":["Storm of Steel"]},{"cards_removed":["champ:Defend"],"damage_healed":0.0,"max_hp_gain":0.0,"max_hp_loss":0.0,"gold_gain":0.0,"event_name":"Purifier","player_choice":"Purged","floor":18.0,"gold_loss":0.0,"damage_taken":0.0},{"damage_healed":0.0,"max_hp_gain":0.0,"max_hp_loss":6.0,"gold_gain":0.0,"event_name":"betterThird:BetterWriting","player_choice":"Simplicity","floor":27.0,"gold_loss":0.0,"damage_taken":0.0}],"is_beta":false,"boss_relics":[{"not_picked":["aspiration:SilentSkillbook","Runic Pyramid"],"picked":"SacredBark"},{"not_picked":["Velvet Choker","Calling Bell"],"picked":"Coffee Dripper"}],"items_purged_floors":[12,48],"is_endless":false,"potions_floor_spawned":[6,13,14,15,21,22,26,30,33,38,43,44],"ascension_level":0}}