{"host":"p9t7qd83igtcp2bh","time":1608836198,"event":{"mods":["2.2 Compatiblity","AchievementEnabler","BaseMod","Colored Map","Colored Powertips","Custom Start","DeckTracker","Keyboard Shortcuts","Minty Spire (QoL Compilation)","Permanent Neow","StSLib","SuperFastMode","everything is the same but u backflip on backflip"],"gold_per_floor":[117,136,149,168,8,8,34,34,108,134,154,165,165,2,2,2,2],"floor_reached":16,"playtime":406,"items_purged":[],"score":224,"play_id":"9bb2fb5d-a6b7-440c-8d1c-87a5d48b072f","local_time":"20201225035638","is_ascension_mode":true,"campfire_choices":[{"data":"Dagger Spray","floor":6,"key":"SMITH"},{"floor":8,"key":"REST"},{"floor":15,"key":"REST"}],"circlet_count":0,"master_deck":["AscendersBane","Strike_G","Strike_G","Strike_G","Strike_G","Defend_G","Defend_G","Defend_G","Defend_G","Survivor","Neutralize","Acrobatics","Deadly Poison","Dagger Spray+1","Backstab","Leg Sweep","Predator","Crippling Poison","Noxious Fumes"],"relics":["Ring of the Snake","TwistedFunnel","Ice Cream","Gremlin Horn","Oddly Smooth Stone","Ancient Tea Set"],"acts_visited":["Exordium"],"potions_floor_usage":[10,16,16],"damage_taken":[{"damage":1,"enemies":"Cultist","floor":1,"turns":4},{"damage":4,"enemies":"Jaw Worm","floor":2,"turns":5},{"damage":1,"enemies":"2 Louse","floor":3,"turns":2},{"damage":20,"enemies":"Large Slime","floor":4,"turns":6},{"damage":23,"enemies":"3 Sentries","floor":7,"turns":9},{"damage":14,"enemies":"Lagavulin","floor":10,"turns":6},{"damage":2,"enemies":"Exordium Thugs","floor":11,"turns":3},{"damage":0,"enemies":"Lots of Slimes","floor":12,"turns":1},{"damage":42,"enemies":"Slime Boss","floor":16,"turns":6}],"seed_played":"3350999130464471522","potions_obtained":[{"floor":2,"key":"BlessingOfTheForge"},{"floor":3,"key":"Weak Potion"},{"floor":11,"key":"Weak Potion"},{"floor":12,"key":"FearPotion"}],"is_trial":false,"path_per_floor":["M","M","M","M","$","R","E","R","T","E","M","M","?","$","R","B"],"character_chosen":"THE_SILENT","items_purchased":["TwistedFunnel","Ancient Tea Set"],"campfire_rested":2,"item_purchase_floors":[5,14],"current_hp_per_floor":[58,54,53,33,33,33,10,28,28,14,12,12,12,12,30,0,0],"gold":2,"neow_bonus":"TRANSFORM_TWO_CARDS","is_daily":false,"chose_seed":false,"campfire_upgraded":1,"win_rate":0.0,"timestamp":1608836198,"path_taken":["M","M","M","M","?","R","E","R","T","E","M","M","?","$","R","BOSS"],"items_purchased_type":["Relic","Relic"],"build_version":"2020-12-22","purchased_purges":0,"victory":false,"max_hp_per_floor":[60,60,60,60,60,60,60,60,60,60,60,60,60,60,60,60,60],"card_choices":[{"not_picked":["Dagger Throw","Poisoned Stab"],"picked":"Dagger Spray","floor":1},{"not_picked":["Deflect","Backflip"],"picked":"Backstab","floor":2},{"not_picked":["Cloak And Dagger","Quick Slash","Dodge and Roll"],"picked":"SKIP","floor":3},{"not_picked":["Flechettes","Dodge and Roll"],"picked":"Leg Sweep","floor":4},{"not_picked":["Envenom","PiercingWail"],"picked":"Predator","floor":7},{"not_picked":["Riddle With Holes","Sucker Punch"],"picked":"Crippling Poison","floor":10},{"not_picked":["Dagger Throw","Bane"],"picked":"Noxious Fumes","floor":11},{"not_picked":["Acrobatics","Deadly Poison","Blur"],"picked":"SKIP","floor":12}],"player_experience":564700,"relics_obtained":[{"floor":7,"key":"Ice Cream"},{"floor":9,"key":"Gremlin Horn"},{"floor":10,"key":"Oddly Smooth Stone"}],"event_choices":[{"damage_healed":0,"gold_gain":0,"player_choice":"Fled","damage_taken":0,"max_hp_gain":0,"max_hp_loss":0,"event_name":"Scrap Ooze","floor":13,"gold_loss":0}],"is_beta":false,"boss_relics":[],"items_purged_floors":[],"is_endless":false,"potions_floor_spawned":[2,3,11,12],"killed_by":"Slime Boss","ascension_level":20}}