{"host":"unahupgi85cj6bxp","time":1608803440,"event":{"mods":["Act Like it!","Aspiration","BaseMod","Card Forge","Conspire","Downfall","Energized Spire","Hubris","Infinite Spire","Minty Spire (QoL Compilation)","Replay The Spire","StSLib","The Animator"],"gold_per_floor":[99,118,132,152,152,77,101,26,57,8,8,8,36,48,65,168,168,93,110,110,126,139,154,178,194,194,212,49,67,113,113,151,273,273,273,282,319,360,360,402,402,402,445,504,504,35,35,78,98,98,98,131,59,59,59],"floor_reached":56,"playtime":5630,"items_purged":[],"score":1318,"play_id":"1575e649-6e06-40be-b44d-e1d96472e230","local_time":"20201224015040","is_ascension_mode":false,"campfire_choices":[{"floor":1,"key":"RECALL"},{"data":"Guardian:TwinSlam","floor":6,"key":"SMITH"},{"floor":8,"key":"REST"},{"data":"1","floor":18,"key":"LIFT"},{"data":"2","floor":26,"key":"LIFT"},{"data":"3","floor":35,"key":"LIFT"},{"data":"Guardian:RollAttack","floor":42,"key":"SMITH"},{"data":"Guardian:Planning","floor":45,"key":"SMITH"},{"floor":54,"key":"REST"}],"circlet_count":0,"master_deck":["Guardian:Strike_Guardian+1","Guardian:Strike_Guardian+1","Guardian:Strike_Guardian+1","Guardian:Strike_Guardian+1","Guardian:Defend_Guardian+1","Guardian:Defend_Guardian+1","Guardian:Defend_Guardian+1","Guardian:Defend_Guardian+1","Guardian:CurlUp+1","Guardian:TwinSlam+1","Guardian:RollAttack+1","Guardian:ChargeCore+1","Guardian:GuardianWhirl+1","Guardian:WalkerClaw+1","Guardian:WalkerClaw+1","Guardian:WalkerClaw+1","Mirror Shield","Guardian:BronzeOrb","Beam Cell","Guardian:SentryBeam","Guardian:ChargeCore","Heavy Blade","Turbo","ReplayReversal","Body Slam","Beam Cell","Guardian:RollAttack","Guardian:SentryBeam","Guardian:TemporalShield","Guardian:PolyBeam","Guardian:PolyBeam","Guardian:SpikerProtocol","Guardian:RollAttack","Guardian:SpikerProtocol","Guardian:RevengeProtocol","Guardian:Planning","Guardian:RevengeProtocol","Limit Break","Guardian:BaubleBeam","Guardian:RollAttack+1","Guardian:Reroute+1","Guardian:PiercingHide+1","Guardian:EvasiveProtocol+1","Guardian:PrimingBeam+1","Guardian:SpikerProtocol+1","Guardian:Planning+1","Guardian:PrismaticBeam+1","Guardian:BaubleBeam","Guardian:FloatingOrbs","Crow Ritual","Replay:SS_fish_2","Guardian:PiercingHide","Guardian:RefractedBeam+1","Guardian:Incinerate+1","Guardian:PrismaticBarrier"],"relics":["Painkiller Herb","Seething Fire","Iron Core","conspire:Boomerang","Magic Flower","energizedSpire:StickyHand","sneckomod:SneckoSoul","Runic Capacitor","HandDrill","TwistedFunnel","Girya","champ:SpectersHand","infinitespire:Chaos","downfall:HeartBlessingGreen","infinitespire:Beetle Shell","CeramicFish","Sling","Pen Nib","Philosopher\u0027s Stone","Gambling Chip","Bottled Flame","conspire:TopHat"],"acts_visited":["Exordium","TheCity","TheBeyond","TheEnding"],"potions_floor_usage":[16,16,27,52,55,55],"damage_taken":[{"damage":3,"enemies":"Small Slimes","floor":2,"turns":3},{"damage":2,"enemies":"2 Louse","floor":3,"turns":2},{"damage":0,"enemies":"Cultist","floor":4,"turns":3},{"damage":12,"enemies":"Lagavulin","floor":9,"turns":5},{"damage":0,"enemies":"downfall:FleeingMerchant","floor":10,"turns":4},{"damage":16,"enemies":"Gremlin Nob","floor":13,"turns":3},{"damage":0,"enemies":"Exordium Wildlife","floor":14,"turns":2},{"damage":0,"enemies":"3 Louse","floor":15,"turns":2},{"damage":14,"enemies":"downfall:Watcher","floor":16,"turns":5},{"damage":0,"enemies":"3 Byrds","floor":19,"turns":3},{"damage":0,"enemies":"Snake Plant","floor":21,"turns":2},{"damage":0,"enemies":"Cultist and Chosen","floor":22,"turns":3},{"damage":0,"enemies":"Snecko","floor":23,"turns":2},{"damage":0,"enemies":"Snake Plant","floor":25,"turns":2},{"damage":2,"enemies":"Centurion and Healer","floor":27,"turns":2},{"damage":7,"enemies":"downfall:FleeingMerchant","floor":28,"turns":4},{"damage":0,"enemies":"Snecko","floor":30,"turns":2},{"damage":0,"enemies":"3 Cultists","floor":32,"turns":3},{"damage":0,"enemies":"downfall:Silent","floor":33,"turns":4},{"damage":0,"enemies":"3 Darklings","floor":37,"turns":2},{"damage":6,"enemies":"3 Shapes","floor":38,"turns":2},{"damage":0,"enemies":"Sphere and 2 Shapes","floor":40,"turns":3},{"damage":19,"enemies":"Maw","floor":43,"turns":4},{"damage":0,"enemies":"Giant Head","floor":44,"turns":3},{"damage":0,"enemies":"Jaw Worm Horde","floor":48,"turns":1},{"damage":0,"enemies":"Spire Growth","floor":49,"turns":2},{"damage":1,"enemies":"downfall:Defect","floor":50,"turns":2},{"damage":33,"enemies":"downfall:CharBossMerchant","floor":52,"turns":4},{"damage":12,"enemies":"downfall:NeowBoss","floor":55,"turns":15}],"seed_played":"-5896908405264631290","potions_obtained":[{"floor":2,"key":"SneckoOil"},{"floor":3,"key":"Swift Potion"},{"floor":15,"key":"Adrenaline Potion"},{"floor":16,"key":"Milkshake"},{"floor":22,"key":"sneckomod:MuddlingPotion"},{"floor":30,"key":"Regen Potion"},{"floor":32,"key":"AttackPotion"},{"floor":37,"key":"Death Potion"},{"floor":52,"key":"EssenceOfSteel"}],"is_trial":false,"path_per_floor":["R","M","M","M","?","R","T","R","E","$","?","?","E","M","M","B",null,"T","?","?","?","?","?","T","?","T","?","T","?","?","?","?","B",null,"T","?","?","?","?","?","T","T","?","E","T","T","?","?","?","B",null,"E","T","T","B",null],"character_chosen":"GUARDIAN","items_purchased":["Guardian:WalkerClaw","CeramicFish","Sling","Guardian:Gem_Red","Guardian:SentryBeam","Guardian:TemporalShield","Guardian:PolyBeam","Guardian:Gem_Lightblue","Guardian:BaubleBeam","Guardian:FloatingOrbs","Crow Ritual","Replay:SS_fish_2","Guardian:PiercingHide","Guardian:PrismaticBarrier"],"campfire_rested":2,"item_purchase_floors":[10,28,28,28,28,28,28,46,46,46,46,46,46,53],"current_hp_per_floor":[88,85,83,83,83,83,83,98,86,86,86,74,58,58,58,44,98,98,98,78,78,78,78,78,78,78,76,69,69,69,69,69,69,103,103,103,103,97,97,97,97,97,78,78,78,78,78,78,78,77,103,70,70,100,103],"gold":59,"neow_bonus":"TEN_PERCENT_HP_BONUS","is_daily":false,"chose_seed":false,"campfire_upgraded":3,"win_rate":0.0,"timestamp":1608803440,"path_taken":["R","M","M","M","?","R","T","R","E","$","?","?","E","M","M","BOSS","T","?","?","?","?","?","T","?","T","?","T","?","?","?","?","BOSS","T","?","?","?","?","?","T","T","?","E","T","T","?","?","?","BOSS","E","T","T","BOSS"],"items_purchased_type":["Card","Relic","Relic","Card","Card","Card","Card","Card","Card","Card","Card","Card","Card","Card"],"build_version":"2020-12-22","purchased_purges":0,"victory":true,"max_hp_per_floor":[88,88,88,88,88,88,88,98,98,98,98,98,98,98,98,98,98,98,98,103,103,103,103,103,103,103,103,103,103,103,103,103,103,103,103,103,103,103,103,103,103,103,103,103,103,103,103,103,103,103,103,103,103,103,103],"card_choices":[{"not_picked":["Guardian:CrystalBeam","Guardian:TemporalStrike"],"picked":"Guardian:RollAttack","floor":2},{"not_picked":["Guardian:MultiBeam","Guardian:ShieldCharger"],"picked":"Guardian:ChargeCore","floor":3},{"not_picked":["Guardian:Reroute","Guardian:Gem_Synthetic"],"picked":"Guardian:Gem_Cyan","floor":4},{"not_picked":["Guardian:PiercingHide","Guardian:PrismaticBeam"],"picked":"Guardian:GuardianWhirl","floor":9},{"not_picked":["Guardian:SentryBeam","Guardian:MultiBeam"],"picked":"Guardian:WalkerClaw","floor":10},{"not_picked":["Guardian:TemporalShield","Guardian:Reroute"],"picked":"Guardian:Gem_Synthetic","floor":13},{"not_picked":["Guardian:ArmoredProtocol","Guardian:Suspension"],"picked":"Guardian:Gem_Cyan","floor":14},{"not_picked":["Guardian:DecasProtection","Guardian:Incinerate"],"picked":"Guardian:Gem_Lightblue","floor":15},{"not_picked":["Guardian:SphericShield","Guardian:ConstructionForm"],"picked":"Guardian:Gem_Synthetic","floor":16},{"not_picked":["Guardian:Reroute","Clash","Headbutt+1"],"picked":"SKIP","floor":19},{"not_picked":["Mirror Shield","Guardian:BronzeOrb"],"picked":"Guardian:Gem_Cyan","floor":21},{"not_picked":["Beam Cell","Guardian:ChargeCore"],"picked":"Guardian:SentryBeam","floor":22},{"not_picked":["Heavy Blade","Turbo"],"picked":"Guardian:Gem_Cyan","floor":23},{"not_picked":["ReplayReversal","Body Slam"],"picked":"Guardian:Gem_Fragmented","floor":25},{"not_picked":["Guardian:TimeCapacitor","Cold Snap","Fire Breathing"],"picked":"SKIP","floor":27},{"not_picked":["Beam Cell","Recycle"],"picked":"Guardian:RollAttack","floor":28},{"not_picked":["Guardian:SpikerProtocol","Guardian:RollAttack"],"picked":"Guardian:Gem_Green","floor":30},{"not_picked":["Guardian:SpikerProtocol","Guardian:Planning"],"picked":"Guardian:RevengeProtocol","floor":32},{"not_picked":["Guardian:RevengeProtocol","Guardian:BaubleBeam"],"picked":"Limit Break","floor":33},{"not_picked":["Guardian:RollAttack","Guardian:Gem_Purple"],"picked":"Guardian:Gem_Cyan","floor":37},{"not_picked":["Guardian:Reroute+1","Guardian:PiercingHide+1"],"picked":"Guardian:Gem_Fragmented","floor":38},{"not_picked":["Guardian:EvasiveProtocol+1","Guardian:PrimingBeam+1"],"picked":"Guardian:Gem_Cyan","floor":40},{"not_picked":["Guardian:SpikerProtocol+1","Guardian:PrismaticBeam+1"],"picked":"Guardian:Planning","floor":43},{"not_picked":["Guardian:Gem_Green","Guardian:Gem_Blue"],"picked":"Guardian:Gem_White","floor":44},{"not_picked":["Guardian:Gem_Lightblue","Guardian:Incinerate+1"],"picked":"Guardian:RefractedBeam+1","floor":48},{"not_picked":["Guardian:WalkerClaw","Guardian:BronzeArmor+1","Guardian:Harden"],"picked":"SKIP","floor":49},{"not_picked":["Guardian:Preprogram","Guardian:PrimingBeam","Guardian:Recover"],"picked":"SKIP","floor":52}],"player_experience":789410,"relics_obtained":[{"floor":9,"key":"Vajra"},{"floor":11,"key":"Replay:Baseball"},{"floor":13,"key":"hubris:64BitClover"},{"floor":24,"key":"infinitespire:Beetle Shell"},{"floor":41,"key":"Gambling Chip"},{"floor":44,"key":"Bottled Flame"},{"floor":52,"key":"conspire:TopHat"}],"event_choices":[{"damage_healed":0,"gold_gain":0,"player_choice":"Success","damage_taken":12,"relics_obtained":["Boot"],"max_hp_gain":0,"max_hp_loss":0,"event_name":"Scrap Ooze","floor":12,"gold_loss":0},{"damage_healed":0,"gold_gain":0,"player_choice":"Leave","damage_taken":0,"max_hp_gain":0,"max_hp_loss":0,"event_name":"conspire:Investor","floor":39,"gold_loss":0}],"is_beta":false,"boss_relics":[{"not_picked":["Busted Crown","aspiration:IroncladSkillbook"],"picked":"hubris:Backtick"},{"not_picked":["Black Star","Replay:Ancient Bell"],"picked":"Philosopher\u0027s Stone"}],"items_purged_floors":[],"is_endless":false,"potions_floor_spawned":[2,3,15,16,22,23,30,32,37,43,44,52],"ascension_level":0}}