{"host":"92108ef2q9tm8rod","time":1608834619,"event":{"mods":["BaseMod","Defuse TimeMaze Blight","Minty Spire (QoL Compilation)","StSLib","The Jungle"],"gold_per_floor":[117,129,54,70,123,123,154,168,168,168,168,168,168,197,197,300,300,313,329,229,229,242,242,242,274,329,348,348,381,415,431,431,528,528,540,392,408,427,444,444,476,476,501,501,513,523,523,523,523,523],"floor_reached":51,"playtime":3784,"items_purged":["Genetic Algorithm","PiercingWail"],"score":1020,"play_id":"fdfe7224-782c-4eb0-8853-ef23d601a605","local_time":"20201224183019","daily_mods":["SealedDeck","Green Cards","Heirloom","Flight"],"is_ascension_mode":false,"campfire_choices":[{"data":"Redo","floor":6,"key":"SMITH"},{"data":"Beam Cell","floor":10,"key":"SMITH"},{"data":"Glacier","floor":11,"key":"SMITH"},{"data":"Streamline","floor":12,"key":"SMITH"},{"data":"Blizzard","floor":13,"key":"SMITH"},{"data":"Multi-Cast","floor":15,"key":"SMITH"},{"data":"Reinforced Body","floor":23,"key":"SMITH"},{"data":"Gash","floor":24,"key":"SMITH"},{"data":"Conserve Battery","floor":28,"key":"SMITH"},{"data":"Electrodynamics","floor":32,"key":"SMITH"},{"data":"Ball Lightning","floor":40,"key":"SMITH"},{"data":"Melter","floor":42,"key":"SMITH"},{"floor":44,"key":"REST"},{"floor":49,"key":"REST"}],"circlet_count":0,"master_deck":["Reinforced Body+1","Melter+1","Blizzard+1","Redo+1","Beam Cell+1","Streamline+1","Conserve Battery+1","Glacier+1","Gash+1","Multi-Cast+1","Electrodynamics+1","Ball Lightning+1"],"relics":["Cracked Core","Lizard Tail","Toy Ornithopter","Mummified Hand","FossilizedHelix","Mango","Busted Crown","Shuriken","TungstenRod","Tiny Chest","Cables","Calipers","Membership Card","Regal Pillow","Vajra"],"acts_visited":["Exordium","Exordium","TheBeyond"],"potions_floor_usage":[21,21,25,33,33,38,50,50,50,50,50],"damage_taken":[{"damage":0,"enemies":"Cultist","floor":1,"turns":3},{"damage":0,"enemies":"Jaw Worm","floor":2,"turns":4},{"damage":0,"enemies":"2 Louse","floor":4,"turns":2},{"damage":1,"enemies":"Gremlin Nob","floor":7,"turns":5},{"damage":0,"enemies":"Large Slime","floor":8,"turns":5},{"damage":0,"enemies":"Lagavulin","floor":14,"turns":5},{"damage":0,"enemies":"The Guardian","floor":16,"turns":9},{"damage":0,"enemies":"theJungle:GiantWrat","floor":18,"turns":3},{"damage":0,"enemies":"theJungle:5_Spyders","floor":19,"turns":6},{"damage":18,"enemies":"JungleHuntersEvent","floor":21,"turns":5},{"damage":0,"enemies":"Snake Plant","floor":22,"turns":3},{"damage":0,"enemies":"theJungle:2_Phrogs","floor":25,"turns":5},{"damage":0,"enemies":"theJungle:Snecko_Cultist_And_Trap","floor":27,"turns":3},{"damage":0,"enemies":"theJungle:MamaSnecko","floor":29,"turns":4},{"damage":0,"enemies":"theJungle:Cassacara","floor":30,"turns":4},{"damage":0,"enemies":"theJungle:Lyon","floor":31,"turns":3},{"damage":0,"enemies":"theJungle:TotemBoss","floor":33,"turns":6},{"damage":0,"enemies":"3 Darklings","floor":35,"turns":2},{"damage":0,"enemies":"3 Shapes","floor":37,"turns":4},{"damage":4,"enemies":"3 Darklings","floor":38,"turns":4},{"damage":0,"enemies":"4 Shapes","floor":39,"turns":5},{"damage":0,"enemies":"Giant Head","floor":41,"turns":8},{"damage":0,"enemies":"Jaw Worm Horde","floor":45,"turns":4},{"damage":0,"enemies":"Maw","floor":46,"turns":7},{"damage":23,"enemies":"Time Eater","floor":50,"turns":11}],"seed_played":"1738505362443056885","potions_obtained":[{"floor":7,"key":"BlessingOfTheForge"},{"floor":8,"key":"SteroidPotion"},{"floor":16,"key":"LiquidBronze"},{"floor":21,"key":"Swift Potion"},{"floor":22,"key":"Dexterity Potion"},{"floor":25,"key":"FearPotion"},{"floor":30,"key":"PotionOfCapacity"},{"floor":31,"key":"Weak Potion"},{"floor":35,"key":"GamblersBrew"},{"floor":37,"key":"Swift Potion"},{"floor":41,"key":"EntropicBrew"}],"is_trial":true,"path_per_floor":["M","M","$","M","T","R","E","M","T","R","R","R","R","E","R","B",null,"M","M","$","?","M","R","R","E","T","M","R","E","E","M","R","B",null,"M","$","M","M","M","R","E","R","T","R","M","M","?","?","R","B",null],"character_chosen":"DEFECT","items_purchased":["Membership Card"],"campfire_rested":2,"item_purchase_floors":[36],"current_hp_per_floor":[75,75,75,75,75,75,74,74,74,74,74,74,74,88,88,88,89,89,89,89,71,71,71,71,76,76,76,76,76,76,76,76,86,89,89,89,89,85,85,85,85,85,85,89,89,89,85,85,85,62],"gold":523,"neow_bonus":"","is_daily":false,"chose_seed":false,"campfire_upgraded":12,"win_rate":0.0,"timestamp":1608834619,"path_taken":["M","?","?","M","?","R","E","M","T","R","R","R","R","E","R","BOSS","M","M","$","?","M","R","R","E","T","M","R","E","E","M","R","BOSS","M","$","M","M","M","R","E","R","T","R","M","M","?","?","R","BOSS"],"items_purchased_type":["Relic"],"build_version":"2020-12-22","purchased_purges":2,"victory":true,"max_hp_per_floor":[75,75,75,75,75,75,75,75,75,75,75,75,75,89,89,89,89,89,89,89,89,89,89,89,89,89,89,89,89,89,89,89,89,89,89,89,89,89,89,89,89,89,89,89,89,89,85,85,85,85],"card_choices":[{"not_picked":["Flying Knee","Reinforced Body"],"picked":"Gash","floor":1},{"not_picked":["Slice","Turbo","Outmaneuver"],"picked":"SKIP","floor":2},{"not_picked":["Quick Slash","Steam","Consume"],"picked":"SKIP","floor":4},{"not_picked":["Dodge and Roll","Reprogram","All Out Attack"],"picked":"SKIP","floor":7},{"not_picked":["Sucker Punch","Dodge and Roll","Doom and Gloom"],"picked":"SKIP","floor":8},{"not_picked":["Glacier","Bouncing Flask"],"picked":"Multi-Cast","floor":14},{"not_picked":["Redo"],"picked":"SKIP","floor":18},{"not_picked":["Redo"],"picked":"SKIP","floor":19},{"not_picked":["Chaos"],"picked":"SKIP","floor":22},{"not_picked":[],"picked":"Electrodynamics","floor":25},{"not_picked":[],"picked":"Ball Lightning","floor":27},{"not_picked":["Footwork+1"],"picked":"SKIP","floor":29},{"not_picked":["Die Die Die"],"picked":"SKIP","floor":30},{"not_picked":["Concentrate+1"],"picked":"SKIP","floor":31},{"not_picked":["Hologram+1"],"picked":"SKIP","floor":35},{"not_picked":["Well Laid Plans+1"],"picked":"SKIP","floor":37},{"not_picked":["Chaos+1"],"picked":"SKIP","floor":38},{"not_picked":["Bane+1"],"picked":"SKIP","floor":39},{"not_picked":["PiercingWail"],"picked":"SKIP","floor":41},{"not_picked":["Prepared+1"],"picked":"SKIP","floor":45},{"not_picked":["Glacier"],"picked":"SKIP","floor":46}],"player_experience":3180705,"relics_obtained":[{"floor":5,"key":"Toy Ornithopter"},{"floor":7,"key":"Mummified Hand"},{"floor":9,"key":"FossilizedHelix"},{"floor":14,"key":"Mango"},{"floor":21,"key":"Shuriken"},{"floor":25,"key":"TungstenRod"},{"floor":26,"key":"Tiny Chest"},{"floor":29,"key":"Cables"},{"floor":30,"key":"Calipers"},{"floor":41,"key":"Regal Pillow"},{"floor":43,"key":"Vajra"}],"event_choices":[{"damage_healed":0,"gold_gain":0,"player_choice":"Max HP","damage_taken":0,"max_hp_gain":0,"max_hp_loss":4,"event_name":"Winding Halls","floor":47,"gold_loss":0},{"damage_healed":0,"gold_gain":0,"player_choice":"Ignored","damage_taken":0,"max_hp_gain":0,"max_hp_loss":0,"event_name":"Mysterious Sphere","floor":48,"gold_loss":0}],"is_beta":false,"boss_relics":[{"not_picked":["SacredBark","Velvet Choker"],"picked":"Busted Crown"},{"not_picked":["Sozu","Inserter","Cursed Key"]}],"items_purged_floors":[3,20],"is_endless":false,"potions_floor_spawned":[7,8,16,21,22,25,30,31,35,37,41],"ascension_level":0}}