{"host":"6999i8eg5ewbhdiq","time":1608810419,"event":{"mods":["AchievementEnabler","BaseMod","Colored Map","Colored Powertips","Highlight Path","Minty Spire (QoL Compilation)"],"gold_per_floor":[113,113,38,113,127,127,158,158,158,158,171,194,19,39,39,142,142,157,11,30,30,42,42,58,88,88,88,88,88,118,68,68,168,168,182,194,194,194,204,204,229,241,279,291,303,331,343,368,380,392,392],"floor_reached":50,"playtime":3990,"items_purged":["Defend_G","Strike_G"],"score":607,"play_id":"02239237-0cec-45c0-b325-95720db5bec7","local_time":"20201224124659","is_ascension_mode":true,"campfire_choices":[{"floor":6,"key":"REST"},{"floor":10,"key":"REST"},{"floor":15,"key":"REST"},{"data":"Malaise","floor":23,"key":"SMITH"},{"floor":27,"key":"REST"},{"data":"Neutralize","floor":29,"key":"SMITH"},{"data":"Quick Slash","floor":32,"key":"SMITH"},{"floor":40,"key":"REST"},{"data":"Envenom","floor":42,"key":"SMITH"},{"floor":45,"key":"REST"},{"floor":49,"key":"REST"}],"circlet_count":0,"master_deck":["Strike_G+1","Defend_G","Defend_G","Defend_G","Survivor","Neutralize+1","Slice+1","Bandage Up","Neutralize","Quick Slash+1","Prepared","Malaise+1","Terror+1","Envenom+1","Parasite","Swift Strike","All Out Attack"],"relics":["Ring of the Snake","CaptainsWheel","Paper Crane","Centennial Puzzle","Membership Card","Runic Pyramid","Whetstone","Lee\u0027s Waffle","Ancient Tea Set","Vajra","Smiling Mask","HoveringKite","MawBank","Potion Belt"],"acts_visited":["Exordium","TheCity","TheBeyond"],"potions_floor_usage":[5,7,16,16,30,30,41,41,50],"damage_taken":[{"damage":0,"enemies":"Cultist","floor":1,"turns":4},{"damage":0,"enemies":"Small Slimes","floor":5,"turns":2},{"damage":46,"enemies":"Gremlin Nob","floor":7,"turns":6},{"damage":0,"enemies":"Jaw Worm","floor":11,"turns":4},{"damage":18,"enemies":"Exordium Thugs","floor":14,"turns":7},{"damage":29,"enemies":"The Guardian","floor":16,"turns":14},{"damage":6,"enemies":"Shell Parasite","floor":18,"turns":7},{"damage":3,"enemies":"Spheric Guardian","floor":20,"turns":6},{"damage":21,"enemies":"3 Cultists","floor":22,"turns":9},{"damage":6,"enemies":"Snake Plant","floor":24,"turns":4},{"damage":6,"enemies":"Book of Stabbing","floor":25,"turns":7},{"damage":8,"enemies":"Gremlin Leader","floor":30,"turns":10},{"damage":55,"enemies":"Automaton","floor":33,"turns":14},{"damage":8,"enemies":"Orb Walker","floor":35,"turns":5},{"damage":41,"enemies":"3 Darklings","floor":36,"turns":8},{"damage":28,"enemies":"Writhing Mass","floor":39,"turns":6},{"damage":22,"enemies":"Giant Head","floor":41,"turns":7},{"damage":20,"enemies":"Jaw Worm Horde","floor":46,"turns":6},{"damage":19,"enemies":"3 Darklings","floor":48,"turns":6},{"damage":88,"enemies":"Donu and Deca","floor":50,"turns":6}],"seed_played":"8025160449590893213","potions_obtained":[{"floor":1,"key":"Explosive Potion"},{"floor":5,"key":"SkillPotion"},{"floor":7,"key":"SteroidPotion"},{"floor":14,"key":"PowerPotion"},{"floor":24,"key":"Block Potion"},{"floor":25,"key":"Energy Potion"},{"floor":30,"key":"FairyPotion"},{"floor":33,"key":"PowerPotion"},{"floor":35,"key":"Strength Potion"},{"floor":36,"key":"DuplicationPotion"},{"floor":48,"key":"Swift Potion"}],"is_trial":false,"path_per_floor":["M","?","$","?","M","R","E","?","T","R","M","T","$","M","R","B",null,"M","$","M","$","M","R","M","E","T","R","?","R","E","$","R","B",null,"M","M","?","?","M","R","E","R","T","?","R","M","?","M","R","B"],"character_chosen":"THE_SILENT","items_purchased":["Membership Card","Quick Slash","Whetstone","Lee\u0027s Waffle"],"campfire_rested":7,"item_purchase_floors":[13,13,19,19],"current_hp_per_floor":[49,49,49,38,38,59,13,13,13,34,38,38,38,24,45,20,70,68,77,76,76,59,59,57,55,55,77,77,77,73,73,73,22,77,73,36,67,67,43,63,45,45,45,45,65,49,49,34,54,0,0],"gold":392,"neow_bonus":"REMOVE_TWO","is_daily":false,"chose_seed":false,"campfire_upgraded":4,"win_rate":0.0,"timestamp":1608810419,"path_taken":["M","?","$","?","M","R","E","?","T","R","?","?","?","M","R","BOSS","M","$","?","?","M","R","?","E","T","R","?","R","E","$","R","BOSS","M","M","?","?","M","R","E","R","T","?","R","M","?","?","R","BOSS"],"items_purchased_type":["Relic","Card","Relic","Relic"],"build_version":"2020-12-22","purchased_purges":2,"victory":false,"max_hp_per_floor":[70,70,70,70,70,70,70,70,70,70,70,70,70,70,70,70,70,70,77,77,77,77,77,77,77,77,77,77,77,77,77,77,77,77,77,77,67,67,67,67,67,67,67,67,67,67,67,67,67,67,67],"card_choices":[{"not_picked":["Expertise","Sucker Punch"],"picked":"Slice","floor":1},{"not_picked":["Outmaneuver","Deflect","Bane"],"picked":"SKIP","floor":5},{"not_picked":["Storm of Steel","Outmaneuver","Riddle With Holes"],"picked":"SKIP","floor":7},{"not_picked":["Outmaneuver","Blade Dance","Deflect"],"picked":"SKIP","floor":11},{"not_picked":["Heel Hook","Choke"],"picked":"Prepared","floor":14},{"not_picked":["Glass Knife","After Image"],"picked":"Malaise","floor":16},{"not_picked":["Crippling Poison","Dagger Throw+1","Slice"],"picked":"SKIP","floor":18},{"not_picked":["Dagger Throw","Dodge and Roll+1"],"picked":"Terror+1","floor":20},{"not_picked":["Bouncing Flask+1","Dodge and Roll","Heel Hook"],"picked":"SKIP","floor":22},{"not_picked":["Prepared","Sucker Punch","Finisher"],"picked":"SKIP","floor":24},{"not_picked":["Deflect","Acrobatics+1","Blade Dance"],"picked":"SKIP","floor":25},{"not_picked":["Dodge and Roll+1","Prepared","Deadly Poison+1"],"picked":"SKIP","floor":30},{"not_picked":["Adrenaline","Glass Knife"],"picked":"Envenom","floor":33},{"not_picked":["Deadly Poison+1","Acrobatics","Caltrops"],"picked":"SKIP","floor":35},{"not_picked":["Accuracy+1","Flying Knee+1","Deflect+1"],"picked":"SKIP","floor":36},{"not_picked":["Leg Sweep+1","Blur","Prepared"],"picked":"SKIP","floor":39},{"not_picked":["Bane+1","Night Terror","Deflect"],"picked":"SKIP","floor":41},{"not_picked":["Impatience","HandOfGreed"],"picked":"Swift Strike","floor":44},{"not_picked":["Bane","PiercingWail+1","Blade Dance+1"],"picked":"SKIP","floor":46},{"not_picked":["Distraction+1","Calculated Gamble+1","Blade Dance+1"],"picked":"SKIP","floor":48}],"player_experience":103439,"relics_obtained":[{"floor":7,"key":"CaptainsWheel"},{"floor":9,"key":"Paper Crane"},{"floor":12,"key":"Centennial Puzzle"},{"floor":25,"key":"Ancient Tea Set"},{"floor":26,"key":"Vajra"},{"floor":30,"key":"Smiling Mask"},{"floor":41,"key":"MawBank"},{"floor":43,"key":"Potion Belt"}],"event_choices":[{"cards_removed":["Strike_G"],"damage_healed":0,"gold_gain":0,"player_choice":"Forget","damage_taken":0,"max_hp_gain":0,"max_hp_loss":0,"event_name":"Living Wall","floor":2,"gold_loss":0},{"damage_healed":0,"gold_gain":75,"player_choice":"Gather Gold","damage_taken":11,"max_hp_gain":0,"max_hp_loss":0,"event_name":"World of Goop","floor":4,"gold_loss":0},{"damage_healed":0,"gold_gain":0,"player_choice":"2 cards matched","damage_taken":0,"max_hp_gain":0,"max_hp_loss":0,"event_name":"Match and Keep!","floor":8,"gold_loss":0,"cards_obtained":["Bandage Up","Neutralize"]},{"damage_healed":0,"gold_gain":0,"player_choice":"Full Heal","damage_taken":0,"max_hp_gain":0,"max_hp_loss":0,"event_name":"Wheel of Change","floor":28,"gold_loss":0},{"damage_healed":67,"gold_gain":0,"player_choice":"Heal","damage_taken":0,"max_hp_gain":0,"max_hp_loss":10,"event_name":"The Moai Head","floor":37,"gold_loss":0},{"damage_healed":0,"gold_gain":0,"player_choice":"Ignored","damage_taken":0,"max_hp_gain":0,"max_hp_loss":0,"event_name":"Mysterious Sphere","floor":38,"gold_loss":0},{"damage_healed":0,"gold_gain":0,"player_choice":"Memory 1","damage_taken":0,"max_hp_gain":0,"max_hp_loss":0,"event_name":"SensoryStone","floor":44,"gold_loss":0},{"damage_healed":0,"gold_gain":0,"cards_transformed":["Strike_G"],"player_choice":"Transformed","damage_taken":0,"max_hp_gain":0,"max_hp_loss":0,"event_name":"Transmorgrifier","floor":47,"gold_loss":0,"cards_obtained":["All Out Attack"]}],"is_beta":false,"boss_relics":[{"not_picked":["Tiny House","SacredBark"],"picked":"Runic Pyramid"},{"not_picked":["Runic Dome","WristBlade"],"picked":"HoveringKite"}],"items_purged_floors":[3,31],"is_endless":false,"potions_floor_spawned":[1,5,7,14,24,25,30,33,35,36,48],"killed_by":"Donu and Deca","ascension_level":3}}