{"host":"v1m5rkjj38qutr02","time":1608822442,"event":{"mods":["Act Like it!","BaseMod","Conspire","Gensokyo","GungeonMod","Hallownest","Minty Spire (QoL Compilation)","Replay The Spire","StSLib","The Bug Knight","Youmu£®ªÍ∆«—˝√Œ£©"],"gold_per_floor":[112,122,122,122,74,103,116,135,158,201,213,235,217,229,241,253,253],"floor_reached":16,"playtime":335,"items_purged":[],"score":176,"play_id":"430358af-bf9a-44e2-81aa-109574ae5fe0","local_time":"20201224230722","is_ascension_mode":true,"campfire_choices":[{"data":"FIFO Queue","floor":11,"key":"SMITH"},{"floor":15,"key":"REST"}],"circlet_count":0,"master_deck":["Strike_B","Strike_B","Strike_B","Defend_B","Defend_B","Defend_B","Defend_B","Dualcast","Turbo+1","Conserve Battery","Glacier","Hologram","FIFO Queue+1","Panic Button+1"],"relics":["Cracked Core","NeowsBlessing","Mango","MawBank","Replay:Antivirus Software"],"acts_visited":["Exordium"],"potions_floor_usage":[10],"damage_taken":[{"damage":0,"enemies":"Small Slimes","floor":1,"turns":1},{"damage":0,"enemies":"Jaw Worm","floor":2,"turns":1},{"damage":0,"enemies":"Lagavulin","floor":6,"turns":1},{"damage":0,"enemies":"Cultist","floor":7,"turns":4},{"damage":0,"enemies":"3 Louse","floor":8,"turns":3},{"damage":10,"enemies":"Gremlin Nob","floor":10,"turns":4},{"damage":24,"enemies":"Exordium Thugs","floor":12,"turns":8},{"damage":4,"enemies":"Looter","floor":13,"turns":4},{"damage":0,"enemies":"The Guardian","floor":16,"turns":2}],"seed_played":"5190281253764338502","potions_obtained":[{"floor":2,"key":"SkillPotion"},{"floor":8,"key":"LiquidBronze"},{"floor":10,"key":"Block Potion"},{"floor":12,"key":"SpeedPotion"}],"is_trial":false,"path_per_floor":["M","M","?","?","$","E","M","M","T","E","R","M","M","?","R","B"],"character_chosen":"DEFECT","items_purchased":["Conserve Battery"],"campfire_rested":1,"item_purchase_floors":[5],"current_hp_per_floor":[68,68,68,68,68,82,82,82,82,72,72,48,44,44,70,70,70],"gold":253,"neow_bonus":"THREE_ENEMY_KILL","is_daily":false,"chose_seed":false,"campfire_upgraded":1,"win_rate":0.0,"timestamp":1608822442,"path_taken":["M","M","?","?","?","E","M","?","T","E","R","M","M","?","R","BOSS"],"items_purchased_type":["Card"],"build_version":"2020-12-22","purchased_purges":0,"victory":false,"max_hp_per_floor":[75,75,75,75,75,89,89,89,89,89,89,89,89,89,89,89,89],"card_choices":[{"not_picked":["Time Bomb","Cold Snap"],"picked":"Turbo","floor":1},{"not_picked":["Streamline","Genetic Algorithm","Sweeping Beam"],"picked":"SKIP","floor":2},{"not_picked":["Barrage","ReplayTheSpireMod:Omega Cannon"],"picked":"Glacier","floor":6},{"not_picked":["Reinforced Body","Darkness","Scrape"],"picked":"SKIP","floor":7},{"not_picked":["Streamline","Heatsinks"],"picked":"Hologram","floor":8},{"not_picked":["Ball Lightning","Sunder"],"picked":"FIFO Queue","floor":10},{"not_picked":["Gash","All For One","Go for the Eyes"],"picked":"SKIP","floor":12},{"not_picked":["Panic Button","Crystallizer","Fusion"],"picked":"SKIP","floor":13}],"player_experience":377258,"relics_obtained":[{"floor":6,"key":"Mango"},{"floor":9,"key":"MawBank"},{"floor":10,"key":"Replay:Antivirus Software"}],"event_choices":[{"damage_healed":0,"gold_gain":0,"player_choice":"Grow","damage_taken":0,"max_hp_gain":0,"max_hp_loss":0,"event_name":"Living Wall","floor":3,"gold_loss":0,"cards_upgraded":["Turbo"]}],"is_beta":false,"boss_relics":[],"items_purged_floors":[],"is_endless":false,"potions_floor_spawned":[2,8,10,12],"killed_by":"The Guardian","ascension_level":6}}