{"host":"xkmvu47k9fdstweo","time":1608777002,"event":{"mods":["BaseMod","Colored Map","Conspire","Hubris","Minty Spire (QoL Compilation)","Quick Restart","Railgun Mod","Shop Mod","StSLib","The Alterego","The Servant 0.9.4","The Wild Card","TheBandit","WarShipGirlsR/??è≠èóR mod","vexMod"],"gold_per_floor":[117,192,46,46,63,93,93,120,120,120,120],"floor_reached":10,"playtime":173,"items_purged":["Strike_S"],"score":119,"play_id":"047e3ca8-6f7a-4799-aec1-b0b4aee53c1c","local_time":"20201223213002","is_ascension_mode":true,"campfire_choices":[],"circlet_count":0,"master_deck":["Strike_S","Strike_S","Strike_S","Defend_S","Defend_S","Defend_S","Defend_S","KidneyShot","Exchange","SilverBlades","InstantArmor","Misdirection","GearUp","Rearm"],"relics":["Uniform","NeowsBlessing","conspire:BottledYoYo","Peace Pipe","hubris:Icosahedron","HornCleat","vexMod:BarristanHead"],"acts_visited":["Exordium"],"potions_floor_usage":[10],"damage_taken":[{"damage":0,"enemies":"Jaw Worm","floor":1,"turns":1},{"damage":0,"enemies":"Small Slimes","floor":5,"turns":1},{"damage":0,"enemies":"3 Sentries","floor":6,"turns":2},{"damage":13,"enemies":"Lagavulin","floor":8,"turns":9},{"damage":10,"enemies":"3 Sentries","floor":10,"turns":1}],"seed_played":"-695472499520502380","potions_obtained":[{"floor":5,"key":"DuplicationPotion"},{"floor":6,"key":"LiquidMemories"},{"floor":8,"key":"PowerPotion"}],"is_trial":false,"path_per_floor":["M","?","$","?","M","E","?","E","T","E"],"character_chosen":"THE_SERVANT","items_purchased":["InstantArmor"],"campfire_rested":0,"item_purchase_floors":[3],"current_hp_per_floor":[65,54,54,42,42,42,42,29,29,19,19],"gold":120,"neow_bonus":"THREE_ENEMY_KILL","is_daily":false,"chose_seed":false,"campfire_upgraded":0,"win_rate":0.0,"timestamp":1608777002,"path_taken":["M","?","$","?","M","E","?","E","T","E"],"items_purchased_type":["Card"],"build_version":"2020-12-22","purchased_purges":1,"victory":false,"max_hp_per_floor":[65,65,65,65,65,65,65,65,65,65,65],"card_choices":[{"not_picked":["Ricochet","Spin"],"picked":"SilverBlades","floor":1},{"not_picked":["Deadline","TimeTheft"],"picked":"Misdirection","floor":5},{"not_picked":["Desolation","Manipulate"],"picked":"GearUp","floor":6},{"not_picked":["Ricochet","Advance"],"picked":"Rearm","floor":8}],"player_experience":330797,"relics_obtained":[{"floor":6,"key":"Peace Pipe"},{"floor":8,"key":"HornCleat"},{"floor":9,"key":"vexMod:BarristanHead"}],"event_choices":[{"damage_healed":0,"gold_gain":75,"player_choice":"Gather Gold","damage_taken":11,"max_hp_gain":0,"max_hp_loss":0,"event_name":"World of Goop","floor":2,"gold_loss":0},{"damage_healed":0,"gold_gain":0,"player_choice":"Success","damage_taken":12,"relics_obtained":["conspire:BottledYoYo"],"max_hp_gain":0,"max_hp_loss":0,"event_name":"Scrap Ooze","floor":4,"gold_loss":0}],"is_beta":false,"boss_relics":[],"items_purged_floors":[3],"is_endless":false,"potions_floor_spawned":[5,6,8],"killed_by":"3 Sentries","ascension_level":4}}