{"host":"2hlhnd4tei6r1t0s","time":1608793313,"event":{"mods":["ATMod(阿瑾Mod)","Act Like it!","Aspiration","Astrologer","BaseMod","Conspire","Dota2Spire","Gensokyo","Gremlin Mod","GungeonMod","Hallownest","Hermit","HumanHunterMod(怪物杀人mod)","Jedi Mod","Jorbs\u0027s Wanderer Trilogy","Koishi","Lobotomy","LobotomyExtend","Luminous","Mari Mod (Legacy)","Mari\u0027s V1 Patch","Minty Spire (QoL Compilation)","MostiFishMod","Pale of the Ancients","Potionbrewer","Prisma Mod","Quick Restart","Relic Stats","Replay The Spire","Robot Space Explorer","RumiaBox-露米娅的神秘盒子","Slay the Relics Exporter","StSLib","Synergy Search","TestMod","The Administrix","The Alterego","The Cursed","The Hayseed","The Mystic","The Poker Player","The Runesmith","TheWitcher","Uncapped","UnlockEverythingMod","WarShipGirlsR/战舰少女R mod","[IsaacMod]以撒尖塔","[地精首领爬塔]The Maniac","noobMod","vexMod","【东方二次创作】八云紫mod","【功能Mod】混沌之环修复补丁","【功能Mod】聪明的最终Boss","【遗物卡牌】REMEMod","残留之物"],"gold_per_floor":[152,1000000000,999998526,999998564,999997500,999997593,999997611,999997611,999997611,999996592,999996592,999996592,999996617,999996617,999996617,999996776,999996776,999996787,999996802,999995408,999995426,999995453,999995484,999995481,999994447,999994447,999994461,999994461,999994505,999994598,999994609,999994609,999994714,999994714,999994815,999994820,999993619,999993639,999993651,999993651,999992291,999992303,999992303],"floor_reached":42,"playtime":4079,"items_purged":["MariMod:Mari_Defend","MariMod:Mari_Defend","MariMod:Mari_Defend","MariMod:Mari_Defend","MariMod:Mari_Reminisce","MariMod:Mari_Cash_Back","MariMod:Mari_Delicacy","MariMod:Mari_Character_Development"],"score":678,"play_id":"b8ed52dc-6439-4739-829d-586196138137","local_time":"20201224150153","is_ascension_mode":false,"campfire_choices":[{"data":"MostiFishMod:MusicBox","floor":8,"key":"SMITH"},{"data":"REME_HeartOfCthun","floor":11,"key":"SMITH"},{"data":"MariMod:Mari_Heavy_Metal","floor":15,"key":"SMITH"},{"floor":32,"key":"DIG"},{"data":"testmod-PowerStrike+1","floor":40,"key":"SMITH"}],"circlet_count":0,"master_deck":["BettingIsNotGood","AT_ShadowStep","REME_HeartOfCthun+1","MariMod:Mari_The_Planisphere","MostiFishMod:JungleRules+1","MariMod:Mari_Fragile_Hope+1","MariMod:Mari_Overexertion+1","MariMod:Mari_Overexertion+1","MariMod:Mari_The_FLYING_CAR","MariMod:Mari_Approved","testmod-DeathImprint","MariMod:Mari_Lie_In_Wait+1","MariMod:Mari_Tough_Front+1","MariMod:Mari_Slap","MostiFishMod:MusicBox+1","MostiFishMod:SupremeArchaeology+1","MariMod:Mari_Heavy_Price","MariMod:Mari_Pent_Up_Emotions","MariMod:Mari_The_Beach_Episode+1","MariMod:Mari_Research","MariMod:Mari_Higher_Ups+1","MariMod:Mari_Higher_Ups+1","MariMod:Mari_Sparkle","MariMod:Mari_Approved","MariMod:Mari_Old_Costume+1","MariMod:Mari_Heavy_Metal+1","MariMod:Mari_Awe+1","MariMod:Mari_Perfect_Performance","MariMod:Mari_Slap+1","MariMod:Mari_Golden_Glint+1","MariMod:Mari_Reckless_Driving","MariMod:Mari_The_MANSION+1","testmod-ChaoticCore","MariMod:Mari_Lie_In_Wait+1","MariMod:Mari_Heavy_Metal","MariMod:Mari_Lock_On+1","MariMod:Mari_Heavy_Metal","MariMod:Mari_Boundless_Energy+1","MariMod:Mari_Sparkle","MariMod:Mari_Withdrawal","MariMod:Mari_Reckless_Driving","testmod-PowerStrike+2","MariMod:Mari_Character_Development","MariMod:Mari_Tough_Front+1","MariMod:Mari_Slap","MariMod:Mari_Mic_Check","MariMod:Mari_Mic_Check","MariMod:Mari_Tough_Front+1","MariMod:Mari_Awe+1","MariMod:Mari_Heavy_Price","MariMod:Mari_Its_Joke+1","MariMod:Mari_Oh_My_God+1","MariMod:Mari_Shining_Tornado","MariMod:Mari_The_HELICOPTER","MariMod:Mari_SHINY+1","MariMod:Mari_Withdrawal","MariMod:Mari_Overexertion+1","REME_Flogging","MariMod:Mari_Heavy_Price+1","MariMod:Mari_Tough_Front+1","MostiFishMod:PerfectForm","testmod-ComboMaster","MariMod:Mari_Expenses","MariMod:Mari_Its_Joke","MariMod:Mari_Closure+1","MariMod:Mari_Closure+1","MariMod:Mari_The_Light_We_Chase","MariMod:Mari_Second_Season+1","MariMod:Mari_Supervision","MariMod:Mari_Limelight","MariMod:Mari_Grand_Scheme+1","MariMod:Mari_Limelight","MariMod:Mari_Sparkle+1","Bomb","MariMod:Mari_Perfect_Performance","MariMod:Mari_Slap","MariMod:Mari_Slap","MariMod:Mari_Second_Season+1","MariMod:Mari_Choreography"],"relics":["MariMod:MariTheSpark","ice","testmod-TestBox","DaveBox","HushsDoor","AT_ATBox","NineVolt","EGODaCapo","testmod-ChristmasGift","aspiration:Nostalgia","Luminous:MirrorRelic","SynthV:TestCard","TuHaoJin","BelialBook","Toxic Egg 2","DemoMod:GnawedKey","SentryEyes","jedi:fakemustache","LetterFromLob","Toy Ornithopter","PlaceholderMod:DaolothFragment","TheAbacus","Dota2Spire:ArcaneBoots","Replay:Bottled Steam","Strawberry","AT_BellowingDragoncrestRing","BFFS","SatanicBible","Juzu Bracelet","vexMod:MysteryBossChallenge","vexMod:StarEater","Sling","Replay:Multitool","GodSword5","DemoMod:GlassGuonStoneRelic","Dota2Spire:HandOfMidas","Red Mask","conspire:TreasureMap","AT_SpeedBoots","testmod-LifeArmor","vexMod:InvisibilityCloak","testmod-Hope","ReplayTheSpireMod:DimensionalGlitch","MyShadow","GuppysPaw","Damocles","testmod-ObsoleteBoomerang","Dota2Spire:OctarineCore","AT_BellDemon","vexMod:ScavengeHelm","ChiLing","Chi","Ling","ReplayFunnel","SalivaCoin","TheBible","SumBook","White Beast Statue","Dota2Spire:HeartOfTarrasque","Dodecahedron"],"acts_visited":["Exordium","TheCity","TheBeyond"],"potions_floor_usage":[1,1,1,2,2,2,2,2,2,2,2,2,2,2,2,2,2,2,2,2,2,2,2,2,2,2,2,2,2,6,6,6,6,16,16,16,16,21,27,27,27,27,27,35,35,35,35,35,35,35,35,35,35,35,35],"damage_taken":[{"damage":0,"enemies":"Cultist","floor":1,"turns":2},{"damage":51,"enemies":"Hiden Room Battle","floor":2,"turns":5},{"damage":15,"enemies":"2 Louse","floor":4,"turns":2},{"damage":1,"enemies":"3 Sentries","floor":6,"turns":2},{"damage":0,"enemies":"Jaw Worm","floor":7,"turns":2},{"damage":0,"enemies":"Gremlin Nob","floor":13,"turns":2},{"damage":40,"enemies":"Hexaghost","floor":16,"turns":6},{"damage":7,"enemies":"Spheric Guardian","floor":18,"turns":4},{"damage":0,"enemies":"2 Thieves","floor":19,"turns":2},{"damage":13,"enemies":"Chosen and Byrds","floor":21,"turns":4},{"damage":2,"enemies":"Shelled Parasite and Fungi","floor":22,"turns":4},{"damage":6,"enemies":"conspire:Head Lice","floor":23,"turns":3},{"damage":0,"enemies":"Masked Bandits","floor":24,"turns":2},{"damage":0,"enemies":"Centurion and Healer","floor":27,"turns":2},{"damage":0,"enemies":"3 Cultists","floor":29,"turns":3},{"damage":0,"enemies":"Snake Plant","floor":31,"turns":2},{"damage":0,"enemies":"Automaton","floor":33,"turns":1},{"damage":0,"enemies":"3 Darklings","floor":35,"turns":3},{"damage":0,"enemies":"Orb Walker","floor":36,"turns":3},{"damage":0,"enemies":"Transient","floor":38,"turns":3},{"damage":2,"enemies":"3 Darklings","floor":39,"turns":2},{"damage":0,"enemies":"Writhing Mass","floor":42,"turns":1}],"seed_played":"-4306726621983802725","potions_obtained":[{"floor":13,"key":"SpeedPotion"},{"floor":16,"key":"SkillPotion"},{"floor":21,"key":"potionbrewer:SplittingPotion"},{"floor":23,"key":"FearPotion"},{"floor":24,"key":"Swift Potion"},{"floor":33,"key":"Dota2Spire:HealingSalve"},{"floor":35,"key":"potionbrewer:AcidPotion"}],"is_trial":false,"path_per_floor":["M","?","$","M","$","E","M","R","T","$","R","M","E","?","R","B",null,"M","M","$","M","M","E","?","$","T","M","?","M","?","M","R","B",null,"M","M","$","M","M","R","$","M"],"character_chosen":"MARI","items_purchased":["Toxic Egg 2","DemoMod:GnawedKey","SentryEyes","jedi:fakemustache","MostiFishMod:JungleRules+1","MariMod:Mari_Fragile_Hope+1","MariMod:Mari_Overexertion+1","MariMod:Mari_The_FLYING_CAR","MariMod:Mari_Approved","MariMod:Mari_Cash_Back","testmod-DeathImprint","Toy Ornithopter","PlaceholderMod:DaolothFragment","TheAbacus","MariMod:Mari_Tough_Front+1","MariMod:Mari_Slap","MostiFishMod:MusicBox","MostiFishMod:SupremeArchaeology+1","MariMod:Mari_Heavy_Price","Strawberry","AT_BellowingDragoncrestRing","BFFS","MariMod:Mari_Research","MariMod:Mari_Higher_Ups+1","MariMod:Mari_Sparkle","MariMod:Mari_Approved","MariMod:Mari_Old_Costume+1","Sling","Replay:Multitool","GodSword5","MariMod:Mari_Reckless_Driving","MariMod:Mari_The_MANSION+1","MariMod:Mari_Delicacy","testmod-ChaoticCore","MariMod:Mari_Lie_In_Wait+1","MariMod:Mari_Heavy_Metal","conspire:TreasureMap","AT_SpeedBoots","testmod-LifeArmor","testmod-PowerStrike+1","MariMod:Mari_Character_Development","MariMod:Mari_Tough_Front+1","MariMod:Mari_Slap","MariMod:Mari_Mic_Check","MyShadow","GuppysPaw","Damocles","MariMod:Mari_Shining_Tornado","MariMod:Mari_The_HELICOPTER","MariMod:Mari_SHINY+1","MariMod:Mari_Withdrawal","MariMod:Mari_Overexertion+1","REME_Flogging","AT_BellDemon","vexMod:ScavengeHelm","ChiLing","MostiFishMod:PerfectForm","testmod-ComboMaster","MariMod:Mari_Expenses","MariMod:Mari_Its_Joke","MariMod:Mari_Closure+1","White Beast Statue","Dota2Spire:HeartOfTarrasque","Dodecahedron","Bomb","MariMod:Mari_Perfect_Performance","MariMod:Mari_Slap","MariMod:Mari_Second_Season+1","MariMod:Mari_Choreography"],"campfire_rested":0,"item_purchase_floors":[3,3,3,3,3,3,3,3,3,3,3,5,5,5,5,5,5,5,5,10,10,10,10,10,10,10,10,20,20,20,20,20,20,20,20,20,25,25,25,25,25,25,25,25,34,34,34,34,34,34,34,34,34,37,37,37,37,37,37,37,37,41,41,41,41,41,41,41,41],"current_hp_per_floor":[72,32,72,57,72,72,72,72,72,79,79,79,79,79,79,47,79,74,76,79,77,79,85,85,85,85,85,85,85,70,72,72,72,28,28,28,28,28,30,30,39,0,0],"gold":999992303,"neow_bonus":"NOSTALGIA","is_daily":false,"chose_seed":false,"campfire_upgraded":4,"win_rate":0.0,"timestamp":1608793313,"path_taken":["M","?","$","M","$","E","M","R","T","$","R","M","E","?","R","BOSS","M","M","$","M","M","E","?","$","T","M","?","M","?","M","R","BOSS","M","M","$","M","M","R","$","M"],"items_purchased_type":["Relic","Relic","Relic","Relic","Card","Card","Card","Card","Card","Card","Card","Relic","Relic","Relic","Card","Card","Card","Card","Card","Relic","Relic","Relic","Card","Card","Card","Card","Card","Relic","Relic","Relic","Card","Card","Card","Card","Card","Card","Relic","Relic","Relic","Card","Card","Card","Card","Card","Relic","Relic","Relic","Card","Card","Card","Card","Card","Card","Relic","Relic","Relic","Card","Card","Card","Card","Card","Relic","Relic","Relic","Card","Card","Card","Card","Card"],"build_version":"2020-12-22","purchased_purges":8,"victory":false,"max_hp_per_floor":[72,72,72,72,72,72,72,72,72,79,79,79,79,79,79,79,79,79,79,79,79,79,85,85,85,85,85,85,85,85,85,85,85,28,28,28,28,28,31,31,39,39,39],"relic_stats":{"TheAbacus":[6],"counters":[22,55],"Juzu Bracelet":1,"obtain_stats":[{"Damocles":34,"AT_ATBox":0,"NineVolt":0,"Chi":37,"DemoMod:GlassGuonStoneRelic":2,"testmod-LifeArmor":25,"ice":0,"Sling":20,"BFFS":10,"SatanicBible":13,"vexMod:InvisibilityCloak":26,"Strawberry":10,"TuHaoJin":2,"MyShadow":34,"Toxic Egg 2":3,"testmod-ChristmasGift":0,"Replay:Bottled Steam":9,"KeepersGift":0,"Dota2Spire:HandOfMidas":23,"conspire:TreasureMap":25,"testmod-TestBox":0,"Dodecahedron":41,"aspiration:Nostalgia":0,"vexMod:ScavengeHelm":37,"BelialBook":2,"vexMod:MysteryBossChallenge":17,"Dota2Spire:HeartOfTarrasque":41,"AT_SpeedBoots":25,"Ling":37,"EGODaCapo":0,"vexMod:StarEater":17,"SentryEyes":3,"GodSword5":20,"HushsDoor":0,"ReplayTheSpireMod:DimensionalGlitch":34,"ChiLing":37,"AT_BellDemon":37,"ReplayFunnel":38,"DaveBox":0,"PlaceholderMod:DaolothFragment":5,"GuppysPaw":34,"Luminous:MirrorRelic":0,"Juzu Bracelet":14,"Replay:Multitool":20,"TheAbacus":5,"testmod-ObsoleteBoomerang":35,"DemoMod:GnawedKey":3,"Red Mask":24,"Dota2Spire:ArcaneBoots":6,"SumBook":39,"MariMod:MariTheSpark":0,"White Beast Statue":41,"jedi:fakemustache":3,"SynthV:TestCard":1,"AT_BellowingDragoncrestRing":10,"TheBible":39,"testmod-Hope":32,"LetterFromLob":4,"Dota2Spire:OctarineCore":36,"SalivaCoin":38,"Toy Ornithopter":5,"REME_ComplimentaryCards":0},{"Damocles":17,"AT_ATBox":0,"NineVolt":0,"Chi":19,"DemoMod:GlassGuonStoneRelic":2,"testmod-LifeArmor":13,"ice":0,"Sling":9,"BFFS":5,"SatanicBible":6,"vexMod:InvisibilityCloak":13,"Strawberry":5,"TuHaoJin":2,"MyShadow":17,"Toxic Egg 2":2,"testmod-ChristmasGift":0,"Replay:Bottled Steam":5,"KeepersGift":0,"Dota2Spire:HandOfMidas":12,"conspire:TreasureMap":13,"testmod-TestBox":0,"Dodecahedron":21,"aspiration:Nostalgia":0,"vexMod:ScavengeHelm":19,"BelialBook":2,"vexMod:MysteryBossChallenge":7,"Dota2Spire:HeartOfTarrasque":21,"AT_SpeedBoots":13,"Ling":19,"EGODaCapo":0,"vexMod:StarEater":7,"SentryEyes":2,"GodSword5":9,"HushsDoor":0,"ReplayTheSpireMod:DimensionalGlitch":17,"ChiLing":19,"AT_BellDemon":19,"ReplayFunnel":20,"DaveBox":0,"PlaceholderMod:DaolothFragment":3,"GuppysPaw":17,"Luminous:MirrorRelic":0,"Juzu Bracelet":6,"Replay:Multitool":9,"TheAbacus":3,"testmod-ObsoleteBoomerang":18,"DemoMod:GnawedKey":2,"Red Mask":13,"Dota2Spire:ArcaneBoots":4,"SumBook":21,"MariMod:MariTheSpark":0,"White Beast Statue":21,"jedi:fakemustache":2,"SynthV:TestCard":1,"AT_BellowingDragoncrestRing":5,"TheBible":21,"testmod-Hope":16,"LetterFromLob":3,"Dota2Spire:OctarineCore":19,"SalivaCoin":20,"Toy Ornithopter":3,"REME_ComplimentaryCards":0},{"Damocles":43,"AT_ATBox":0,"NineVolt":0,"Chi":49,"DemoMod:GlassGuonStoneRelic":7,"testmod-LifeArmor":35,"ice":0,"Sling":24,"BFFS":11,"SatanicBible":13,"vexMod:InvisibilityCloak":35,"Strawberry":11,"TuHaoJin":7,"MyShadow":43,"Toxic Egg 2":7,"testmod-ChristmasGift":0,"Replay:Bottled Steam":11,"KeepersGift":0,"Dota2Spire:HandOfMidas":33,"conspire:TreasureMap":35,"testmod-TestBox":0,"Dodecahedron":54,"aspiration:Nostalgia":0,"vexMod:ScavengeHelm":49,"BelialBook":7,"vexMod:MysteryBossChallenge":19,"Dota2Spire:HeartOfTarrasque":54,"AT_SpeedBoots":35,"Ling":49,"EGODaCapo":0,"vexMod:StarEater":19,"SentryEyes":7,"GodSword5":24,"HushsDoor":0,"ReplayTheSpireMod:DimensionalGlitch":43,"ChiLing":49,"AT_BellDemon":49,"ReplayFunnel":52,"DaveBox":0,"PlaceholderMod:DaolothFragment":8,"GuppysPaw":43,"Luminous:MirrorRelic":0,"Juzu Bracelet":13,"Replay:Multitool":24,"TheAbacus":8,"testmod-ObsoleteBoomerang":46,"DemoMod:GnawedKey":7,"Red Mask":35,"Dota2Spire:ArcaneBoots":10,"SumBook":54,"MariMod:MariTheSpark":0,"White Beast Statue":54,"jedi:fakemustache":7,"SynthV:TestCard":2,"AT_BellowingDragoncrestRing":11,"TheBible":54,"testmod-Hope":42,"LetterFromLob":8,"Dota2Spire:OctarineCore":49,"SalivaCoin":52,"Toy Ornithopter":8,"REME_ComplimentaryCards":0}],"Toy Ornithopter":6},"card_choices":[{"not_picked":[],"picked":"BettingIsNotGood","floor":0},{"not_picked":["MariMod:Mari_Reckless_Spending","MariMod:Mari_Tough_Front"],"picked":"MariMod:Mari_The_Planisphere","floor":1},{"not_picked":["MariMod:Mari_Reckless_Spending","MariMod:Mari_The_Planisphere","MariMod:Mari_Administrator_Privilege","MariMod:Mari_Old_Costume"],"picked":"MariMod:Mari_Character_Development","floor":2},{"not_picked":["MariMod:Mari_Glow","MariMod:Mari_Defiance+1","MariMod:Mari_Lets_Go+1","MariMod:Mari_Dolphin_Strike"],"picked":"MariMod:Mari_Lie_In_Wait+1","floor":4},{"not_picked":["MariMod:Mari_The_Beach_Episode+1","MariMod:Mari_Heavy_Price","MariMod:Mari_The_FLYING_CAR","MariMod:Mari_Lets_Go+1"],"picked":"MariMod:Mari_Pent_Up_Emotions","floor":6},{"not_picked":["MariMod:Mari_zzz+1","MariMod:Mari_Emotional_Episode+1","MariMod:Mari_Glimmer+1","MariMod:Mari_Unveiled_Secret+1"],"picked":"MariMod:Mari_The_Beach_Episode+1","floor":7},{"not_picked":["MariMod:Mari_Excitement","MariMod:Mari_Heavy_Metal","MariMod:Mari_Mic_Check","MariMod:Mari_Awe+1"],"picked":"Bomb","floor":13},{"not_picked":["MariMod:Mari_Tough_Front+1","Bomb","MariMod:Mari_Closure+1","MariMod:Mari_Slap"],"picked":"MariMod:Mari_Heavy_Metal","floor":13},{"not_picked":["MariMod:Mari_Withdrawal","MariMod:Mari_Collect_Thoughts+1","Bomb","MariMod:Mari_Expensive_Tastes+1"],"picked":"MariMod:Mari_Awe+1","floor":16},{"not_picked":["MariMod:Mari_All_Or_Nothing+1","MariMod:Mari_The_MANSION+1","MariMod:Mari_Supervision","MariMod:Mari_SHINY+1"],"picked":"MariMod:Mari_Perfect_Performance","floor":16},{"not_picked":["MariMod:Mari_Sparkle","MariMod:Mari_Lie_In_Wait+1","MariMod:Mari_Heavy_Metal","MariMod:Mari_Unveiled_Secret+1"],"picked":"MariMod:Mari_Slap+1","floor":18},{"not_picked":["MariMod:Mari_Well_Kept_Secret+1","MariMod:Mari_Defiance+1","MariMod:Mari_Its_Joke","MariMod:Mari_Old_Costume+1"],"picked":"MariMod:Mari_Golden_Glint+1","floor":19},{"not_picked":["MariMod:Mari_Research","MariMod:Mari_Well_Kept_Secret+1","MariMod:Mari_Dolphin_Strike","MariMod:Mari_Emotional_Episode+1"],"picked":"MariMod:Mari_Lock_On+1","floor":21},{"not_picked":["MariMod:Mari_Expensive_Tastes+1","MariMod:Mari_Pretty_Bomber_Head","MariMod:Mari_Character_Development","MariMod:Mari_Choreography"],"picked":"MariMod:Mari_Heavy_Metal","floor":22},{"not_picked":["MariMod:Mari_Lie_In_Wait+1","MariMod:Mari_Glow","MariMod:Mari_Dolphin_Strike","MariMod:Mari_Expenses"],"picked":"MariMod:Mari_Boundless_Energy+1","floor":22},{"not_picked":["MariMod:Mari_Well_Kept_Secret+1","MariMod:Mari_Slap","MariMod:Mari_Golden_Glint+1","MariMod:Mari_Character_Development"],"picked":"MariMod:Mari_Sparkle","floor":23},{"not_picked":["MariMod:Mari_Shine+1","MariMod:Mari_Emotional_Episode+1","MariMod:Mari_Glimmer+1","MariMod:Mari_Flaunt"],"picked":"MariMod:Mari_Withdrawal","floor":24},{"not_picked":["MariMod:Mari_Character_Development","MariMod:Mari_Reflection+1","MariMod:Mari_Self_Care+1","MariMod:Mari_Undying_Spark+1"],"picked":"MariMod:Mari_Reckless_Driving","floor":24},{"not_picked":["MariMod:Mari_Glow","MariMod:Mari_Flaunt","MariMod:Mari_Wishing_Fountain+1","MariMod:Mari_Lie_In_Wait+1"],"picked":"MariMod:Mari_Tough_Front+1","floor":27},{"not_picked":["MariMod:Mari_The_Planisphere","MariMod:Mari_Reflection+1","MariMod:Mari_Excitement","MariMod:Mari_No_Problem+1"],"picked":"MariMod:Mari_Awe+1","floor":29},{"not_picked":["MariMod:Mari_Overexertion+1","MariMod:Mari_Unveiled_Secret+1","MariMod:Mari_Supervision","MariMod:Mari_Defiance+1"],"picked":"MariMod:Mari_Heavy_Price","floor":29},{"not_picked":["MariMod:Mari_Dolphin_Strike","MariMod:Mari_Lie_In_Wait+1","MariMod:Mari_Research","MariMod:Mari_Reckless_Spending+1"],"picked":"MariMod:Mari_Its_Joke+1","floor":31},{"not_picked":["MariMod:Mari_Limelight","MariMod:Mari_All_Or_Nothing+1","MariMod:Mari_Supervision","MariMod:Mari_Administrator_Privilege"],"picked":"MariMod:Mari_Oh_My_God+1","floor":33},{"not_picked":["MariMod:Mari_Second_Season+1","MariMod:Mari_Fragile_Hope+1","MariMod:Mari_Pent_Up_Emotions+1","MariMod:Mari_Hug+1"],"picked":"MariMod:Mari_Heavy_Price+1","floor":35},{"not_picked":["MariMod:Mari_Golden_Glint+1","MariMod:Mari_zzz+1","MariMod:Mari_Shine+1","MariMod:Mari_Practice_Outfit+1"],"picked":"MariMod:Mari_Tough_Front+1","floor":36},{"not_picked":["MariMod:Mari_Overexertion+1","MariMod:Mari_Flaunt","MariMod:Mari_Wishing_Fountain+1","MariMod:Mari_Unveiled_Secret+1"],"picked":"MariMod:Mari_The_Light_We_Chase","floor":38},{"not_picked":["MariMod:Mari_Slap","MariMod:Mari_Heavy_Metal+1","MariMod:Mari_Tough_Front+1","MariMod:Mari_Grand_Scheme+1"],"picked":"MariMod:Mari_Second_Season+1","floor":38},{"not_picked":["MariMod:Mari_Hug+1","MariMod:Mari_Pretty_Bomber_Head+1","MariMod:Mari_Kyu+1","MariMod:Mari_Boundless_Energy+1"],"picked":"MariMod:Mari_Sparkle+1","floor":39}],"player_experience":6454,"relics_obtained":[{"floor":1,"key":"SynthV:TestCard"},{"floor":2,"key":"TuHaoJin"},{"floor":2,"key":"BelialBook"},{"floor":4,"key":"LetterFromLob"},{"floor":6,"key":"Dota2Spire:ArcaneBoots"},{"floor":9,"key":"Replay:Bottled Steam"},{"floor":13,"key":"SatanicBible"},{"floor":23,"key":"Dota2Spire:HandOfMidas"},{"floor":24,"key":"Red Mask"},{"floor":26,"key":"vexMod:InvisibilityCloak"},{"floor":32,"key":"testmod-Hope"},{"floor":35,"key":"testmod-ObsoleteBoomerang"},{"floor":36,"key":"Dota2Spire:OctarineCore"},{"floor":38,"key":"ReplayFunnel"},{"floor":38,"key":"SalivaCoin"},{"floor":39,"key":"TheBible"},{"floor":39,"key":"SumBook"}],"event_choices":[{"damage_healed":0,"gold_gain":0,"player_choice":"Fight","damage_taken":0,"max_hp_gain":0,"max_hp_loss":0,"event_name":"HidenRoomEvent","floor":2,"gold_loss":0},{"damage_healed":0,"gold_gain":0,"player_choice":"Swap Relic","damage_taken":0,"relics_obtained":["Juzu Bracelet"],"max_hp_gain":0,"max_hp_loss":0,"event_name":"给自己的盒子","floor":14,"relics_lost":["REME_ComplimentaryCards"],"gold_loss":0},{"damage_healed":0,"gold_gain":0,"player_choice":"Fought Bandits","damage_taken":0,"max_hp_gain":0,"max_hp_loss":0,"event_name":"Masked Bandits","floor":24,"gold_loss":0}],"is_beta":false,"boss_relics":[{"not_picked":["testmod-IncinerationGenerator","NightmareShop"],"picked":"vexMod:MysteryBossChallenge"},{"not_picked":[]},{"not_picked":["EE1DDrone","REME_ChargedStone"],"picked":"ReplayTheSpireMod:DimensionalGlitch"},{"not_picked":[]}],"items_purged_floors":[3,5,10,20,25,34,37,41],"is_endless":false,"potions_floor_spawned":[13,16,21,23,24,33,35],"killed_by":"Writhing Mass","ascension_level":0}}