{"host":"9kjfrj3pewitpdem","time":1608821844,"event":{"mods":["AchievementEnabler","BaseMod","Better Altar","Better Match","Better Note","Better Sensory Stone","Better Skull","Better Third Choice","BetterRewards","Colored Map","Colored Powertips","GifTheSpireLib","Hermit","Hero for Fun","Hubris","Jorbs\u0027s Wanderer Trilogy","Minty Spire (QoL Compilation)","Replay The Spire","StSLib","The Bladedancer","The Cursed","The Hierophant","The Runesmith","The Servant 0.9.4"],"gold_per_floor":[113,113,6,24,24,49,106,106,106,119,119,119,43,56,56,160,160,177,177,197,197,122,152,152,152,152],"floor_reached":25,"playtime":823,"items_purged":[],"score":267,"play_id":"57def198-2e6b-459f-8a61-d1d225934321","local_time":"20201225015724","is_ascension_mode":false,"campfire_choices":[{"data":"stsjorbsmod:ChainLightning","floor":8,"key":"SMITH"},{"data":"stsjorbsmod:TrueStrike","floor":12,"key":"SMITH"},{"data":"stsjorbsmod:SmithingStrike","floor":15,"key":"SMITH"}],"circlet_count":0,"master_deck":["stsjorbsmod:ForbiddenGrimoire+1","stsjorbsmod:Strike_Wanderer","stsjorbsmod:Strike_Wanderer","stsjorbsmod:Strike_Wanderer","stsjorbsmod:Defend_Wanderer","stsjorbsmod:Defend_Wanderer","stsjorbsmod:Defend_Wanderer","stsjorbsmod:Defend_Wanderer","stsjorbsmod:FreshAdventure","stsjorbsmod:EyeOfTheStorm+1","stsjorbsmod:ChainLightning+1","stsjorbsmod:TrueStrike+1","stsjorbsmod:Thorns","stsjorbsmod:SmithingStrike+1","stsjorbsmod:Banish","AbeCurse","stsjorbsmod:ParryingBlow","Strike_G","stsjorbsmod:ColorSpray","stsjorbsmod:DisguiseSelf+1"],"relics":["stsjorbsmod:GrimoireRelic","NeowsBlessing","Replay:Baseball","Eternal Feather","Bottled Flame","Sundial","Abe\u0027s Treasure","Bloody Idol","Blood Vial","Meat on the Bone","betterThird:NestCultRelic"],"acts_visited":["Exordium","TheCity"],"potions_floor_usage":[16,16,23,23,23],"damage_taken":[{"damage":0,"enemies":"2 Louse","floor":1,"turns":1},{"damage":0,"enemies":"Jaw Worm","floor":4,"turns":1},{"damage":0,"enemies":"Gremlin Nob","floor":6,"turns":1},{"damage":1,"enemies":"Cultist","floor":10,"turns":3},{"damage":13,"enemies":"Large Slime","floor":14,"turns":4},{"damage":34,"enemies":"Fading Forest","floor":16,"turns":11},{"damage":5,"enemies":"Spheric Guardian","floor":18,"turns":3},{"damage":11,"enemies":"Shell Parasite","floor":20,"turns":6},{"damage":0,"enemies":"Gremlin Leader","floor":23,"turns":3},{"damage":14,"enemies":"Book of Stabbing","floor":25,"turns":2}],"seed_played":"-7710246311216359606","potions_obtained":[{"floor":7,"key":"FearPotion"},{"floor":10,"key":"Regen Potion"},{"floor":14,"key":"Toxic Potion"},{"floor":18,"key":"Explosive Potion"},{"floor":20,"key":"BlessingOfTheForge"},{"floor":23,"key":"stsjorbsmod:BurningPotion"}],"is_trial":false,"path_per_floor":["M","?","?","M","$","E","?","R","T","M","$","R","$","M","R","B",null,"M","?","M","?","?","E","?","E"],"character_chosen":"WANDERER","items_purchased":["stsjorbsmod:Thorns"],"campfire_rested":0,"item_purchase_floors":[13],"current_hp_per_floor":[68,68,68,68,68,68,68,68,68,67,67,68,68,61,70,52,72,68,68,59,4,4,12,12,0,0],"gold":152,"neow_bonus":"THREE_ENEMY_KILL","is_daily":false,"chose_seed":false,"campfire_upgraded":3,"win_rate":0.0,"timestamp":1608821844,"path_taken":["M","?","?","?","$","E","?","R","T","M","?","R","$","?","R","BOSS","M","?","M","?","?","E","?","E"],"items_purchased_type":["Card"],"build_version":"2020-12-22","purchased_purges":0,"victory":false,"max_hp_per_floor":[68,68,68,68,68,68,68,68,68,68,68,68,68,72,72,72,72,72,72,72,72,72,72,72,72,72],"card_choices":[{"not_picked":["stsjorbsmod:Prepare","stsjorbsmod:Rest"],"picked":"stsjorbsmod:ChainLightning","floor":1},{"not_picked":["stsjorbsmod:DisguiseSelf","stsjorbsmod:Hibernate","stsjorbsmod:Prepare"],"picked":"SKIP","floor":4},{"not_picked":["stsjorbsmod:Message","stsjorbsmod:Counterspell"],"picked":"stsjorbsmod:TrueStrike","floor":6},{"not_picked":["stsjorbsmod:Inferno","stsjorbsmod:MistyStep","stsjorbsmod:LoseGrip"],"picked":"SKIP","floor":10},{"not_picked":["stsjorbsmod:MagicMirror","stsjorbsmod:Hurt"],"picked":"stsjorbsmod:SmithingStrike","floor":14},{"not_picked":["stsjorbsmod:Withdraw","stsjorbsmod:Determination"],"picked":"stsjorbsmod:Banish","floor":16},{"not_picked":["stsjorbsmod:Counterspell","stsjorbsmod:Introspection"],"picked":"stsjorbsmod:ParryingBlow","floor":18},{"not_picked":["stsjorbsmod:BurningFlask","stsjorbsmod:ChainLightning"],"picked":"stsjorbsmod:ColorSpray","floor":20},{"not_picked":["stsjorbsmod:BurningFlask","stsjorbsmod:MagicMirror"],"picked":"stsjorbsmod:DisguiseSelf+1","floor":23}],"player_experience":106276,"relics_obtained":[{"floor":6,"key":"Eternal Feather"},{"floor":7,"key":"Bottled Flame"},{"floor":9,"key":"Sundial"},{"floor":23,"key":"Meat on the Bone"}],"event_choices":[{"damage_healed":0,"gold_gain":0,"player_choice":"Grow","damage_taken":0,"max_hp_gain":0,"max_hp_loss":0,"event_name":"Living Wall","floor":2,"gold_loss":0,"cards_upgraded":["stsjorbsmod:EyeOfTheStorm"]},{"damage_healed":0,"gold_gain":0,"player_choice":"Paid Gold","damage_taken":0,"relics_obtained":["Replay:Baseball"],"max_hp_gain":0,"max_hp_loss":0,"event_name":"WeMeetAgain","floor":3,"gold_loss":107},{"damage_healed":0,"gold_gain":0,"player_choice":"Take","damage_taken":0,"max_hp_gain":0,"max_hp_loss":0,"event_name":"betterNote:BetterNote","floor":19,"gold_loss":0,"cards_obtained":["Strike_G"]},{"damage_healed":0,"gold_gain":0,"player_choice":" Idol Vial ","damage_taken":55,"relics_obtained":["Bloody Idol","Blood Vial"],"max_hp_gain":59,"max_hp_loss":4,"event_name":"betterAltar:BetterAltar","floor":21,"potions_obtained":[],"relics_lost":[],"gold_loss":0},{"cards_removed":["stsjorbsmod:Strike_Wanderer"],"damage_healed":0,"gold_gain":0,"player_choice":"Gave Gold","damage_taken":0,"max_hp_gain":0,"max_hp_loss":0,"event_name":"Beggar","floor":22,"gold_loss":75},{"damage_healed":0,"gold_gain":0,"player_choice":"Madness","damage_taken":0,"relics_obtained":["betterThird:NestCultRelic"],"max_hp_gain":0,"max_hp_loss":0,"event_name":"betterThird:BetterNest","floor":24,"gold_loss":0}],"is_beta":false,"boss_relics":[{"not_picked":["Busted Crown","hubris:GrandSneckoEye"],"picked":"Abe\u0027s Treasure"}],"items_purged_floors":[],"is_endless":false,"potions_floor_spawned":[10,14,18,20,23],"killed_by":"Book of Stabbing","ascension_level":0}}