{"host":"w8jq41i5zn1fudf9","time":1608853584,"event":{"mods":["2.2 Compatiblity","AchievementEnabler","Aspiration","Bartender","BaseMod","BetterRewards","Colored Map","Colored Powertips","GifTheSpireLib","Googly Eyes","Hermit","Hubris","Infinite Spire","Jedi Mod","Koishi","Magitek Elite","Minty Spire (QoL Compilation)","Permanent Neow","Quick Restart","Rare Cards Sparkle","Relic Stats","Replay The Spire","Shop Mod","Spire Birthday Party","StSLib","Td1madao Mod","The Awakened One except there are too many feathers","The Servant 0.9.4","Wandering Minibosses","egg","everything is the same but u backflip on backflip","slay the spire mod where everything is the same but ironclad has a cowboy hat"],"gold_per_floor":[109,109,109,119,130,158,158,16,39,58,58,58,74,74,74,152,152,164,25,100,120,120,120],"floor_reached":22,"playtime":904,"items_purged":[],"score":313,"play_id":"6ad7ebe2-7ecf-46c3-aa5d-438b2eb68d6c","local_time":"20201224164624","is_ascension_mode":true,"campfire_choices":[{"data":"Reset","floor":7,"key":"SMITH"},{"floor":12,"key":"REST"},{"floor":15,"key":"REST"}],"circlet_count":0,"master_deck":["AscendersBane","Strike_S","Strike_S+1","Strike_S","Strike_S","Defend_S+1","Defend_S","Defend_S+1","KidneyShot","Exchange","ShatteredReality+1","Moonlight","Injury","Rearm","Reset+1","Dilation","Spin+1","Luminosity","SoulSculpture+1","Starlight+1","Foresight","Potential+1","Revamp"],"relics":["Uniform","Molten Egg 2","Toy Ornithopter","Ancient Tea Set","aspiration:RunicSpoon"],"acts_visited":["Exordium","TheCity"],"potions_floor_usage":[16],"damage_taken":[{"damage":9.0,"enemies":"Jaw Worm","floor":1.0,"turns":3.0},{"damage":6.0,"enemies":"2 Louse","floor":4.0,"turns":2.0},{"damage":0.0,"enemies":"Cultist","floor":5.0,"turns":2.0},{"damage":12.0,"enemies":"Gremlin Nob","floor":6.0,"turns":4.0},{"damage":8,"enemies":"2 Fungi Beasts","floor":10,"turns":3},{"damage":0,"enemies":"Lots of Slimes","floor":13,"turns":1},{"damage":28,"enemies":"Fading Forest","floor":16,"turns":11},{"damage":30,"enemies":"3 Byrds","floor":18,"turns":5},{"damage":0,"enemies":"Spheric Guardian","floor":21,"turns":3},{"damage":21,"enemies":"Shelled Parasite and Fungi","floor":22,"turns":4}],"seed_played":"-8928264912509738585","potions_obtained":[{"floor":5.0,"key":"LiquidBronze"},{"floor":6.0,"key":"SkillPotion"},{"floor":16,"key":"Reflective Coating"},{"floor":21,"key":"SteroidPotion"}],"is_trial":false,"path_per_floor":["M","?","?","M","M","E","R","$","T","M","$","R","M","?","R","B",null,"M","$","?","M","M"],"character_chosen":"THE_SERVANT","items_purchased":["ShatteredReality+1","Dilation","Foresight","Potential+1","Revamp"],"campfire_rested":2,"item_purchase_floors":[0,8,19,19,19],"current_hp_per_floor":[45,45,45,39,39,27,27,27,27,19,19,37,37,25,43,44,56,26,26,20,20,0,0],"gold":120,"neow_bonus":"","is_daily":false,"chose_seed":false,"campfire_upgraded":1,"win_rate":0.0,"timestamp":1608853584,"path_taken":["M","?","?","M","M","E","R","$","T","M","$","R","M","?","R","BOSS","M","$","?","?","M"],"items_purchased_type":["Card","Card","Card","Card","Card"],"build_version":"2020-12-22","purchased_purges":0,"victory":false,"max_hp_per_floor":[60,60,60,60,60,60,60,60,60,60,60,60,60,60,60,60,60,60,60,60,60,60,60],"relic_stats":{"counters":[60,282],"aspiration:RunicSpoon":[13],"obtain_stats":[{"Replay:PocketPolymizer":7,"Tiny House":17,"SacredBark":34,"wanderingMiniBosses:AbyssPearl":49,"Uniform":0,"hubris:SlimyHat":8,"Ginger":0,"sneckomod:SneckoSoul":0,"Boot":38,"Ancient Tea Set":9,"m_ScarletBlood":2,"hubris:Icosahedron":23,"aspiration:DefectSkillbook":0,"hubris:ScarierMask":17,"infinitespire:Eraser":25,"Ring of Hypnosis":13,"aspiration:FetidBarrel":41,"Counterbalance":0,"aspiration:RunicSpoon":17,"Circlet":37,"infinitespire:Beetle Shell":9,"aspiration:HummingbirdHeart":14,"infinitespire:Lucky Rock":43,"hubris:Towel":29,"jedi:ominousloannote":10,"Ornamental Fan":10,"infinitespire:Satchel":7,"Ring of Fury":13,"Molten Egg 2":2,"Garlic":10,"Guard_Bracelet":9,"Mirror":24,"Toy Ornithopter":6},{"Replay:PocketPolymizer":4,"Tiny House":10,"SacredBark":19,"wanderingMiniBosses:AbyssPearl":26,"Uniform":0,"hubris:SlimyHat":49,"Ginger":35,"sneckomod:SneckoSoul":0,"Boot":21,"Ancient Tea Set":54,"m_ScarletBlood":36,"hubris:Icosahedron":13,"aspiration:DefectSkillbook":0,"hubris:ScarierMask":40,"infinitespire:Eraser":14,"Ring of Hypnosis":8,"aspiration:FetidBarrel":22,"Counterbalance":44,"aspiration:RunicSpoon":57,"Circlet":21,"infinitespire:Beetle Shell":49,"aspiration:HummingbirdHeart":34,"infinitespire:Lucky Rock":23,"hubris:Towel":15,"jedi:ominousloannote":49,"Ornamental Fan":49,"infinitespire:Satchel":31,"Ring of Fury":8,"Molten Egg 2":28,"Garlic":6,"Guard_Bracelet":31,"Mirror":13,"Toy Ornithopter":54},{"Replay:PocketPolymizer":14,"Tiny House":47,"SacredBark":90,"wanderingMiniBosses:AbyssPearl":124,"Uniform":0,"hubris:SlimyHat":242,"Ginger":170,"sneckomod:SneckoSoul":0,"Boot":100,"Ancient Tea Set":255,"m_ScarletBlood":174,"hubris:Icosahedron":60,"aspiration:DefectSkillbook":0,"hubris:ScarierMask":194,"infinitespire:Eraser":65,"Ring of Hypnosis":35,"aspiration:FetidBarrel":106,"Counterbalance":213,"aspiration:RunicSpoon":270,"Circlet":100,"infinitespire:Beetle Shell":242,"aspiration:HummingbirdHeart":162,"infinitespire:Lucky Rock":111,"hubris:Towel":69,"jedi:ominousloannote":242,"Ornamental Fan":242,"infinitespire:Satchel":150,"Ring of Fury":35,"Molten Egg 2":133,"Garlic":27,"Guard_Bracelet":150,"Mirror":60,"Toy Ornithopter":255}],"Toy Ornithopter":5},"card_choices":[{"not_picked":["Manipulate","Ricochet"],"picked":"Moonlight","floor":1.0},{"not_picked":["Manipulate","Alleviate"],"picked":"Rearm","floor":4.0},{"not_picked":["Advance","FastForward","StarChef"],"picked":"SKIP","floor":5.0},{"not_picked":["Foresight","Ricochet+1"],"picked":"Reset","floor":6.0},{"not_picked":["Unruled+1","Revamp"],"picked":"Spin+1","floor":10},{"not_picked":["Rearm","ShatteredReality+1"],"picked":"Luminosity","floor":13},{"not_picked":["Embodiment","SilverMatrix"],"picked":"SoulSculpture+1","floor":16},{"not_picked":["FastForward","Rewind"],"picked":"Starlight+1","floor":18},{"not_picked":["Foresight","Rearm","Starlight+1"],"picked":"SKIP","floor":21}],"player_experience":248833,"relics_obtained":[{"floor":6.0,"key":"Toy Ornithopter"},{"floor":9,"key":"Ancient Tea Set"}],"event_choices":[{"damage_healed":0,"gold_gain":0,"player_choice":"Entered Light","damage_taken":12,"max_hp_gain":0,"max_hp_loss":0,"event_name":"Shining Light","floor":14,"gold_loss":0,"cards_upgraded":["Strike_S","Defend_S"]},{"damage_healed":0,"gold_gain":75,"player_choice":"Touch","damage_taken":6,"max_hp_gain":0,"max_hp_loss":0,"event_name":"FaceTrader","floor":20,"gold_loss":0}],"is_beta":false,"boss_relics":[{"not_picked":["hubris:CrackedHourglass","hubris:ScarierMask"],"picked":"aspiration:RunicSpoon"}],"items_purged_floors":[],"is_endless":false,"potions_floor_spawned":[5,6,13,16,21],"killed_by":"Shelled Parasite and Fungi","ascension_level":14}}