{"host":"jpyc2kczef5p02oc","time":1608781967,"event":{"mods":["ATMod(阿瑾Mod)","BaseMod","Friendly Minions","Hubris","Marisa（F雨　魔理沙）","Minty Spire (QoL Compilation)","StSLib","Td1madao Mod","The Servant 0.9.4","【功能Mod】聪明的最终Boss"],"gold_per_floor":[119,194,210,222,234,269,234,234,234,234,260,273,308,325,325,399,399,410,410,83,83,83,83,118,118,169,196,215,243,260,289,289,361,361,381,381,406,424,205,236,78,105,105,116,116,151,151,168,168,168,168],"floor_reached":50,"playtime":2245,"items_purged":[],"score":1309,"play_id":"b2a13b52-eeee-4b38-8b47-afbd5c3a1389","local_time":"20201224115247","is_ascension_mode":true,"campfire_choices":[{"data":"Armaments","floor":8.0,"key":"SMITH"},{"data":"Hemokinesis","floor":10.0,"key":"SMITH"},{"data":"AT_MachinaRedman","floor":15.0,"key":"SMITH"},{"floor":23.0,"key":"REST"},{"data":"AT_ShrugMaster","floor":25.0,"key":"SMITH"},{"floor":32.0,"key":"REST"},{"floor":47.0,"key":"RECALL"},{"data":"Barricade","floor":49.0,"key":"SMITH"}],"circlet_count":0,"master_deck":["AscendersBane","Strike_R","Strike_R","Strike_R","Strike_R","Defend_R+1","Defend_R+1","Defend_R","Defend_R","Bash","AT_MachinaRedman+1","Pommel Strike","Hemokinesis+1","Armaments+1","AT_IchimonjiDouble","Bludgeon","Pommel Strike","Demon Form","AT_ShrugMaster+1","AT_BodySlamDance","Warcry+1","Immolate","Headbutt+1","AT_BodySlamDance","Barricade+1","Writhe"],"relics":["Burning Blood","AT_ATBox","NeowsBlessing","Potion Belt","hubris:AstralHammer","War Paint","hubris:CrackedHourglass","hubris:Zylophone","Mummified Hand","hubris:CuriousFeather","hubris:FruitBowl","hubris:ToyBattleship","hubris:SlimyHat","Nunchaku","White Beast Statue","Art of War","Philosopher\u0027s Stone","Gambling Chip","hubris:EmptyBottle","Singing Bowl","AT_ArchangelStaff","Gremlin Horn","AT_ForceNature","Bottled Tornado"],"acts_visited":["Exordium","TheCity","TheBeyond"],"potions_floor_usage":[50,50,50,50,50],"damage_taken":[{"damage":0.0,"enemies":"Cultist","floor":1.0,"turns":1.0},{"damage":0.0,"enemies":"Small Slimes","floor":3.0,"turns":2.0},{"damage":0.0,"enemies":"2 Louse","floor":4.0,"turns":1.0},{"damage":5.0,"enemies":"Blue Slaver","floor":5.0,"turns":2.0},{"damage":38.0,"enemies":"Gremlin Nob","floor":6.0,"turns":4.0},{"damage":19.0,"enemies":"3 Sentries","floor":11.0,"turns":4.0},{"damage":1.0,"enemies":"Looter","floor":12.0,"turns":2.0},{"damage":0.0,"enemies":"Gremlin Nob","floor":13.0,"turns":1.0},{"damage":18.0,"enemies":"Lots of Slimes","floor":14.0,"turns":4.0},{"damage":44.0,"enemies":"The Guardian","floor":16.0,"turns":8.0},{"damage":5.0,"enemies":"3 Byrds","floor":18.0,"turns":5.0},{"damage":20.0,"enemies":"Gremlin Leader","floor":24.0,"turns":5.0},{"damage":6.0,"enemies":"Book of Stabbing","floor":27.0,"turns":2.0},{"damage":0.0,"enemies":"Spheric Guardian","floor":28.0,"turns":3.0},{"damage":20.0,"enemies":"Gremlin Leader","floor":29.0,"turns":4.0},{"damage":0.0,"enemies":"Snecko","floor":30.0,"turns":3.0},{"damage":29.0,"enemies":"Slavers","floor":31.0,"turns":3.0},{"damage":17.0,"enemies":"Champ","floor":33.0,"turns":6.0},{"damage":9.0,"enemies":"3 Shapes","floor":35.0,"turns":2.0},{"damage":5.0,"enemies":"Mind Bloom Boss Battle","floor":37.0,"turns":3.0},{"damage":11.0,"enemies":"3 Darklings","floor":38.0,"turns":2.0},{"damage":10.0,"enemies":"Reptomancer","floor":40.0,"turns":2.0},{"damage":16.0,"enemies":"Giant Head","floor":42.0,"turns":2.0},{"damage":2.0,"enemies":"Transient","floor":44.0,"turns":5.0},{"damage":19.0,"enemies":"Nemesis","floor":46.0,"turns":3.0},{"damage":1.0,"enemies":"Maw","floor":48.0,"turns":4.0},{"damage":26,"enemies":"Awakened One","floor":50,"turns":8}],"seed_played":"2965723240812126829","potions_obtained":[{"floor":4.0,"key":"BloodPotion"},{"floor":5.0,"key":"ElixirPotion"},{"floor":12.0,"key":"Ancient Potion"},{"floor":14.0,"key":"FairyPotion"},{"floor":16.0,"key":"Fruit Juice"},{"floor":27.0,"key":"EssenceOfSteel"},{"floor":28.0,"key":"Fruit Juice"},{"floor":30.0,"key":"Dexterity Potion"},{"floor":31.0,"key":"Regen Potion"},{"floor":33.0,"key":"DistilledChaos"},{"floor":35.0,"key":"CultistPotion"},{"floor":38.0,"key":"BlessingOfTheForge"},{"floor":40.0,"key":"DistilledChaos"},{"floor":44.0,"key":"Strength Potion"},{"floor":46.0,"key":"BloodPotion"}],"is_trial":false,"path_per_floor":["M","?","M","M","M","E","?","R","T","R","E","M","E","M","R","B",null,"M","?","$","?","$","R","E","R","T","E","M","E","M","E","R","B",null,"M","?","?","M","$","E","$","E","T","M","?","E","R","M","R","B"],"character_chosen":"IRONCLAD","items_purchased":["hubris:Zylophone","Mummified Hand","hubris:CuriousFeather","hubris:FruitBowl","AT_BodySlamDance","hubris:EmptyBottle","AT_ArchangelStaff"],"campfire_rested":2,"item_purchase_floors":[20,22,22,22,39,39,41],"current_hp_per_floor":[74,63,69,75,75,43,61,61,61,61,63,68,74,62,62,29,67,68,68,68,80,26,50,36,36,36,36,49,35,41,18,44,48,77,74,74,75,70,70,69,69,59,59,66,85,75,75,83,83,0,0],"gold":168,"neow_bonus":"THREE_ENEMY_KILL","is_daily":false,"chose_seed":false,"campfire_upgraded":5,"win_rate":0.0,"timestamp":1608781967,"path_taken":["M","?","M","M","M","E","?","R","T","R","E","M","E","M","R","BOSS","M","?","$","?","?","R","E","R","T","E","M","E","M","E","R","BOSS","M","?","?","M","?","E","$","E","T","?","?","E","R","M","R","BOSS"],"items_purchased_type":["Relic","Relic","Relic","Relic","Card","Relic","Relic"],"build_version":"2020-12-22","purchased_purges":0,"victory":false,"max_hp_per_floor":[75,75,75,75,75,75,75,75,75,75,75,75,75,75,75,80,80,80,80,80,80,80,80,80,80,80,80,87,87,87,87,87,87,87,87,87,87,87,87,90,90,90,90,93,93,96,96,99,99,99,99],"card_choices":[{"not_picked":["Clash","Intimidate"],"picked":"Pommel Strike","floor":1.0},{"not_picked":["Fire Breathing","hubris:ReadiedAction"],"picked":"Hemokinesis","floor":3.0},{"not_picked":["hubris:ReadiedAction","Clash"],"picked":"Armaments","floor":4.0},{"not_picked":["Heavy Blade","Fire Breathing"],"picked":"AT_IchimonjiDouble","floor":5.0},{"not_picked":["Dual Wield","Rage"],"picked":"Bludgeon","floor":6.0},{"not_picked":["Warcry","Dual Wield","Bloodletting"],"picked":"SKIP","floor":11.0},{"not_picked":["hubris:CleavingFinish","Heavy Blade","Clash"],"picked":"SKIP","floor":12.0},{"not_picked":["Second Wind","hubris:ReadiedAction"],"picked":"Pommel Strike","floor":13.0},{"not_picked":["Intimidate","Whirlwind","Sword Boomerang"],"picked":"SKIP","floor":14.0},{"not_picked":["Barricade","Fiend Fire"],"picked":"Demon Form","floor":16.0},{"not_picked":["hubris:ReadiedAction","Iron Wave"],"picked":"AT_ShrugMaster","floor":18.0},{"not_picked":["Evolve","Entrench"],"picked":"AT_BodySlamDance","floor":24.0},{"not_picked":["Twin Strike+1","Corruption","Perfected Strike"],"picked":"SKIP","floor":27.0},{"not_picked":["Thunderclap","Shockwave","True Grit"],"picked":"SKIP","floor":28.0},{"not_picked":["Wild Strike","Fiend Fire"],"picked":"Warcry+1","floor":29.0},{"not_picked":["Fire Breathing","Flex+1","AT_IchimonjiDouble"],"picked":"SKIP","floor":30.0},{"not_picked":["Anger+1","True Grit","Sword Boomerang"],"picked":"SKIP","floor":31.0},{"not_picked":["hubris:StunningStrike","Juggernaut"],"picked":"Immolate","floor":33.0},{"not_picked":["Iron Wave","Wild Strike"],"picked":"Headbutt+1","floor":35.0},{"not_picked":["Anger","Body Slam","Metallicize"],"picked":"SKIP","floor":38.0},{"not_picked":["Headbutt","hubris:SharpeningStone+1","True Grit"],"picked":"Singing Bowl","floor":40.0},{"not_picked":["Clothesline","Entrench"],"picked":"Barricade","floor":42.0},{"not_picked":["Infernal Blade+1","Thunderclap","AT_IchimonjiDouble"],"picked":"Singing Bowl","floor":44.0},{"not_picked":["Perfected Strike","AT_GerminateFire","Clothesline+1"],"picked":"Singing Bowl","floor":46.0},{"not_picked":["Wild Strike","AT_BodySlamDance","AT_DiedThrough"],"picked":"Singing Bowl","floor":48.0}],"player_experience":269156,"relics_obtained":[{"floor":6.0,"key":"Potion Belt"},{"floor":11.0,"key":"hubris:AstralHammer"},{"floor":13.0,"key":"War Paint"},{"floor":24.0,"key":"hubris:ToyBattleship"},{"floor":26.0,"key":"hubris:SlimyHat"},{"floor":27.0,"key":"Nunchaku"},{"floor":29.0,"key":"White Beast Statue"},{"floor":31.0,"key":"Art of War"},{"floor":37.0,"key":"Gambling Chip"},{"floor":40.0,"key":"Singing Bowl"},{"floor":42.0,"key":"Gremlin Horn"},{"floor":43.0,"key":"AT_ForceNature"},{"floor":46.0,"key":"Bottled Tornado"}],"event_choices":[{"damage_healed":0.0,"max_hp_gain":0.0,"max_hp_loss":0.0,"gold_gain":75.0,"event_name":"World of Goop","player_choice":"Gather Gold","floor":2.0,"gold_loss":0.0,"damage_taken":11.0},{"damage_healed":18.0,"max_hp_gain":0.0,"max_hp_loss":0.0,"gold_gain":0.0,"event_name":"The Cleric","player_choice":"Healed","floor":7.0,"gold_loss":35.0,"damage_taken":0.0},{"damage_healed":0.0,"max_hp_gain":0.0,"max_hp_loss":0.0,"gold_gain":0.0,"event_name":"Ghosts","player_choice":"Ignored","floor":19.0,"gold_loss":0.0,"damage_taken":0.0},{"damage_healed":16.0,"max_hp_gain":0.0,"max_hp_loss":0.0,"gold_gain":0.0,"event_name":"The Library","player_choice":"Heal","floor":21.0,"gold_loss":0.0,"damage_taken":0.0},{"cards_removed":["Strike_R"],"damage_healed":0.0,"max_hp_gain":0.0,"max_hp_loss":0.0,"gold_gain":0.0,"event_name":"Falling","player_choice":"Removed Attack","floor":36.0,"gold_loss":0.0,"damage_taken":0.0},{"damage_healed":0.0,"max_hp_gain":0.0,"max_hp_loss":0.0,"gold_gain":0.0,"event_name":"MindBloom","player_choice":"Fight","floor":37.0,"gold_loss":0.0,"damage_taken":0.0},{"damage_healed":19.0,"max_hp_gain":0.0,"max_hp_loss":0.0,"gold_gain":0.0,"event_name":"Winding Halls","player_choice":"Writhe","floor":45.0,"gold_loss":0.0,"damage_taken":0.0,"cards_obtained":["Writhe"]}],"is_beta":false,"boss_relics":[{"not_picked":["Ectoplasm","Coffee Dripper"],"picked":"hubris:CrackedHourglass"},{"not_picked":["Astrolabe","hubris:RunicObelisk"],"picked":"Philosopher\u0027s Stone"}],"items_purged_floors":[],"is_endless":false,"potions_floor_spawned":[4,5,12,14,16,27,28,30,31,33,35,37,38,40,42,44,46,48],"killed_by":"Awakened One","ascension_level":18}}