{"host":"2g3a9o4nvxna76t1","time":1608835949,"event":{"mods":["2.2 Compatiblity","Act Like it!","Aspiration","BaseMod","BetterRewards","Challenge The Spire","Colored Map","Colored Powertips","Conspire","Downfall","Energized Spire","GifTheSpireLib","GungeonMod","Halation","Highlight Path","Hubris","Infinite Spire","Mimic Mod","Minty Spire (QoL Compilation)","Pale of the Ancients","Quick Restart","Random Character Button","Replay The Spire","Reworked Bosses","Shop Mod","Spikes Relics","StSLib","Strawberry Spire","Stuff the Spire","SuperFastMode","Swap Starting Deck Mod","Waifu the Spire","vexMod"],"gold_per_floor":[114,114,114,133,133,164,181,246,293,293,293,305,305,337,349,465,477,509,521,533,635,661,673,274,299,332,25,25,25,25],"floor_reached":29,"playtime":1308,"items_purged":["Strike_R"],"score":309,"play_id":"3ebdcd84-604e-4a13-8759-e996ddf8555c","local_time":"20201224125229","is_ascension_mode":true,"campfire_choices":[{"data":"StuffTheSpire:Perfection","floor":11,"key":"SMITH"},{"floor":13,"key":"REST"},{"data":"True Grit","floor":23,"key":"SMITH"}],"circlet_count":0,"master_deck":["Twin Strike","Strike_R","Strike_R","Strike_R","Defend_R","Defend_R","Defend_R+1","Bash","Pommel Strike+1","strawberrySpire:Endurance+1","True Grit+1","Twin Strike","Heavy Blade+1","Reaper","CurseOfTheBell","Cleave+1","Shrug It Off+1","Fire Breathing","hubris:EnhanceAbility","Armaments+1","Dark Embrace"],"relics":["Burning Blood","StuffTheSpire:OldFever","hubris:ToyBattleship","infinitespire:Beetle Shell","ReplayTheSpireMod:Lightbulb","Ornamental Fan","aspiration:AnachronicSnailShell","strawberrySpire:Flakhammer","MerchantsRug","DemoMod:LamentConfigurum","Pantograph","strawberrySpire:WyrmJar"],"acts_visited":["Exordium","TheCity"],"potions_floor_usage":[6,25,28],"damage_taken":[{"damage":6,"enemies":"Cultist","floor":1,"turns":3},{"damage":12,"enemies":"Jaw Worm","floor":4,"turns":2},{"damage":22,"enemies":"3 Sentries","floor":6,"turns":11},{"damage":3,"enemies":"2 Louse","floor":7,"turns":2},{"damage":39,"enemies":"3 Sentries","floor":8,"turns":9},{"damage":2,"enemies":"Exordium Thugs","floor":12,"turns":3},{"damage":13,"enemies":"Lagavulin","floor":14,"turns":4},{"damage":57,"enemies":"The Guardian","floor":16,"turns":12},{"damage":15,"enemies":"Spheric Guardian","floor":18,"turns":5},{"damage":21,"enemies":"conspire:FuzzyDice","floor":22,"turns":6},{"damage":29,"enemies":"Book of Stabbing","floor":25,"turns":6},{"damage":2,"enemies":"Snake Plant","floor":26,"turns":5},{"damage":28,"enemies":"Colosseum Slavers","floor":28,"turns":6},{"damage":20,"enemies":"Gremlin Leader","floor":29,"turns":6}],"seed_played":"-2884533085527441747","potions_obtained":[{"floor":4,"key":"PowerPotion"},{"floor":14,"key":"Ancient Potion"},{"floor":16,"key":"Fire Potion"},{"floor":22,"key":"Guardian:BlockOnCardUsePotion"}],"is_trial":false,"path_per_floor":["M","?","?","M","?","E","M","?","T","?","R","M","R","E","R_BF","B",null,"M","?","T","?","M","R","$","E","MIM","$","?","E"],"character_chosen":"IRONCLAD","items_purchased":["MerchantsRug","Fire Breathing","hubris:EnhanceAbility","strawberrySpire:WyrmJar","Dark Embrace"],"campfire_rested":1,"item_purchase_floors":[24,24,24,27,27],"current_hp_per_floor":[80,77,77,71,71,62,65,32,32,32,32,36,62,55,81,30,73,65,65,65,53,46,46,46,23,33,33,19,0,0],"gold":25,"neow_bonus":"REMOVE_CARD","is_daily":false,"chose_seed":false,"campfire_upgraded":2,"win_rate":0.0,"timestamp":1608835949,"path_taken":["M","?","?","M","?","E","?","?","T","?","R","M","R","E","R_BF","BOSS","M","?","?","?","?","R","$","E","MIM","$","?","E"],"items_purchased_type":["Relic","Card","Card","Relic","Card"],"build_version":"2020-12-22","purchased_purges":1,"victory":false,"max_hp_per_floor":[80,80,80,80,80,87,87,87,87,87,87,87,87,87,87,87,87,87,87,87,87,87,87,87,87,87,87,87,87,87],"card_choices":[{"not_picked":["Thunderclap","Battle Trance"],"picked":"Pommel Strike","floor":1},{"not_picked":["Battle Trance","Wild Strike","Run Through"],"picked":"SKIP","floor":4},{"not_picked":["Invigoration","strawberrySpire:GettingOverIt"],"picked":"strawberrySpire:Endurance","floor":6},{"not_picked":["Invigoration","Warcry"],"picked":"True Grit","floor":7},{"not_picked":["Reckless Charge","Replay:Undeath\u0027s Touch"],"picked":"Twin Strike","floor":8},{"not_picked":["StuffTheSpire:Rapture","StuffTheSpire:Harmony"],"picked":"StuffTheSpire:Perfection","floor":10},{"not_picked":["Pommel Strike","Clash","ReplayReversal"],"picked":"SKIP","floor":12},{"not_picked":["strawberrySpire:PumpUp","StuffTheSpire:TitanForm"],"picked":"Heavy Blade","floor":14},{"not_picked":["Eclipse","conspire:Purge"],"picked":"Reaper","floor":16},{"not_picked":["Heavy Blade+1","strawberrySpire:DraftPunk"],"picked":"Cleave+1","floor":18},{"not_picked":["Wild Strike+1","hubris:ReadiedAction"],"picked":"Shrug It Off+1","floor":22},{"not_picked":["conspire:HitWhereItHurts","Replay:Undeath\u0027s Touch"],"picked":"Armaments+1","floor":25}],"player_experience":332013,"relics_obtained":[{"floor":6,"key":"DemoMod:MonsterBlood"},{"floor":8,"key":"hubris:ToyBattleship"},{"floor":9,"key":"infinitespire:Beetle Shell"},{"floor":14,"key":"MawBank"},{"floor":17,"key":"ReplayTheSpireMod:Lightbulb"},{"floor":17,"key":"Ornamental Fan"},{"floor":17,"key":"aspiration:AnachronicSnailShell"},{"floor":20,"key":"strawberrySpire:Flakhammer"},{"floor":25,"key":"DemoMod:LamentConfigurum"},{"floor":26,"key":"Pantograph"}],"event_choices":[{"damage_healed":0,"gold_gain":0,"player_choice":"Success","damage_taken":3,"relics_obtained":["StuffTheSpire:OldFever"],"max_hp_gain":0,"max_hp_loss":0,"event_name":"Scrap Ooze","floor":2,"gold_loss":0},{"damage_healed":0,"gold_gain":0,"player_choice":"Bought 0 Potions","damage_taken":0,"max_hp_gain":0,"max_hp_loss":0,"event_name":"The Woman in Blue","floor":5,"gold_loss":0},{"damage_healed":0,"gold_gain":0,"player_choice":"Searched \u00271\u0027 times","damage_taken":0,"max_hp_gain":0,"max_hp_loss":0,"event_name":"Dead Adventurer","floor":8,"gold_loss":0},{"damage_healed":0,"gold_gain":90,"player_choice":"GOLD ","damage_taken":12,"max_hp_gain":0,"max_hp_loss":0,"event_name":"Knowing Skull","floor":21,"potions_obtained":[],"gold_loss":0,"cards_obtained":[]},{"damage_healed":0,"gold_gain":0,"player_choice":"Fight","damage_taken":0,"max_hp_gain":0,"max_hp_loss":0,"event_name":"Colosseum","floor":28,"gold_loss":0},{"damage_healed":0,"gold_gain":0,"player_choice":"Fled From Nobs","damage_taken":0,"max_hp_gain":0,"max_hp_loss":0,"event_name":"Colosseum","floor":28,"gold_loss":0}],"is_beta":false,"boss_relics":[{"not_picked":["Replay:Wanted Poster","hubris:HollowSoul"],"picked":"Calling Bell"}],"items_purged_floors":[24],"is_endless":false,"potions_floor_spawned":[4,14,16,22,28],"killed_by":"Gremlin Leader","ascension_level":5}}