{"host":"t4vqa88y94iqzvf0","time":1608840497,"event":{"mods":["Aspiration","BaseMod","Colored Map","Conspire","Downfall","Hermit","Hubris","Jorbs\u0027s Wanderer Trilogy","Koishi","Marisa????????","Minty Spire (QoL Compilation)","Rare Cards Sparkle","StSLib","Td1madao Mod","The Bug Knight","The Cursed","The Disciple","The Hierophant","The Marked","The Necromancer","The Servant 0.9.4"],"gold_per_floor":[99,99,99,549,549,549,549,649,574,30,92,112,162,175,190,190,190,190],"floor_reached":16,"playtime":981,"items_purged":[],"score":88,"play_id":"4d3f264b-c806-4a2e-834d-d716ebf59d26","local_time":"20201224150817","is_ascension_mode":false,"campfire_choices":[{"floor":1,"key":"RECALL"},{"data":"hexamod:Rewind","floor":9,"key":"SMITH"}],"circlet_count":0,"master_deck":["hexamod:Strike","hexamod:Strike","hexamod:Strike","hexamod:Defend","hexamod:Defend","hexamod:Defend","hexamod:Sear","hexamod:Float","Slice","Expertise","Unload","Slimebound:Icky","Slimebound:Icky","Slimebound:Icky","hexamod:ShieldOfDarkness","hexamod:Rewind+1","hexamod:SwordOfDarkness","Chrysalis","hexamod:GhostOfSpirePresent","hexamod:FastForward","hexamod:NightmareStrike","hexamod:TimeOfNeed","hexamod:GhostLash","hexamod:RecurringNightmare","hexamod:ShieldOfDarkness","hexamod:SearingWound","hexamod:SpectersWail"],"relics":["hexamod:SpiritBrand","downfall:HeartsMalice","hubris:CuriousFeather","downfall:CloakOfManyFaces","CultistMask","FaceOfCleric","NlothsMask","GremlinMask","SsserpentHead","downfall:HeartBlessingRed","MealTicket"],"acts_visited":["Exordium"],"potions_floor_usage":[],"damage_taken":[{"damage":0,"enemies":"Jaw Worm","floor":2,"turns":1},{"damage":0,"enemies":"2 Louse","floor":6,"turns":1},{"damage":0,"enemies":"downfall:FaceTrader","floor":8,"turns":1},{"damage":0,"enemies":"downfall:FleeingMerchant","floor":10,"turns":4},{"damage":0,"enemies":"Cultist","floor":11,"turns":3},{"damage":16,"enemies":"Exordium Wildlife","floor":12,"turns":5},{"damage":7,"enemies":"Red Slaver","floor":14,"turns":2},{"damage":7,"enemies":"Large Slime","floor":15,"turns":6},{"damage":47,"enemies":"downfall:Watcher","floor":16,"turns":8}],"seed_played":"7982865367822185625","potions_obtained":[{"floor":8,"key":"SpeedPotion"},{"floor":11,"key":"EssenceOfSteel"},{"floor":14,"key":"sneckomod:MuddlingPotion"}],"is_trial":false,"path_per_floor":["R","M","?","?","?","M","T","?","R","$","M","M","?","M","M","B"],"character_chosen":"THE_SPIRIT","items_purchased":["Chrysalis","hexamod:GhostOfSpirePresent","hexamod:FastForward","hexamod:NightmareStrike","hexamod:TimeOfNeed","hexamod:GhostLash"],"campfire_rested":0,"item_purchase_floors":[10,10,10,10,10,10],"current_hp_per_floor":[70,70,70,70,70,70,70,70,70,71,72,57,50,44,38,0,0,0],"gold":190,"neow_bonus":"THREE_ENEMY_KILL","is_daily":false,"chose_seed":false,"campfire_upgraded":1,"win_rate":0.0,"timestamp":1608840497,"path_taken":["R","M","?","?","?","?","T","?","R","$","?","M","?","M","M","BOSS"],"items_purchased_type":["Card","Card","Card","Card","Card","Card"],"build_version":"2020-12-22","purchased_purges":0,"victory":false,"max_hp_per_floor":[70,70,70,70,70,70,70,70,70,71,72,73,73,74,75,75,75,75],"card_choices":[{"not_picked":["hexamod:GhostShield","hexamod:NightmareGuise"],"picked":"hexamod:HauntingEcho","floor":2},{"not_picked":["hexamod:RainOfEmbers","hexamod:NecessarySacrifice"],"picked":"hexamod:ShieldOfDarkness","floor":6},{"not_picked":["hexamod:InspiringFlames","hexamod:SwordOfDarkness"],"picked":"hexamod:Rewind","floor":8},{"not_picked":["hexamod:BacktrackSmack","hexamod:ThermalTransfer"],"picked":"hexamod:SwordOfDarkness","floor":10},{"not_picked":["hexamod:NightmareStrike","hexamod:BacktrackSmack"],"picked":"hexamod:RecurringNightmare","floor":11},{"not_picked":["hexamod:PhantomCloak","hexamod:EtherealExpedition"],"picked":"hexamod:ShieldOfDarkness","floor":12},{"not_picked":["hexamod:ChargedBarrage","hexamod:NightmareGuise"],"picked":"hexamod:SearingWound","floor":14},{"not_picked":["hexamod:RainOfEmbers","hexamod:BurningTouch"],"picked":"hexamod:SpectersWail","floor":15}],"player_experience":55831,"relics_obtained":[{"floor":7,"key":"hubris:CuriousFeather"},{"floor":8,"key":"downfall:CloakOfManyFaces"}],"event_choices":[{"damage_healed":0,"gold_gain":0,"player_choice":"Ignored","damage_taken":0,"max_hp_gain":0,"max_hp_loss":0,"event_name":"Purifier","floor":5,"gold_loss":0},{"damage_healed":0,"gold_gain":0,"player_choice":"Success","damage_taken":7,"relics_obtained":["MealTicket"],"max_hp_gain":0,"max_hp_loss":0,"event_name":"Scrap Ooze","floor":13,"gold_loss":0}],"is_beta":false,"boss_relics":[],"items_purged_floors":[],"is_endless":false,"potions_floor_spawned":[8,11,14],"killed_by":"downfall:Watcher","ascension_level":0}}