{"host":"og6lam4kt3nibbw0","time":1608834490,"event":{"mods":["AchievementEnabler","BaseMod","Colored Map","DeckTracker","Highlight Path","Keyboard Shortcuts","Minty Spire (QoL Compilation)","Permanent Neow","Quick Restart","StSLib","SuperFastMode"],"gold_per_floor":[116,191,341,357,11,11,24,59,84,121,133,145,171,203,215,303,315,339,351,363,389,415,427,427],"floor_reached":23,"playtime":901,"items_purged":["Doubt"],"score":402,"play_id":"3f1dac70-2097-4607-97cd-557348e473c3","local_time":"20201225032810","is_ascension_mode":true,"campfire_choices":[{"data":"Apotheosis","floor":6.0,"key":"SMITH"},{"floor":11.0,"key":"REST"},{"floor":15.0,"key":"REST"}],"circlet_count":0,"master_deck":["AscendersBane","Strike_B","Strike_B","Strike_B","Strike_B","Defend_B","Defend_B","Defend_B","Defend_B","Zap","Dualcast","Apotheosis+1","Capacitor","Heatsinks","Self Repair","Storm","Tempest","Defragment","Hologram","Electrodynamics","Coolheaded","White Noise+1"],"relics":["Cracked Core","Bottled Lightning","Matryoshka","Bronze Scales","MawBank","Happy Flower","Boot","SlaversCollar","Vajra"],"acts_visited":["Exordium","TheCity"],"potions_floor_usage":[22,22],"damage_taken":[{"damage":4.0,"enemies":"Jaw Worm","floor":1.0,"turns":3.0},{"damage":4.0,"enemies":"Small Slimes","floor":4.0,"turns":3.0},{"damage":0.0,"enemies":"Cultist","floor":7.0,"turns":3.0},{"damage":11.0,"enemies":"Gremlin Nob","floor":8.0,"turns":3.0},{"damage":26.0,"enemies":"3 Sentries","floor":10.0,"turns":6.0},{"damage":11.0,"enemies":"Looter","floor":13.0,"turns":2.0},{"damage":9.0,"enemies":"2 Fungi Beasts","floor":14.0,"turns":2.0},{"damage":18.0,"enemies":"Hexaghost","floor":16.0,"turns":7.0},{"damage":0.0,"enemies":"3 Byrds","floor":18.0,"turns":1.0},{"damage":28.0,"enemies":"2 Thieves","floor":21.0,"turns":3.0},{"damage":39,"enemies":"Shelled Parasite and Fungi","floor":22,"turns":5},{"damage":20,"enemies":"Book of Stabbing","floor":23,"turns":3}],"seed_played":"-3279890916075891546","potions_obtained":[{"floor":1.0,"key":"Fire Potion"},{"floor":4.0,"key":"LiquidBronze"},{"floor":8.0,"key":"Energy Potion"},{"floor":16.0,"key":"Swift Potion"}],"is_trial":false,"path_per_floor":["M","?","?","M","$","R","M","E","T","E","R","$","M","M","R","B",null,"M","?","?","M","M","E"],"character_chosen":"DEFECT","items_purchased":["Matryoshka"],"campfire_rested":2,"item_purchase_floors":[5],"current_hp_per_floor":[60,49,49,45,45,45,45,44,44,28,47,47,36,27,46,38,58,58,58,58,40,11,0,0],"gold":427,"neow_bonus":"RANDOM_COLORLESS_2","is_daily":false,"chose_seed":false,"campfire_upgraded":1,"win_rate":0.0,"timestamp":1608834490,"path_taken":["M","?","?","M","$","R","M","E","T","E","R","?","M","M","R","BOSS","M","?","?","M","M","E"],"items_purchased_type":["Relic"],"build_version":"2020-12-22","purchased_purges":1,"victory":false,"max_hp_per_floor":[64,64,64,64,64,64,64,64,64,64,64,64,64,64,64,64,64,64,64,64,64,64,64,64],"card_choices":[{"not_picked":["Magnetism","Chrysalis"],"picked":"Apotheosis","floor":0.0},{"not_picked":["Turbo","Steam Power"],"picked":"Capacitor","floor":1.0},{"not_picked":["Conserve Battery","Steam Power"],"picked":"Heatsinks","floor":4.0},{"not_picked":["Redo","Glacier"],"picked":"Self Repair","floor":7.0},{"not_picked":["Fusion","Consume"],"picked":"Storm","floor":8.0},{"not_picked":["Darkness","Consume"],"picked":"Tempest","floor":10.0},{"not_picked":["Chill","Fusion"],"picked":"Defragment","floor":13.0},{"not_picked":["Reprogram","Steam"],"picked":"Hologram","floor":14.0},{"not_picked":["All For One","Echo Form"],"picked":"Electrodynamics","floor":16.0},{"not_picked":["Sunder+1","Darkness","Turbo"],"picked":"SKIP","floor":18.0},{"not_picked":["Streamline","Beam Cell"],"picked":"Coolheaded","floor":21.0},{"not_picked":["Cold Snap","Rip and Tear"],"picked":"White Noise+1","floor":22}],"player_experience":839528,"relics_obtained":[{"floor":8.0,"key":"Bronze Scales"},{"floor":9.0,"key":"MawBank"},{"floor":9.0,"key":"Happy Flower"},{"floor":10.0,"key":"Boot"},{"floor":20.0,"key":"Vajra"}],"event_choices":[{"damage_healed":0.0,"max_hp_gain":0.0,"max_hp_loss":0.0,"gold_gain":75.0,"event_name":"World of Goop","player_choice":"Gather Gold","floor":2.0,"gold_loss":0.0,"damage_taken":11.0},{"damage_healed":0.0,"max_hp_gain":0.0,"max_hp_loss":0.0,"gold_gain":150.0,"event_name":"Liars Game","player_choice":"AGREE","floor":3.0,"gold_loss":0.0,"damage_taken":0.0,"cards_obtained":["Doubt"]},{"damage_healed":0.0,"max_hp_gain":0.0,"max_hp_loss":0.0,"gold_gain":0.0,"event_name":"The Mausoleum","player_choice":"Ignored","floor":19.0,"gold_loss":0.0,"damage_taken":0.0},{"damage_healed":0.0,"max_hp_gain":0.0,"max_hp_loss":0.0,"gold_gain":0.0,"event_name":"Wheel of Change","player_choice":"Relic","floor":20.0,"gold_loss":0.0,"damage_taken":0.0}],"is_beta":false,"boss_relics":[{"not_picked":["SacredBark","Ectoplasm"],"picked":"SlaversCollar"}],"items_purged_floors":[5],"is_endless":false,"potions_floor_spawned":[1,4,8,16,21],"killed_by":"Book of Stabbing","ascension_level":20}}