{"host":"32wqp873k6v4mx0b","time":1608846754,"event":{"mods":["AchievementEnabler","Act Like it!","BaseMod","Friendly Minions","KinomotoSakuraMod(木之本樱)","Kiyohime（清姬）","LagranYue(拉格朗・月)","Marisa（F雨　魔理沙）","Minty Spire (QoL Compilation)","Quick Restart","Reimu（博丽灵梦）","RumiaBox-露米娅的神秘盒子","SOS（斯巴达之子）","StSLib","WarShipGirlsR/战舰少女R mod","vexMod","【功能Mod】混沌之环修复补丁"],"gold_per_floor":[109,109,109,109,129,106,106],"floor_reached":6,"playtime":341,"items_purged":[],"score":34,"play_id":"973a0f56-d47d-4805-bb8c-943943ffed13","local_time":"20201225055234","is_ascension_mode":false,"campfire_choices":[],"circlet_count":0,"master_deck":["Strike_Lin:ReiMu","Strike_Lin:ReiMu","Strike_Lin:ReiMu","Defend_Lin:ReiMu","Defend_Lin:ReiMu","Defend_Lin:ReiMu","Defend_Lin:ReiMu","NB:ReiMu","Stagnation:ReiMu+1","Injury","Poor:ReiMu","SpiritualOutbreak2:ReiMu"],"relics":["FlyPower:ReiMu","LagranYue:RandomDrawCardRelic","Golden Idol","YidongShenshe:ReiMu"],"acts_visited":["Exordium"],"potions_floor_usage":[],"damage_taken":[{"damage":24,"enemies":"Jaw Worm","floor":1,"turns":7},{"damage":0,"enemies":"2 Louse","floor":5,"turns":3},{"damage":50,"enemies":"Gremlin Nob","floor":6,"turns":5}],"seed_played":"1299553638965527797","potions_obtained":[{"floor":1,"key":"PinkPotion:ReiMu"}],"is_trial":false,"path_per_floor":["M","?","?","?","M","E"],"character_chosen":"REIMU","items_purchased":[],"campfire_rested":0,"item_purchase_floors":[],"current_hp_per_floor":[41,41,41,41,41,0,0],"gold":106,"neow_bonus":"UPGRADE_CARD","is_daily":false,"chose_seed":false,"campfire_upgraded":0,"win_rate":0.0,"timestamp":1608846754,"path_taken":["M","?","?","?","?","E"],"items_purchased_type":[],"build_version":"2020-12-22","purchased_purges":0,"victory":false,"max_hp_per_floor":[65,65,65,65,65,65,65],"card_choices":[{"not_picked":["Mountainwind:ReiMu","TakeOff:ReiMu","Crusade:ReiMu"],"picked":"SKIP","floor":1},{"not_picked":["NineCharacters:ReiMu","PassingAway:ReiMu"],"picked":"SpiritualOutbreak2:ReiMu","floor":5}],"player_experience":251908,"relics_obtained":[],"event_choices":[{"damage_healed":0,"gold_gain":0,"player_choice":"Take Wound","damage_taken":0,"relics_obtained":["Golden Idol"],"max_hp_gain":0,"max_hp_loss":0,"event_name":"Golden Idol","floor":2,"gold_loss":0,"cards_obtained":["Injury"]},{"damage_healed":0,"gold_gain":0,"player_choice":"带走神社","damage_taken":0,"relics_obtained":["YidongShenshe:ReiMu"],"max_hp_gain":0,"max_hp_loss":0,"event_name":"yidonshenshe","floor":3,"gold_loss":0,"cards_obtained":["Poor:ReiMu"]}],"is_beta":false,"boss_relics":[],"items_purged_floors":[],"is_endless":false,"potions_floor_spawned":[1],"killed_by":"Gremlin Nob","ascension_level":0}}