{"host":"dcj2yvrgcvh5dl2s","time":1608776821,"event":{"mods":["BaseMod","Better Note","Block Reminder","Colored Powertips","DeckTracker","Minty Spire (QoL Compilation)","Quick Restart","Rare Cards Sparkle","Relic Stats","StSLib"],"gold_per_floor":[112,33,53,53,53,53,86,106,106,106,126,18,48,61,61,138,138,138,24,24,24,24,24,24,24,24,24,24,24,24,24,24,24,24,24,24,24,24,24,24,24,24],"floor_reached":41,"playtime":1555,"items_purged":["Bash"],"score":1037,"play_id":"19bfc1d9-4722-472a-be7a-e097c5ca40f8","local_time":"20201224122701","is_ascension_mode":true,"campfire_choices":[{"data":"Body Slam","floor":6,"key":"SMITH"},{"floor":10,"key":"REST"},{"floor":15,"key":"REST"},{"data":"Body Slam","floor":28,"key":"SMITH"},{"data":"Corruption","floor":30,"key":"SMITH"},{"floor":32,"key":"REST"}],"circlet_count":0,"master_deck":["AscendersBane","Strike_R","Strike_R","Strike_R","Defend_R","Defend_R","Defend_R","Defend_R","Impervious","Sever Soul","Armaments","Uppercut","Body Slam+1","Berserk","Second Wind","Shrug It Off","Discovery","Body Slam+1","Battle Trance","Fire Breathing","Corruption+1","Shrug It Off+1","Entrench","Metallicize","Disarm+1","Feed","Flex","Feel No Pain","Limit Break","True Grit","Heavy Blade","Sword Boomerang","Whirlwind+1","Battle Trance","Metallicize"],"relics":["Burning Blood","Dead Branch","Vajra","Lantern","Prayer Wheel","Centennial Puzzle","Ectoplasm","MutagenicStrength","Ornamental Fan","Omamori","Gremlin Horn","MawBank","Sozu","Turnip","MealTicket"],"acts_visited":["Exordium","TheCity","TheBeyond"],"potions_floor_usage":[7,13,14,23,27,40],"damage_taken":[{"damage":11,"enemies":"2 Louse","floor":1,"turns":3},{"damage":14,"enemies":"Jaw Worm","floor":3,"turns":3},{"damage":28,"enemies":"Gremlin Nob","floor":7,"turns":5},{"damage":1,"enemies":"Cultist","floor":8,"turns":3},{"damage":25,"enemies":"Large Slime","floor":11,"turns":3},{"damage":10,"enemies":"3 Sentries","floor":13,"turns":6},{"damage":1,"enemies":"Looter","floor":14,"turns":3},{"damage":13,"enemies":"Slime Boss","floor":16,"turns":6},{"damage":7,"enemies":"Chosen","floor":18,"turns":2},{"damage":2,"enemies":"Shell Parasite","floor":20,"turns":4},{"damage":20,"enemies":"Gremlin Leader","floor":23,"turns":6},{"damage":25,"enemies":"Slavers","floor":25,"turns":4},{"damage":2,"enemies":"3 Cultists","floor":27,"turns":3},{"damage":15,"enemies":"Book of Stabbing","floor":31,"turns":4},{"damage":6,"enemies":"Collector","floor":33,"turns":4},{"damage":0,"enemies":"3 Darklings","floor":35,"turns":2},{"damage":0,"enemies":"Mind Bloom Boss Battle","floor":36,"turns":4},{"damage":7,"enemies":"Orb Walker","floor":38,"turns":2},{"damage":18,"enemies":"4 Shapes","floor":39,"turns":1},{"damage":53,"enemies":"Reptomancer","floor":40,"turns":4},{"damage":21,"enemies":"3 Darklings","floor":41,"turns":1}],"seed_played":"-563451396620949721","potions_obtained":[{"floor":3,"key":"ColorlessPotion"},{"floor":8,"key":"Dexterity Potion"},{"floor":13,"key":"Block Potion"},{"floor":16,"key":"Weak Potion"},{"floor":18,"key":"SkillPotion"},{"floor":25,"key":"FearPotion"},{"floor":27,"key":"BloodPotion"},{"floor":33,"key":"SteroidPotion"}],"is_trial":false,"path_per_floor":["M","$","M","?","?","R","E","M","T","R","M","$","E","M","R","B",null,"M","$","M","?","?","E","?","E","T","M","R","$","R","E","R","B",null,"M","?","$","M","M","E","M"],"character_chosen":"IRONCLAD","items_purchased":["Uppercut","Discovery","Metallicize"],"campfire_rested":3,"item_purchase_floors":[2,12,19],"current_hp_per_floor":[63,63,55,50,50,50,28,33,33,53,34,34,30,35,55,48,63,62,62,66,66,66,52,52,33,33,50,50,50,50,41,61,61,66,68,68,68,67,58,11,0,0],"gold":24,"neow_bonus":"TRANSFORM_TWO_CARDS","is_daily":false,"chose_seed":false,"campfire_upgraded":3,"win_rate":0.0,"timestamp":1608776821,"path_taken":["M","$","M","?","?","R","E","M","T","R","M","$","E","M","R","BOSS","M","$","M","?","?","E","?","E","T","M","R","$","R","E","R","BOSS","M","?","$","M","M","E","M"],"items_purchased_type":["Card","Card","Card"],"build_version":"2020-12-22","purchased_purges":1,"victory":false,"max_hp_per_floor":[68,68,68,68,68,68,68,68,68,68,68,68,68,68,68,68,68,68,68,68,68,68,68,68,68,68,68,68,68,68,68,68,68,68,68,68,68,68,71,71,71,71],"relic_stats":{"Gremlin Horn":[7,13],"counters":[21,73],"Dead Branch":[277],"MawBank":0,"Burning Blood":110,"Sozu":4,"Centennial Puzzle":[36],"Ornamental Fan":[44],"Prayer Wheel":8,"MealTicket":0,"Ectoplasm":431,"Turnip":[0],"obtain_stats":[{"Lantern":7,"Gremlin Horn":26,"Dead Branch":4,"Vajra":5,"Omamori":25,"MawBank":31,"Burning Blood":0,"Sozu":34,"Centennial Puzzle":13,"Ornamental Fan":23,"MutagenicStrength":22,"Prayer Wheel":9,"MealTicket":40,"Ectoplasm":17,"Turnip":36},{"Lantern":3,"Gremlin Horn":12,"Dead Branch":2,"Vajra":2,"Omamori":12,"MawBank":14,"Burning Blood":0,"Sozu":15,"Centennial Puzzle":6,"Ornamental Fan":11,"MutagenicStrength":10,"Prayer Wheel":4,"MealTicket":20,"Ectoplasm":8,"Turnip":17},{"Lantern":11,"Gremlin Horn":48,"Dead Branch":6,"Vajra":6,"Omamori":48,"MawBank":55,"Burning Blood":0,"Sozu":59,"Centennial Puzzle":23,"Ornamental Fan":44,"MutagenicStrength":38,"Prayer Wheel":14,"MealTicket":72,"Ectoplasm":32,"Turnip":65}]},"card_choices":[{"not_picked":["Pommel Strike","Combust"],"picked":"Armaments","floor":1},{"not_picked":["Sword Boomerang","Perfected Strike"],"picked":"Body Slam","floor":3},{"not_picked":["Twin Strike","Iron Wave"],"picked":"Berserk","floor":7},{"not_picked":["Thunderclap","Spot Weakness","Uppercut"],"picked":"SKIP","floor":8},{"not_picked":["Twin Strike","Sword Boomerang"],"picked":"Second Wind","floor":11},{"not_picked":["Clash","True Grit"],"picked":"Shrug It Off","floor":11},{"not_picked":["Dark Embrace","Twin Strike"],"picked":"Body Slam","floor":13},{"not_picked":["Perfected Strike","Clash"],"picked":"Battle Trance","floor":14},{"not_picked":["Warcry","Wild Strike"],"picked":"Fire Breathing","floor":14},{"not_picked":["Immolate","Brutality"],"picked":"Corruption","floor":16},{"not_picked":["Dropkick+1","Warcry"],"picked":"Shrug It Off+1","floor":18},{"not_picked":["Armaments","Anger"],"picked":"Entrench","floor":18},{"not_picked":["Warcry+1","Heavy Blade+1"],"picked":"Disarm+1","floor":20},{"not_picked":["Perfected Strike","Rampage","Heavy Blade"],"picked":"SKIP","floor":20},{"not_picked":["Twin Strike","Uppercut","Blood for Blood"],"picked":"SKIP","floor":23},{"not_picked":["Cleave","Clothesline"],"picked":"Feed","floor":25},{"not_picked":["Uppercut","Clash"],"picked":"Flex","floor":27},{"not_picked":["Thunderclap","Wild Strike","Warcry"],"picked":"SKIP","floor":27},{"not_picked":["Clash","Thunderclap+1"],"picked":"Feel No Pain","floor":31},{"not_picked":["Brutality","Berserk"],"picked":"Limit Break","floor":33},{"not_picked":["Armaments","Perfected Strike"],"picked":"True Grit","floor":35},{"not_picked":["Anger","Iron Wave","Armaments"],"picked":"SKIP","floor":35},{"not_picked":["True Grit+1","Pommel Strike"],"picked":"Heavy Blade","floor":36},{"not_picked":["Uppercut","Rage"],"picked":"Sword Boomerang","floor":38},{"not_picked":["Rampage","Evolve"],"picked":"Whirlwind+1","floor":38},{"not_picked":["Bludgeon","Anger"],"picked":"Battle Trance","floor":39},{"not_picked":["Combust","Thunderclap+1","Headbutt"],"picked":"SKIP","floor":39},{"not_picked":["Reckless Charge","Anger"],"picked":"Metallicize","floor":40}],"player_experience":2024439,"relics_obtained":[{"floor":5,"key":"Vajra"},{"floor":7,"key":"Lantern"},{"floor":9,"key":"Prayer Wheel"},{"floor":13,"key":"Centennial Puzzle"},{"floor":23,"key":"Ornamental Fan"},{"floor":25,"key":"Omamori"},{"floor":26,"key":"Gremlin Horn"},{"floor":31,"key":"MawBank"},{"floor":36,"key":"Turnip"},{"floor":40,"key":"MealTicket"}],"event_choices":[{"damage_healed":0,"gold_gain":0,"player_choice":"Success","damage_taken":5,"relics_obtained":["Dead Branch"],"max_hp_gain":0,"max_hp_loss":0,"event_name":"Scrap Ooze","floor":4,"gold_loss":0},{"damage_healed":0,"gold_gain":0,"player_choice":"Relic","damage_taken":0,"max_hp_gain":0,"max_hp_loss":0,"event_name":"Wheel of Change","floor":5,"gold_loss":0},{"damage_healed":0,"gold_gain":0,"player_choice":"Ignored","damage_taken":0,"max_hp_gain":0,"max_hp_loss":0,"event_name":"Vampires","floor":21,"gold_loss":0},{"damage_healed":0,"gold_gain":0,"player_choice":"Inject Mutagens","damage_taken":0,"relics_obtained":["MutagenicStrength"],"max_hp_gain":0,"max_hp_loss":0,"event_name":"Drug Dealer","floor":22,"gold_loss":0},{"damage_healed":0,"gold_gain":0,"player_choice":"Ignored","damage_taken":0,"max_hp_gain":0,"max_hp_loss":0,"event_name":"Ghosts","floor":24,"gold_loss":0},{"damage_healed":0,"gold_gain":0,"player_choice":"Fight","damage_taken":0,"max_hp_gain":0,"max_hp_loss":0,"event_name":"MindBloom","floor":36,"gold_loss":0}],"is_beta":false,"boss_relics":[{"not_picked":["Pandora\u0027s Box","Empty Cage"],"picked":"Ectoplasm"},{"not_picked":["Philosopher\u0027s Stone","Runic Cube"],"picked":"Sozu"}],"items_purged_floors":[19],"is_endless":false,"potions_floor_spawned":[3,8,13,16,18,25,27,33,35,36,38,39],"killed_by":"3 Darklings","ascension_level":16}}