{"host":"sa7ebub27cgn5wai","time":1608797691,"event":{"mods":["BaseMod","Colored Map","Minty Spire (QoL Compilation)","SuperFastMode"],"gold_per_floor":[214,225,236,336,114,114,131,2,79,79,79,94,110,121,121,221,221,210,221,221,75,85,85,103,28,28,28,42,52,52,78,78,181,181,191,210,159,178,188,188,188,205,205,205,216,216,235,248,248,248,248],"floor_reached":50,"playtime":1515,"items_purged":["Strike_G"],"score":462,"play_id":"49bc174e-a6b9-433a-884f-e38da4ea904a","local_time":"20201224171451","is_ascension_mode":false,"campfire_choices":[{"data":"Footwork","floor":6,"key":"SMITH"},{"data":"Terror","floor":10,"key":"SMITH"},{"data":"Quick Slash","floor":15,"key":"SMITH"},{"data":"Cloak And Dagger","floor":23,"key":"SMITH"},{"data":"Envenom","floor":27,"key":"SMITH"},{"data":"Neutralize","floor":30,"key":"SMITH"},{"floor":32,"key":"REST"},{"floor":40,"key":"REST"},{"floor":44,"key":"REST"},{"data":"Adrenaline","floor":46,"key":"SMITH"},{"data":"Skewer","floor":49,"key":"SMITH"}],"circlet_count":0,"master_deck":["Strike_G","Strike_G","Strike_G","Strike_G","Defend_G+1","Defend_G","Defend_G","Defend_G+1","Defend_G","Survivor","Neutralize+1","Backstab","Skewer+1","Sucker Punch","Footwork+1","Infinite Blades","Terror+1","Dagger Spray","PiercingWail","Quick Slash+1","Envenom+1","Slice","Infinite Blades","Cloak And Dagger+1","Dodge and Roll+1","Backflip","Adrenaline+1","Footwork+1","Prepared+1","Blade Dance","Escape Plan","Blade Dance","Blade Dance"],"relics":["Ring of the Snake","War Paint","Gremlin Horn","WristBlade","Orrery","StoneCalendar","Art of War","Black Star","Eternal Feather"],"acts_visited":["Exordium","TheCity","TheBeyond"],"potions_floor_usage":[24,33,33,33,36,50,50,50],"damage_taken":[{"damage":1,"enemies":"2 Louse","floor":1,"turns":3},{"damage":2,"enemies":"Cultist","floor":2,"turns":4},{"damage":0,"enemies":"Small Slimes","floor":3,"turns":3},{"damage":11,"enemies":"Exordium Thugs","floor":7,"turns":8},{"damage":0,"enemies":"3 Louse","floor":12,"turns":2},{"damage":2,"enemies":"Large Slime","floor":13,"turns":6},{"damage":0,"enemies":"Exordium Thugs","floor":14,"turns":4},{"damage":32,"enemies":"Slime Boss","floor":16,"turns":9},{"damage":10,"enemies":"2 Thieves","floor":18,"turns":4},{"damage":2,"enemies":"Chosen","floor":19,"turns":4},{"damage":1,"enemies":"Centurion and Healer","floor":22,"turns":5},{"damage":6,"enemies":"Shelled Parasite and Fungi","floor":24,"turns":5},{"damage":6,"enemies":"Cultist and Chosen","floor":28,"turns":4},{"damage":5,"enemies":"Centurion and Healer","floor":29,"turns":5},{"damage":13,"enemies":"Book of Stabbing","floor":31,"turns":5},{"damage":35,"enemies":"Collector","floor":33,"turns":8},{"damage":20,"enemies":"3 Darklings","floor":35,"turns":6},{"damage":15,"enemies":"3 Shapes","floor":36,"turns":7},{"damage":12,"enemies":"Sphere and 2 Shapes","floor":38,"turns":4},{"damage":15,"enemies":"Maw","floor":39,"turns":7},{"damage":14,"enemies":"Jaw Worm Horde","floor":42,"turns":4},{"damage":13,"enemies":"Spire Growth","floor":45,"turns":7},{"damage":9,"enemies":"Transient","floor":47,"turns":5},{"damage":0,"enemies":"3 Darklings","floor":48,"turns":5},{"damage":90,"enemies":"Time Eater","floor":50,"turns":7}],"seed_played":"-7204138946570561714","potions_obtained":[{"floor":1,"key":"AttackPotion"},{"floor":12,"key":"Swift Potion"},{"floor":16,"key":"GhostInAJar"},{"floor":18,"key":"Dexterity Potion"},{"floor":31,"key":"PowerPotion"},{"floor":33,"key":"Energy Potion"},{"floor":36,"key":"FearPotion"},{"floor":42,"key":"Dexterity Potion"},{"floor":47,"key":"Regen Potion"}],"is_trial":false,"path_per_floor":["M","M","M","?","$","R","M","$","T","R","?","M","M","M","R","B",null,"M","M","?","$","M","R","M","$","T","R","M","M","R","E","R","B",null,"M","M","$","M","M","R","?","M","T","R","M","R","M","M","R","B"],"character_chosen":"THE_SILENT","items_purchased":["Footwork","War Paint","Terror","Dagger Spray","Orrery","Blade Dance"],"campfire_rested":3,"item_purchase_floors":[5,5,8,8,21,37],"current_hp_per_floor":[69,67,67,67,67,67,56,56,56,56,56,56,54,54,54,22,70,60,58,58,58,57,57,51,51,51,51,45,40,40,27,48,13,70,50,35,35,23,8,29,29,15,15,54,41,59,50,50,68,0,0],"gold":248,"neow_bonus":"HUNDRED_GOLD","is_daily":false,"chose_seed":false,"campfire_upgraded":8,"win_rate":0.0,"timestamp":1608797691,"path_taken":["M","M","M","?","$","R","?","$","T","R","?","M","M","M","R","BOSS","M","M","?","$","M","R","M","$","T","R","M","M","R","E","R","BOSS","M","M","$","M","M","R","?","M","T","R","M","R","M","M","R","BOSS"],"items_purchased_type":["Card","Relic","Card","Card","Relic","Card"],"build_version":"2020-12-22","purchased_purges":1,"victory":false,"max_hp_per_floor":[70,70,70,70,70,70,70,70,70,70,70,70,70,70,70,70,70,70,70,70,70,70,70,70,70,70,70,70,70,70,70,70,70,70,70,70,70,70,70,70,70,70,70,70,70,70,70,70,70,70,70],"card_choices":[{"not_picked":["Sucker Punch","Acrobatics"],"picked":"Backstab","floor":1},{"not_picked":["All Out Attack","Poisoned Stab"],"picked":"Skewer","floor":2},{"not_picked":["Poisoned Stab","Cloak And Dagger"],"picked":"Sucker Punch","floor":3},{"not_picked":["Deadly Poison","Backflip"],"picked":"Infinite Blades","floor":7},{"not_picked":["Slice","Underhanded Strike","Poisoned Stab"],"picked":"SKIP","floor":12},{"not_picked":["Dagger Throw","Burst"],"picked":"PiercingWail","floor":13},{"not_picked":["Eviscerate","Concentrate"],"picked":"Quick Slash","floor":14},{"not_picked":["Storm of Steel","Malaise"],"picked":"Envenom","floor":16},{"not_picked":["Dodge and Roll","Acrobatics"],"picked":"Slice","floor":18},{"not_picked":["PiercingWail","Dash+1","Underhanded Strike"],"picked":"SKIP","floor":19},{"not_picked":["Expertise","Setup"],"picked":"Infinite Blades","floor":21},{"not_picked":["Underhanded Strike","Deadly Poison"],"picked":"Cloak And Dagger","floor":21},{"not_picked":["Wraith Form v2","PiercingWail","Calculated Gamble"],"picked":"SKIP","floor":22},{"not_picked":["Underhanded Strike+1","Masterful Stab","Dagger Throw"],"picked":"SKIP","floor":24},{"not_picked":["Blur","Setup+1"],"picked":"Dodge and Roll+1","floor":28},{"not_picked":["Prepared","Dagger Throw"],"picked":"Backflip","floor":29},{"not_picked":["Concentrate","Outmaneuver+1","Leg Sweep"],"picked":"SKIP","floor":31},{"not_picked":["Storm of Steel","Corpse Explosion"],"picked":"Adrenaline","floor":33},{"not_picked":["Prepared","Dagger Spray+1"],"picked":"Footwork+1","floor":35},{"not_picked":["Deflect","All Out Attack"],"picked":"Prepared+1","floor":36},{"not_picked":["Caltrops","Deadly Poison","Quick Slash"],"picked":"SKIP","floor":38},{"not_picked":["Blur+1","Slice+1"],"picked":"Escape Plan","floor":39},{"not_picked":["Bane+1","Acrobatics"],"picked":"Blade Dance","floor":42},{"not_picked":["Acrobatics+1","Dodge and Roll+1"],"picked":"Blade Dance","floor":45},{"not_picked":["Bane+1","Deadly Poison","Bouncing Flask"],"picked":"SKIP","floor":47},{"not_picked":["Setup+1","Quick Slash","Dagger Spray"],"picked":"SKIP","floor":48}],"player_experience":274490,"relics_obtained":[{"floor":9,"key":"Gremlin Horn"},{"floor":26,"key":"StoneCalendar"},{"floor":31,"key":"Art of War"},{"floor":43,"key":"Eternal Feather"}],"event_choices":[{"damage_healed":0,"gold_gain":100,"player_choice":"Pray","damage_taken":0,"max_hp_gain":0,"max_hp_loss":0,"event_name":"Golden Shrine","floor":4,"gold_loss":0},{"damage_healed":0,"gold_gain":0,"player_choice":"Ignored","damage_taken":0,"max_hp_gain":0,"max_hp_loss":0,"event_name":"Golden Idol","floor":11,"gold_loss":0},{"damage_healed":0,"gold_gain":0,"player_choice":"Ignored","damage_taken":0,"max_hp_gain":0,"max_hp_loss":0,"event_name":"Transmorgrifier","floor":20,"gold_loss":0},{"damage_healed":0,"gold_gain":0,"player_choice":"Memory 1","damage_taken":0,"max_hp_gain":0,"max_hp_loss":0,"event_name":"SensoryStone","floor":41,"gold_loss":0}],"is_beta":false,"boss_relics":[{"not_picked":["Cursed Key","Snecko Eye"],"picked":"WristBlade"},{"not_picked":["SacredBark","Philosopher\u0027s Stone"],"picked":"Black Star"}],"items_purged_floors":[25],"is_endless":false,"potions_floor_spawned":[1,12,16,18,22,31,33,36,42,47],"killed_by":"Time Eater","ascension_level":0}}