{"host":"Teixeira","time":1608840376,"event":{"mods":["2.2 Compatiblity","AchievementEnabler","Aspiration","BaseMod","Better Match","Better Note","Better Sensory Stone","Better Skull","Better Third Choice","Colored Map","Colored Powertips","Downfall","Hermit","Hubris","Infinite Spire","Marked Mod","Minty Spire (QoL Compilation)","Permanent Neow","Quick Restart","Rare Cards Sparkle","Relic Filter","Replay The Spire","Spicy Shops","StSLib","SuperFastMode"],"gold_per_floor":[99,123,573,592,767,767,793,778,808,823,823,861,861,896,910,1038,1038,963,984,998,390,405,405,405,428,447,447,491,491,491,236,257,377,377,377,395,395,395,410,425,507,531,569,594,634,634,784,800,814,814,814,845,484,334,334],"floor_reached":56,"playtime":5355,"items_purged":["Slimebound:Icky","Slimebound:Icky","Injury","hexamod:Defend","hexamod:ParanormalForm+1","Parasite","Writhe"],"score":1289,"play_id":"bd65baa1-329e-43bc-8d62-4e95ff61614e","local_time":"20201224170616","is_ascension_mode":false,"campfire_choices":[{"data":"hexamod:EmpoweringStance","floor":1.0,"key":"SMITH"},{"data":"hexamod:FastForward","floor":11.0,"key":"SMITH"},{"floor":13.0,"key":"RECALL"},{"data":"Slimebound:Icky","floor":18.0,"key":"PURGE"},{"floor":27.0,"key":"REST"},{"data":"hexamod:FastForward","floor":29.0,"key":"SMITH"},{"floor":35.0,"key":"DIG"},{"data":"infinitespire:Menacing","floor":54,"key":"SMITH"}],"circlet_count":0,"master_deck":["hexamod:Strike","hexamod:Strike","hexamod:Strike+1","hexamod:Defend+1","hexamod:Defend","hexamod:Defend","hexamod:Sear","hexamod:EmpoweringStance+1","hexamod:Firestarter","hexamod:FastForward+1","hexamod:Firestarter+1","hexamod:Incineration+1","hexamod:WildfireWeapon","hexamod:SpectersWail+1","hexamod:PhantomCloak","hexamod:DynamicBlow+1","hexamod:SixthSeal","hexamod:FastForward+1","hexamod:PhantomFireball+1","Flash of Steel+1","hexamod:RadiantFlame+1","infinitespire:Menacing+1","hubris:Fate","hubris:DuctTapeCard","hexamod:Incineration+1"],"relics":["hexamod:SpiritBrand","Golden Idol","Molten Egg 2","Durian","Toy Ornithopter","infinitespire:WardingShard","aspiration:RitualDagger","downfall:HeartBlessingRed","Membership Card","hubris:CrystalStatue","hubris:GlazedTorus","Incense Burner","hubris:DuctTape","Snack Pack","hubris:Zylophone","hexamod:IceCube","Dead Branch","Kunai","ReplayFunnel","hubris:Reverence","ReplayTheSpireMod:EnergyBall","Cursed Key","Orichalcum","hexamod:MatchstickCase","Sling","HornCleat","infinitespire:Lucky Rock","Replay:Mystery Machine","downfall:HeartBlessingGreen","downfall:HeartBlessingBlue"],"acts_visited":["Exordium","TheCity","TheBeyond","TheEnding"],"potions_floor_usage":[55],"damage_taken":[{"damage":1.0,"enemies":"2 Louse","floor":2.0,"turns":2.0},{"damage":0.0,"enemies":"Jaw Worm","floor":4.0,"turns":3.0},{"damage":0.0,"enemies":"downfall:FleeingMerchant","floor":8.0,"turns":4.0},{"damage":1.0,"enemies":"Small Slimes","floor":10.0,"turns":3.0},{"damage":14.0,"enemies":"Lagavulin","floor":12.0,"turns":7.0},{"damage":20.0,"enemies":"3 Sentries","floor":14.0,"turns":8.0},{"damage":3.0,"enemies":"Red Slaver","floor":15.0,"turns":3.0},{"damage":33.0,"enemies":"downfall:Watcher","floor":16.0,"turns":9.0},{"damage":26.0,"enemies":"Chosen","floor":19.0,"turns":6.0},{"damage":17.0,"enemies":"Shell Parasite","floor":20.0,"turns":4.0},{"damage":14.0,"enemies":"downfall:FleeingMerchant","floor":21.0,"turns":4.0},{"damage":11.0,"enemies":"Sentry and Sphere","floor":22.0,"turns":4.0},{"damage":6.0,"enemies":"Snake Plant","floor":25.0,"turns":3.0},{"damage":6.0,"enemies":"Shelled Parasite and Fungi","floor":26.0,"turns":4.0},{"damage":65.0,"enemies":"Gremlin Leader","floor":28.0,"turns":5.0},{"damage":21.0,"enemies":"downfall:FleeingMerchant","floor":31.0,"turns":4.0},{"damage":14.0,"enemies":"3 Cultists","floor":32.0,"turns":5.0},{"damage":36.0,"enemies":"downfall:Defect","floor":33.0,"turns":8.0},{"damage":15.0,"enemies":"3 Shapes","floor":36.0,"turns":4.0},{"damage":10.0,"enemies":"Orb Walker","floor":39.0,"turns":4.0},{"damage":23.0,"enemies":"4 Shapes","floor":40.0,"turns":4.0},{"damage":17.0,"enemies":"3 Darklings","floor":42.0,"turns":4.0},{"damage":78.0,"enemies":"Giant Head","floor":43.0,"turns":8.0},{"damage":21.0,"enemies":"Transient","floor":44.0,"turns":5.0},{"damage":18.0,"enemies":"R_Hoarder","floor":45.0,"turns":7.0},{"damage":9.0,"enemies":"Sphere and 2 Shapes","floor":48.0,"turns":3.0},{"damage":6.0,"enemies":"Writhing Mass","floor":49.0,"turns":4.0},{"damage":19.0,"enemies":"downfall:Ironclad","floor":50.0,"turns":5.0},{"damage":55,"enemies":"downfall:CharBossMerchant","floor":52,"turns":7},{"damage":12,"enemies":"downfall:FleeingMerchant","floor":53,"turns":4},{"damage":38,"enemies":"downfall:NeowBoss","floor":55,"turns":15}],"seed_played":"4714014622180075996","potions_obtained":[{"floor":12.0,"key":"Fire Potion"},{"floor":14.0,"key":"Swift Potion"},{"floor":15.0,"key":"Flashbang"},{"floor":22.0,"key":"hexamod:EctoCoolerPotion"},{"floor":26.0,"key":"SteroidPotion"},{"floor":36.0,"key":"CultistPotion"}],"is_trial":false,"path_per_floor":["R_BF","M","?","M","?","?","T","$","?","M","R","E","R","E","M","B",null,"R_BF","M","M","$","M","?","T","M","M","R","E","R","?","$","M","B",null,"R_BF","M","?","?","M","M","T","M","E","M","E","AVR","?","M","M","B",null,"E","$","R","B",null],"character_chosen":"THE_SPIRIT","items_purchased":["Membership Card","hubris:CrystalStatue","hubris:GlazedTorus","hexamod:PhantomCloak","hexamod:DynamicBlow+1","Snack Pack","hubris:Zylophone","Flash of Steel+1","hexamod:MatchstickCase","Sling","HornCleat","infinitespire:Lucky Rock","hexamod:Incineration+1","FairyPotion","Replay:Mystery Machine"],"campfire_rested":1,"item_purchase_floors":[21,21,21,21,21,31,31,31,53,53,53,53,53,53,53],"current_hp_per_floor":[70,69,69,69,69,69,69,69,74,73,73,59,59,39,36,3,75,75,49,32,18,12,12,12,11,10,32,60,60,60,46,51,35,75,75,70,70,52,53,50,50,55,22,16,34,34,34,40,51,68,75,63,72,82,82],"gold":334,"neow_bonus":"ONE_RANDOM_RARE_CARD","is_daily":false,"chose_seed":false,"campfire_upgraded":4,"win_rate":0.0,"timestamp":1608840376,"path_taken":["R_BF","M","?","M","?","?","T","$","?","M","R","E","R","E","M","BOSS","R_BF","M","M","$","M","?","T","M","?","R","E","R","?","$","M","BOSS","R_BF","M","?","?","M","?","T","M","E","M","E","AVR","?","M","M","BOSS","E","$","R","BOSS"],"items_purchased_type":["Relic","Relic","Relic","Card","Card","Relic","Relic","Card","Relic","Relic","Relic","Relic","Card","Potion","Relic"],"build_version":"2020-11-17","purchased_purges":7,"victory":true,"max_hp_per_floor":[70,70,70,70,70,70,70,70,75,75,75,75,75,75,75,75,75,75,75,75,75,75,75,75,75,75,75,75,75,75,75,75,75,75,75,75,75,75,75,75,75,75,75,75,75,75,75,75,75,75,75,75,72,82,82],"card_choices":[{"not_picked":["hexamod:GhostLash","hexamod:ThermalTransfer"],"picked":"hexamod:Firestarter","floor":2.0},{"not_picked":["hexamod:BurningTouch","hexamod:DynamicBlow"],"picked":"hexamod:FastForward","floor":4.0},{"not_picked":["hexamod:GhostOfSpirePresent","hexamod:SearingWound"],"picked":"hexamod:Firestarter+1","floor":8.0},{"not_picked":["hexamod:ShieldOfDarkness","hexamod:EtherealExpedition","hexamod:GhostLash+1"],"picked":"SKIP","floor":10.0},{"not_picked":["hexamod:ShieldOfDarkness","hexamod:EtherealExpedition","hexamod:GhostLash+1"],"picked":"SKIP","floor":10.0},{"not_picked":["hexamod:ShieldOfDarkness","hexamod:EtherealExpedition","hexamod:GhostLash+1"],"picked":"SKIP","floor":10.0},{"not_picked":["hexamod:GhostShield","hexamod:RainOfEmbers+1","hexamod:AdvancingGuard"],"picked":"SKIP","floor":12.0},{"not_picked":["hexamod:Hexaguard","hexamod:FastForward"],"picked":"hexamod:Incineration+1","floor":14.0},{"not_picked":["hexamod:GhostflameBarrier","hexamod:BurningTouch","hexamod:RetreatToShadows"],"picked":"SKIP","floor":15.0},{"not_picked":["hexamod:ParanormalForm","hexamod:HexaLevel"],"picked":"hexamod:WildfireWeapon","floor":16.0},{"not_picked":["hexamod:BurningTouch","hexamod:GhostflameBarrier+1","hexamod:ShieldOfDarkness"],"picked":"SKIP","floor":19.0},{"not_picked":["hexamod:RainOfEmbers+1","hexamod:AdvancingGuard"],"picked":"hexamod:SpectersWail+1","floor":20.0},{"not_picked":["hexamod:ShieldOfDarkness","hexamod:EtherealExpedition","hexamod:GhostflameBarrier"],"picked":"SKIP","floor":21.0},{"not_picked":["hexamod:ShieldOfDarkness","hexamod:Hexaguard"],"picked":"hexamod:SixthSeal","floor":22.0},{"not_picked":["hexamod:GhostOfSpireFuture","hexamod:SwordOfDarkness+1","hexamod:InspiringFlames"],"picked":"SKIP","floor":25.0},{"not_picked":["hexamod:SoulSteal","hexamod:GhostflameBarrier"],"picked":"hexamod:FastForward","floor":26.0},{"not_picked":["hexamod:RetreatToShadows+1","hexamod:Haunt"],"picked":"hexamod:PhantomFireball+1","floor":28.0},{"not_picked":["hexamod:AdvancingGuard","hexamod:ThermalTransfer+1","hexamod:SpectralAdrenaline"],"picked":"SKIP","floor":31.0},{"not_picked":["hexamod:AdvancingGuard","hexamod:SecondSeal","hexamod:HauntingEcho+1"],"picked":"SKIP","floor":32.0},{"not_picked":["hexamod:ThermalTransfer+1","hexamod:FirstSeal"],"picked":"hexamod:RadiantFlame+1","floor":36.0},{"not_picked":["infinitespire:Punishment","infinitespire:Oblivion"],"picked":"infinitespire:Menacing","floor":38.0},{"not_picked":["hexamod:SecondSeal","hexamod:Firestarter+1","hexamod:CatchUp"],"picked":"SKIP","floor":39.0},{"not_picked":["hexamod:AdvancingGuard+1","hexamod:Again+1","hexamod:ThermalTransfer+1"],"picked":"SKIP","floor":40.0},{"not_picked":["hexamod:SpectersWail+1","hexamod:HauntingEcho+1","hexamod:SpectralAdrenaline+1"],"picked":"SKIP","floor":42.0},{"not_picked":["hexamod:BurningTouch","hexamod:HauntingEcho+1","hexamod:SixthSeal"],"picked":"SKIP","floor":43.0},{"not_picked":["hexamod:Firestarter+1","hexamod:HauntingEcho+1","hexamod:RainOfEmbers+1"],"picked":"SKIP","floor":44.0},{"not_picked":["hexamod:SkipABeat+1","hexamod:HauntingEcho+1","hexamod:Firestarter+1"],"picked":"SKIP","floor":45.0},{"not_picked":["hexamod:ThermalTransfer+1","hexamod:HeatMetal+1","hexamod:AdvancingGuard"],"picked":"SKIP","floor":48.0},{"not_picked":["hexamod:ThermalTransfer+1","hexamod:NightmareStrike+1","hexamod:GhostLash+1"],"picked":"SKIP","floor":49.0},{"not_picked":["hexamod:InspiringFlames+1","hexamod:ChargedBarrage+1","hexamod:RetreatToShadows+1"],"picked":"SKIP","floor":52},{"not_picked":["hexamod:SwordOfDarkness+1","hexamod:FourthSeal","hexamod:RainOfEmbers+1"],"picked":"SKIP","floor":53}],"player_experience":130857,"relics_obtained":[{"floor":7.0,"key":"infinitespire:PuzzleCube"},{"floor":12.0,"key":"Toy Ornithopter"},{"floor":14.0,"key":"infinitespire:WardingShard"},{"floor":24.0,"key":"Incense Burner"},{"floor":28.0,"key":"hubris:DuctTape"},{"floor":35.0,"key":"Dead Branch"},{"floor":41.0,"key":"Kunai"},{"floor":43.0,"key":"ReplayFunnel"},{"floor":45.0,"key":"hubris:Reverence"},{"floor":52,"key":"Orichalcum"}],"event_choices":[{"cards_removed":["hexamod:WildfireWeapon"],"damage_healed":0.0,"max_hp_gain":0.0,"max_hp_loss":0.0,"gold_gain":0.0,"event_name":"betterNote:BetterNote","player_choice":"Take \u0026 Give","floor":23.0,"gold_loss":0.0,"damage_taken":0.0,"cards_obtained":["Pot Of Greed"]},{"damage_healed":0.0,"max_hp_gain":0.0,"max_hp_loss":0.0,"gold_gain":0.0,"cards_transformed":["hexamod:Strike"],"event_name":"Transmorgrifier","player_choice":"Transformed","floor":30.0,"gold_loss":0.0,"damage_taken":0.0,"cards_obtained":["hexamod:ParanormalForm"]}],"is_beta":true,"boss_relics":[{"not_picked":["aspiration:RunicSpoon","hubris:GrandSneckoEye"],"picked":"aspiration:RitualDagger"},{"not_picked":["ReplayTheSpireMod:SealedPack","ChewingGum"],"picked":"hexamod:IceCube"}],"items_purged_floors":[21,21,31,31,46,53,53],"is_endless":false,"potions_floor_spawned":[12,14,15,22,26,32,33,36,39,45],"ascension_level":0}}