{"host":"calynag5ibgivyo2","time":1608848928,"event":{"mods":["AchievementEnabler","BaseMod","Colored Map","DeckTracker","Minty Spire (QoL Compilation)","StSLib"],"gold_per_floor":[114,1,21,96,116,143,143,161,161,195,214,214,244,74,74,177,177,194,194,207,227,227,227,256,256,256,256,15,215,244,257,257,357,357,372,383,144,144,164,164,196,196,196,229,248,259,259,359,359,359,359],"floor_reached":50,"playtime":2235,"items_purged":["Strike_P","Strike_P","Decay"],"score":755,"play_id":"53eba005-3b36-402e-9a98-b0cff28d2cdd","local_time":"20201224142848","is_ascension_mode":true,"campfire_choices":[{"data":"MentalFortress","floor":7.0,"key":"SMITH"},{"floor":12.0,"key":"REST"},{"floor":15.0,"key":"REST"},{"floor":23.0,"key":"REST"},{"floor":25.0,"key":"REST"},{"floor":27.0,"key":"REST"},{"floor":32.0,"key":"REST"},{"floor":40,"key":"RECALL"},{"floor":42,"key":"REST"},{"floor":49,"key":"REST"}],"circlet_count":0,"master_deck":["Strike_P+1","Strike_P+1","Defend_P+1","Defend_P+1","Defend_P+1","Eruption+1","Vigilance","ReachHeaven","TalkToTheHand","MentalFortress+1","Adaptation","Vengeance","MentalFortress","Tantrum","ClearTheMind","Indignation","ClearTheMind","WreathOfFlame","Study","Halt+1","Vault","TalkToTheHand","Parasite"],"relics":["PureWater","PreservedInsect","Whetstone","Peace Pipe","Dream Catcher","Runic Pyramid","Darkstone Periapt","Oddly Smooth Stone","Boot","Sozu","Shuriken","Vajra","Eternal Feather","HornCleat"],"acts_visited":["Exordium","TheCity","TheBeyond"],"potions_floor_usage":[41],"damage_taken":[{"damage":0.0,"enemies":"2 Louse","floor":1.0,"turns":3.0},{"damage":0.0,"enemies":"Cultist","floor":3.0,"turns":3.0},{"damage":0.0,"enemies":"Jaw Worm","floor":5.0,"turns":3.0},{"damage":27.0,"enemies":"3 Sentries","floor":6.0,"turns":6.0},{"damage":4.0,"enemies":"Exordium Thugs","floor":8.0,"turns":3.0},{"damage":8.0,"enemies":"Lagavulin","floor":10.0,"turns":6.0},{"damage":1.0,"enemies":"Looter","floor":11.0,"turns":2.0},{"damage":25.0,"enemies":"3 Sentries","floor":13.0,"turns":3.0},{"damage":0.0,"enemies":"Slime Boss","floor":16.0,"turns":4.0},{"damage":5.0,"enemies":"Chosen","floor":18.0,"turns":3.0},{"damage":24.0,"enemies":"Shell Parasite","floor":20.0,"turns":5.0},{"damage":28.0,"enemies":"3 Cultists","floor":21.0,"turns":6.0},{"damage":29.0,"enemies":"Slavers","floor":24.0,"turns":4.0},{"damage":18.0,"enemies":"Book of Stabbing","floor":30.0,"turns":5.0},{"damage":6.0,"enemies":"Snake Plant","floor":31.0,"turns":5.0},{"damage":22.0,"enemies":"Automaton","floor":33.0,"turns":11.0},{"damage":0.0,"enemies":"3 Shapes","floor":35.0,"turns":4.0},{"damage":16,"enemies":"3 Darklings","floor":36,"turns":5},{"damage":9,"enemies":"Spire Growth","floor":39,"turns":5},{"damage":17,"enemies":"Reptomancer","floor":41,"turns":5},{"damage":9,"enemies":"Nemesis","floor":44,"turns":6},{"damage":24,"enemies":"Writhing Mass","floor":45,"turns":6},{"damage":4,"enemies":"Maw","floor":46,"turns":6},{"damage":57,"enemies":"Donu and Deca","floor":50,"turns":6}],"seed_played":"5888321675109571835","potions_obtained":[{"floor":3.0,"key":"LiquidBronze"},{"floor":6.0,"key":"ColorlessPotion"},{"floor":10.0,"key":"Fire Potion"},{"floor":16.0,"key":"Dexterity Potion"},{"floor":18.0,"key":"Dexterity Potion"},{"floor":21.0,"key":"BottledMiracle"},{"floor":30.0,"key":"Explosive Potion"}],"is_trial":false,"path_per_floor":["M","$","M","?","M","E","R","M","T","E","M","R","E","$","R","B",null,"M","?","M","M","?","R","E","R","T","R","$","?","E","M","R","B",null,"M","M","$","?","M","R","E","R","T","E","M","M","?","?","R","B"],"character_chosen":"WATCHER","items_purchased":["TalkToTheHand","ClearTheMind","AttackPotion","WreathOfFlame","Study","Shuriken"],"campfire_rested":8,"item_purchase_floors":[2,14,14,28,28,37],"current_hp_per_floor":[72,72,72,61,61,34,34,30,30,22,21,42,17,17,38,38,72,67,67,43,15,15,36,7,28,28,49,49,49,31,25,46,24,72,72,56,56,56,47,47,30,50,50,41,23,19,19,19,53,0,0],"gold":359,"neow_bonus":"RANDOM_COMMON_RELIC","is_daily":false,"chose_seed":false,"campfire_upgraded":1,"win_rate":0.0,"timestamp":1608848928,"path_taken":["M","$","M","?","M","E","R","M","T","E","M","R","E","$","R","BOSS","M","?","M","?","?","R","E","R","T","R","?","?","E","?","R","BOSS","M","M","$","?","M","R","E","R","T","E","M","M","?","?","R","BOSS"],"items_purchased_type":["Card","Card","Potion","Card","Card","Relic"],"build_version":"2020-12-22","purchased_purges":3,"victory":false,"max_hp_per_floor":[72,72,72,72,72,72,72,72,72,72,72,72,72,72,72,72,72,72,72,72,72,72,72,72,72,72,72,72,72,72,72,72,72,72,72,72,72,68,68,68,68,68,68,68,74,74,74,74,74,74,74],"card_choices":[{"not_picked":["Consecrate","Perseverance"],"picked":"ReachHeaven","floor":1.0},{"not_picked":["Halt","Prostrate","BowlingBash"],"picked":"SKIP","floor":3.0},{"not_picked":["Consecrate","FlurryOfBlows"],"picked":"MentalFortress","floor":5.0},{"not_picked":["Nirvana","WheelKick"],"picked":"Adaptation","floor":6.0},{"not_picked":["SashWhip","Prostrate","FollowUp"],"picked":"SKIP","floor":8.0},{"not_picked":["PathToVictory","SashWhip"],"picked":"Vengeance","floor":10.0},{"not_picked":["CarveReality","EmptyFist"],"picked":"MentalFortress","floor":11.0},{"not_picked":["SashWhip","WheelKick"],"picked":"Tantrum","floor":13.0},{"not_picked":["ThirdEye","Wireheading"],"picked":"Indignation","floor":18.0},{"not_picked":["Collect+1","FlyingSleeves+1","CrushJoints+1"],"picked":"SKIP","floor":20.0},{"not_picked":["CarveReality+1","Evaluate"],"picked":"ClearTheMind","floor":21.0},{"not_picked":["Crescendo","Adaptation","SashWhip+1"],"picked":"SKIP","floor":24.0},{"not_picked":["Evaluate","SandsOfTime","Scrawl"],"picked":"SKIP","floor":30.0},{"not_picked":["EmptyFist","Protect","Nirvana"],"picked":"SKIP","floor":31.0},{"not_picked":["CrushJoints","FollowUp+1"],"picked":"Halt+1","floor":32.0},{"not_picked":["Judgement","Blasphemy"],"picked":"Vault","floor":33.0},{"not_picked":["Evaluate+1","Halt+1"],"picked":"TalkToTheHand","floor":35.0},{"not_picked":["FlyingSleeves+1","ReachHeaven+1","EmptyFist+1"],"picked":"SKIP","floor":36},{"not_picked":["FlurryOfBlows","EmptyFist","Halt+1"],"picked":"SKIP","floor":39},{"not_picked":["ConjureBlade","Wireheading","Prostrate+1"],"picked":"SKIP","floor":41},{"not_picked":["PathToVictory+1","Omniscience","BattleHymn+1"],"picked":"SKIP","floor":44},{"not_picked":["SashWhip+1","SandsOfTime+1","PathToVictory+1"],"picked":"SKIP","floor":45},{"not_picked":["ReachHeaven+1","SandsOfTime","FlyingSleeves"],"picked":"SKIP","floor":46}],"player_experience":430357,"relics_obtained":[{"floor":6.0,"key":"Whetstone"},{"floor":10.0,"key":"Peace Pipe"},{"floor":13.0,"key":"Dream Catcher"},{"floor":24.0,"key":"Darkstone Periapt"},{"floor":26.0,"key":"Oddly Smooth Stone"},{"floor":30.0,"key":"Boot"},{"floor":41,"key":"Vajra"},{"floor":43,"key":"Eternal Feather"},{"floor":44,"key":"HornCleat"}],"event_choices":[{"damage_healed":0.0,"max_hp_gain":0.0,"max_hp_loss":0.0,"gold_gain":75.0,"event_name":"World of Goop","player_choice":"Gather Gold","floor":4.0,"gold_loss":0.0,"damage_taken":11.0},{"damage_healed":0.0,"max_hp_gain":0.0,"max_hp_loss":0.0,"gold_gain":0.0,"event_name":"Wheel of Change","player_choice":"Cursed","floor":19.0,"gold_loss":0.0,"damage_taken":0.0,"cards_obtained":["Decay"]},{"damage_healed":0.0,"max_hp_gain":0.0,"max_hp_loss":0.0,"gold_gain":0.0,"event_name":"Back to Basics","player_choice":"Simplicity","floor":22.0,"gold_loss":0.0,"damage_taken":0.0,"cards_upgraded":["Strike_P","Defend_P","Defend_P","Defend_P","Defend_P"]},{"damage_healed":0.0,"max_hp_gain":0.0,"max_hp_loss":0.0,"gold_gain":200.0,"event_name":"Wheel of Change","player_choice":"Gold","floor":29.0,"gold_loss":0.0,"damage_taken":0.0},{"damage_healed":0,"gold_gain":0,"player_choice":"Max HP","damage_taken":0,"max_hp_gain":0,"max_hp_loss":4,"event_name":"Winding Halls","floor":38,"gold_loss":0},{"cards_removed":["Defend_P"],"damage_healed":0,"gold_gain":0,"player_choice":"Removed Skill","damage_taken":0,"max_hp_gain":0,"max_hp_loss":0,"event_name":"Falling","floor":47,"gold_loss":0},{"damage_healed":0,"gold_gain":100,"player_choice":"Pray","damage_taken":0,"max_hp_gain":0,"max_hp_loss":0,"event_name":"Golden Shrine","floor":48,"gold_loss":0}],"is_beta":false,"boss_relics":[{"not_picked":["Cursed Key","Runic Dome"],"picked":"Runic Pyramid"},{"not_picked":["VioletLotus","Black Star"],"picked":"Sozu"}],"items_purged_floors":[2,14,28],"is_endless":false,"potions_floor_spawned":[3,6,10,16,18,20,21,30,31,35,36,39,45],"killed_by":"Donu and Deca","ascension_level":4}}