{"host":"ds1yr10zonoc6w4a","time":1608848546,"event":{"mods":["2.2 Compatiblity","AchievementEnabler","Act Like it!","BaseMod","Downfall","Elementarium","Gensokyo","Infinite Spire","Jorbs\u0027s Wanderer Trilogy","Koishi","Menagerie","Minty Spire (QoL Compilation)","Pale of the Ancients","StSLib","The Animator","Wandering Minibosses","[IsaacMod]????","vexMod","??????REMEMod"],"gold_per_floor":[116,136,236,236,54,99,99,131,131,131,145,165,165,180,180,180,180],"floor_reached":16,"playtime":2194,"items_purged":[],"score":165,"play_id":"4372f016-bfd8-4add-9176-cf1c90a5add5","local_time":"20201224152226","is_ascension_mode":true,"campfire_choices":[{"data":"animator:TanyaDegurechaff","floor":7,"key":"SMITH"},{"floor":13,"key":"REST"},{"data":"animator:ElricAlphonse","floor":15,"key":"SMITH"}],"circlet_count":0,"master_deck":["AscendersBane","animator:Strike_MadokaMagica","animator:Defend_MadokaMagica","animator:Strike","animator:Defend","animator:Defend","animator:Defend","animator:IrohaTamaki","animator:YuiTsuruno","DoctorFetus","animator:Kira","animator:YuiTsuruno","animator:Priestess","animator:Shalltear","animator:TanyaDegurechaff+1","animator:Kyubey","animator:SuzuneAmano","animator:ElricAlphonse+1","animator:Caster","animator:DolaStephanie"],"relics":["animator:TheMissingPiece","HushsDoor","REME_ComplimentaryCards","animator:PurgingStone","animator:PurgingStone","Empty Cage","PillsDrop","GuppysHead","infinitespire:PuzzleCube","GuppysTail","wanderingMiniBosses:Inkheart"],"acts_visited":["Exordium"],"potions_floor_usage":[8,14],"damage_taken":[{"damage":4,"enemies":"Small Slimes","floor":1,"turns":5},{"damage":8,"enemies":"Cultist","floor":2,"turns":4},{"damage":37,"enemies":"Gremlin Nob","floor":6,"turns":4},{"damage":9,"enemies":"Lagavulin","floor":8,"turns":7},{"damage":0,"enemies":"infinitespire:Voidling","floor":11,"turns":13},{"damage":1,"enemies":"Large Slime","floor":12,"turns":4},{"damage":2,"enemies":"Exordium Wildlife","floor":14,"turns":4},{"damage":25,"enemies":"The Guardian","floor":16,"turns":5}],"seed_played":"812335430720779696","potions_obtained":[{"floor":6,"key":"Fire Potion"},{"floor":12,"key":"BlessingOfTheForge"}],"is_trial":false,"path_per_floor":["M","M","?","?","$","E","R","E","T","?","M","M","R","M","R","B"],"character_chosen":"THE_ANIMATOR","items_purchased":["animator:TanyaDegurechaff"],"campfire_rested":1,"item_purchase_floors":[5],"current_hp_per_floor":[55,47,47,47,47,10,10,5,5,5,5,4,25,23,23,0,0],"gold":180,"neow_bonus":"BOSS_RELIC","is_daily":false,"chose_seed":false,"campfire_upgraded":2,"win_rate":0.0,"timestamp":1608848546,"path_taken":["M","M","?","?","?","E","R","E","T","?","M","M","R","M","R","BOSS"],"items_purchased_type":["Card"],"build_version":"2020-12-22","purchased_purges":0,"victory":false,"max_hp_per_floor":[66,66,66,66,66,66,66,70,70,70,70,70,70,70,70,70,70],"card_choices":[{"not_picked":[],"picked":"DoctorFetus","floor":0.0},{"not_picked":["animator:Priestess","animator:Ciel"],"picked":"animator:YuiTsuruno","floor":1},{"not_picked":["animator:MaesHughes","animator:Nanami"],"picked":"animator:Priestess","floor":2},{"not_picked":["animator:ChlammyZell","animator:Tet"],"picked":"animator:Shalltear","floor":3},{"not_picked":["animator:Genos","animator:TsurugaMeisai"],"picked":"animator:Kyubey","floor":6},{"not_picked":["animator:YuiTsuruno","animator:OrikoMikuni"],"picked":"animator:SuzuneAmano","floor":8},{"not_picked":["animator:LizardPriest","animator:Jibril"],"picked":"animator:ElricAlphonse","floor":11},{"not_picked":["animator:Shalltear","animator:ItamiYouji"],"picked":"animator:Caster","floor":12},{"not_picked":["animator:Elsword","animator:Kuribayashi"],"picked":"animator:DolaStephanie","floor":14}],"player_experience":526457,"relics_obtained":[{"floor":6,"key":"GuppysHead"},{"floor":8,"key":"infinitespire:PuzzleCube"},{"floor":9,"key":"GuppysTail"},{"floor":11,"key":"wanderingMiniBosses:Inkheart"}],"event_choices":[{"damage_healed":0,"gold_gain":0,"player_choice":"0 cards matched","damage_taken":0,"max_hp_gain":0,"max_hp_loss":0,"event_name":"Match and Keep!","floor":4,"gold_loss":0,"cards_obtained":[]},{"damage_healed":0,"gold_gain":0,"player_choice":"Fled","damage_taken":0,"max_hp_gain":0,"max_hp_loss":0,"event_name":"Scrap Ooze","floor":10,"gold_loss":0}],"is_beta":false,"boss_relics":[],"items_purged_floors":[],"is_endless":false,"potions_floor_spawned":[6,12],"killed_by":"The Guardian","ascension_level":10}}