{"host":"jrmqsbok61y7b34d","time":1608821703,"event":{"mods":["BaseMod","Better Skull","Colored Map","Colored Powertips","Emptier Cage","Minty Spire (QoL Compilation)","Permanent Neow","Quick Restart","Relic Stats","StSLib","Unceasing Turn Reminder"],"gold_per_floor":[113,129,204,47,59,59,87,87,87,105,134,34,67,79,79,154,154,174,189,189,189,201,201,227,80,107,142,116,116,131,203,203,278,278,289,300,30,47,67,67,92,109,136,177,201,201,219,237,237,237],"floor_reached":51,"playtime":5044,"items_purged":["Regret","Strike_P","Strike_P"],"score":1433,"play_id":"e94a3743-6c6c-48fb-a6fd-68eb15eaaa54","local_time":"20201224145503","is_ascension_mode":true,"campfire_choices":[{"data":"EmptyFist","floor":6.0,"key":"SMITH"},{"floor":8.0,"key":"REST"},{"data":"Eruption","floor":15.0,"key":"SMITH"},{"floor":23.0,"key":"REST"},{"data":"Blasphemy","floor":29.0,"key":"SMITH"},{"data":"SandsOfTime","floor":32.0,"key":"SMITH"},{"data":"Vigilance","floor":40.0,"key":"SMITH"},{"floor":46.0,"key":"REST"},{"floor":49.0,"key":"REST"}],"circlet_count":0,"master_deck":["AscendersBane","Strike_P+1","Defend_P","Defend_P+1","Defend_P+1","Defend_P+1","Eruption+1","Vigilance+1","EmptyFist+1","FlurryOfBlows","SandsOfTime+1","SashWhip+1","ThirdEye+1","LessonLearned+1","BowlingBash+1","Evaluate+1","WindmillStrike+1","Blasphemy+1","Crescendo+1","RitualDagger+1","BattleHymn+1","SpiritShield+1","Protect+1","SpiritShield+1","SpiritShield+1","Worship+1","Omniscience+1","ClearTheMind+1","TalkToTheHand+1","Worship+1"],"relics":["HolyWater","Gambling Chip","Blue Candle","Gremlin Horn","CaptainsWheel","Whetstone","SlaversCollar","Damaru","Lee\u0027s Waffle","Akabeko","Toxic Egg 2","Letter Opener","DollysMirror","Girya","CeramicFish"],"acts_visited":["Exordium","TheCity","TheBeyond"],"potions_floor_usage":[50],"damage_taken":[{"damage":12.0,"enemies":"Cultist","floor":1.0,"turns":5.0},{"damage":1.0,"enemies":"2 Louse","floor":2.0,"turns":2.0},{"damage":0.0,"enemies":"Jaw Worm","floor":5.0,"turns":4.0},{"damage":18.0,"enemies":"Gremlin Nob","floor":7.0,"turns":4.0},{"damage":0.0,"enemies":"Looter","floor":10.0,"turns":2.0},{"damage":0.0,"enemies":"3 Sentries","floor":11.0,"turns":5.0},{"damage":5.0,"enemies":"Gremlin Nob","floor":13.0,"turns":3.0},{"damage":0.0,"enemies":"Exordium Wildlife","floor":14.0,"turns":5.0},{"damage":30.0,"enemies":"The Guardian","floor":16.0,"turns":10.0},{"damage":8.0,"enemies":"Shell Parasite","floor":18.0,"turns":5.0},{"damage":0.0,"enemies":"Spheric Guardian","floor":19.0,"turns":1.0},{"damage":2.0,"enemies":"Shelled Parasite and Fungi","floor":22.0,"turns":3.0},{"damage":12.0,"enemies":"Book of Stabbing","floor":24.0,"turns":4.0},{"damage":9.0,"enemies":"Gremlin Leader","floor":27.0,"turns":4.0},{"damage":0.0,"enemies":"Centurion and Healer","floor":30.0,"turns":5.0},{"damage":0.0,"enemies":"Champ","floor":33.0,"turns":7.0},{"damage":2.0,"enemies":"Orb Walker","floor":35.0,"turns":3.0},{"damage":5.0,"enemies":"3 Darklings","floor":36.0,"turns":4.0},{"damage":0.0,"enemies":"Jaw Worm Horde","floor":38.0,"turns":4.0},{"damage":10.0,"enemies":"4 Shapes","floor":39.0,"turns":6.0},{"damage":15.0,"enemies":"Giant Head","floor":41.0,"turns":6.0},{"damage":4.0,"enemies":"Writhing Mass","floor":42.0,"turns":4.0},{"damage":33.0,"enemies":"Nemesis","floor":44.0,"turns":6.0},{"damage":24.0,"enemies":"Transient","floor":45.0,"turns":5.0},{"damage":0.0,"enemies":"Sphere and 2 Shapes","floor":47.0,"turns":3.0},{"damage":17.0,"enemies":"Maw","floor":48.0,"turns":5.0},{"damage":45,"enemies":"Donu and Deca","floor":50,"turns":6}],"seed_played":"-7388352716024609541","potions_obtained":[{"floor":2.0,"key":"SpeedPotion"},{"floor":5.0,"key":"Swift Potion"},{"floor":7.0,"key":"StancePotion"},{"floor":16.0,"key":"FairyPotion"},{"floor":18.0,"key":"LiquidBronze"},{"floor":42.0,"key":"Energy Potion"},{"floor":47.0,"key":"ColorlessPotion"}],"is_trial":false,"path_per_floor":["M","M","?","$","M","R","E","R","T","M","E","$","E","M","R","B",null,"M","M","?","?","M","R","E","$","T","E","$","R","M","T","R","B",null,"M","M","$","M","M","R","E","M","T","E","M","R","M","M","R","B",null],"character_chosen":"WATCHER","items_purchased":["SandsOfTime","SashWhip","Lee\u0027s Waffle","Protect+1","DollysMirror"],"campfire_rested":4,"item_purchase_floors":[4,4,25,28,37],"current_hp_per_floor":[49,48,37,37,37,37,19,39,39,39,39,39,34,34,34,4,52,44,44,38,38,36,56,44,75,75,66,66,66,66,66,66,66,73,71,66,66,66,56,56,41,37,37,4,22,44,44,27,49,4],"gold":237,"neow_bonus":"ONE_RARE_RELIC","is_daily":false,"chose_seed":false,"campfire_upgraded":5,"win_rate":0.0,"timestamp":1608821703,"path_taken":["M","?","?","$","M","R","E","R","T","M","E","$","E","M","R","BOSS","M","M","?","?","M","R","E","$","T","E","?","R","M","?","R","BOSS","M","M","$","M","M","R","E","M","T","E","M","R","M","M","R","BOSS"],"items_purchased_type":["Card","Card","Relic","Card","Relic"],"build_version":"2020-12-22","purchased_purges":3,"victory":true,"max_hp_per_floor":[68,68,68,68,68,68,68,68,68,68,68,68,68,68,68,68,68,68,68,68,68,68,68,68,75,75,75,75,75,75,75,75,75,75,75,75,75,75,75,75,75,75,75,75,75,75,75,75,75,75],"relic_stats":{"Lee\u0027s Waffle":31,"Gremlin Horn":[18,18],"counters":[27,121],"Gambling Chip":[85],"Blue Candle":[0],"CeramicFish":18,"Whetstone":["Strike_P","BowlingBash"],"Letter Opener":[91],"obtain_stats":[{"Girya":41,"Lee\u0027s Waffle":25,"Gremlin Horn":9,"Blue Candle":7,"CeramicFish":44,"Damaru":24,"Whetstone":13,"Letter Opener":31,"Akabeko":26,"SlaversCollar":17,"CaptainsWheel":11,"DollysMirror":37,"Gambling Chip":0,"HolyWater":34,"PureWater":0,"Toxic Egg 2":27},{"Girya":21,"Lee\u0027s Waffle":13,"Gremlin Horn":4,"Blue Candle":4,"CeramicFish":23,"Damaru":13,"Whetstone":7,"Letter Opener":15,"Akabeko":13,"SlaversCollar":9,"CaptainsWheel":6,"DollysMirror":18,"Gambling Chip":0,"HolyWater":16,"PureWater":0,"Toxic Egg 2":14},{"Girya":92,"Lee\u0027s Waffle":53,"Gremlin Horn":15,"Blue Candle":15,"CeramicFish":102,"Damaru":53,"Whetstone":25,"Letter Opener":62,"Akabeko":53,"SlaversCollar":40,"CaptainsWheel":22,"DollysMirror":76,"Gambling Chip":0,"HolyWater":69,"PureWater":0,"Toxic Egg 2":57}]},"card_choices":[{"not_picked":["CutThroughFate","BowlingBash"],"picked":"EmptyFist","floor":1.0},{"not_picked":["CutThroughFate","DeceiveReality"],"picked":"FlurryOfBlows","floor":2.0},{"not_picked":["ClearTheMind","ForeignInfluence"],"picked":"ThirdEye","floor":5.0},{"not_picked":["Protect","Nirvana"],"picked":"LessonLearned","floor":7.0},{"not_picked":["FlurryOfBlows","Nirvana"],"picked":"BowlingBash","floor":10.0},{"not_picked":["Establishment","CrushJoints"],"picked":"Evaluate","floor":11.0},{"not_picked":["CrushJoints","ClearTheMind"],"picked":"WindmillStrike","floor":13.0},{"not_picked":["ClearTheMind","Indignation","WindmillStrike"],"picked":"SKIP","floor":14.0},{"not_picked":["DeusExMachina","LessonLearned"],"picked":"Blasphemy","floor":16.0},{"not_picked":["ClearTheMind","ThirdEye","Fasting2"],"picked":"SKIP","floor":18.0},{"not_picked":["SandsOfTime","DeceiveReality"],"picked":"Crescendo+1","floor":19.0},{"not_picked":["Blasphemy","Study"],"picked":"BattleHymn","floor":22.0},{"not_picked":["EmptyMind","Crescendo","JustLucky"],"picked":"SKIP","floor":24.0},{"not_picked":["FlyingSleeves","SignatureMove"],"picked":"SpiritShield+1","floor":27.0},{"not_picked":["Protect+1","PathToVictory+1","FlurryOfBlows"],"picked":"SKIP","floor":30.0},{"not_picked":["Scrawl+1","LessonLearned"],"picked":"SpiritShield+1","floor":33.0},{"not_picked":["SignatureMove","BowlingBash","FollowUp"],"picked":"SKIP","floor":35.0},{"not_picked":["SignatureMove","BowlingBash","FollowUp"],"picked":"SKIP","floor":35.0},{"not_picked":["BattleHymn","FollowUp","CrushJoints+1"],"picked":"SKIP","floor":36.0},{"not_picked":["Prostrate+1","FlyingSleeves","DeceiveReality+1"],"picked":"SKIP","floor":38.0},{"not_picked":["EmptyFist","Pray+1"],"picked":"Worship+1","floor":39.0},{"not_picked":["EmptyFist","EmptyBody+1"],"picked":"Omniscience+1","floor":41.0},{"not_picked":["FollowUp","Perseverance+1"],"picked":"ClearTheMind+1","floor":42.0},{"not_picked":["MasterReality","Consecrate"],"picked":"TalkToTheHand","floor":44.0},{"not_picked":["Nirvana","Halt+1"],"picked":"Worship+1","floor":45.0},{"not_picked":["EmptyBody+1","WindmillStrike","Crescendo+1"],"picked":"SKIP","floor":47.0},{"not_picked":["EmptyFist+1","CrushJoints","Collect+1"],"picked":"SKIP","floor":48.0}],"player_experience":969133,"relics_obtained":[{"floor":7.0,"key":"Blue Candle"},{"floor":9.0,"key":"Gremlin Horn"},{"floor":11.0,"key":"CaptainsWheel"},{"floor":13.0,"key":"Whetstone"},{"floor":24.0,"key":"Damaru"},{"floor":26.0,"key":"Akabeko"},{"floor":27.0,"key":"Toxic Egg 2"},{"floor":31.0,"key":"Letter Opener"},{"floor":41.0,"key":"Girya"},{"floor":44.0,"key":"CeramicFish"}],"event_choices":[{"damage_healed":0.0,"max_hp_gain":0.0,"max_hp_loss":0.0,"gold_gain":75.0,"event_name":"World of Goop","player_choice":"Gather Gold","floor":3.0,"gold_loss":0.0,"damage_taken":11.0},{"damage_healed":0.0,"max_hp_gain":0.0,"max_hp_loss":0.0,"gold_gain":0.0,"event_name":"Nest","player_choice":"Joined the Cult","floor":20.0,"gold_loss":0.0,"damage_taken":6.0,"cards_obtained":["RitualDagger"]},{"cards_removed":["Strike_P"],"damage_healed":0.0,"max_hp_gain":0.0,"max_hp_loss":0.0,"gold_gain":0.0,"event_name":"Back to Basics","player_choice":"Elegance","floor":21.0,"gold_loss":0.0,"damage_taken":0.0}],"is_beta":false,"boss_relics":[{"not_picked":["Sozu","Empty Cage"],"picked":"SlaversCollar"},{"not_picked":["Black Star","Tiny House"],"picked":"HolyWater"}],"items_purged_floors":[4,12,37],"is_endless":false,"potions_floor_spawned":[2,5,7,16,18,22,30,35,36,39,42,47,48],"ascension_level":15}}