{"host":"373g0ui1bgeshz9m","time":1608779927,"event":{"mods":["Act Like it!","Aspiration","BaseMod","Beaked The Cultist","Better Third Choice","Colored Map","Conspire","Downfall","Halation","Hermit","Hubris","Infinite Spire","Jorbs\u0027s Wanderer Trilogy","Minty Spire (QoL Compilation)","Pale of the Ancients","Permanent Neow","Quick Restart","Replay The Spire","Shade Mod","Shop Mod","Spikes Relics","StSLib","The Animator","The Bladedancer","The Bug Knight","The Construct","The Cursed","The Factory","The Florist","The Judge","The Jungle","The Necromancer","The Sage","The Wild Card","Trackpad","vexMod"],"gold_per_floor":[109,109,109,186,204,237,237,252,302,319,351,351,301,317,317,412,412,427,440,440,454,466,466,477,171,195,211,227,173,173,173,173,275,325,341,95,95,115,125,125,139,139,139,139,139,153,171,189,189,189,189],"floor_reached":50,"playtime":2437,"items_purged":["WordoMod:Infected","CloudedMind"],"score":580,"play_id":"179d3d90-a915-4208-b5fb-24a887407b0f","local_time":"20201223221847","is_ascension_mode":true,"campfire_choices":[{"data":"Replay:SS_fish_3","floor":7.0,"key":"SMITH"},{"floor":12.0,"key":"REST"},{"floor":15.0,"key":"DIG"},{"floor":23.0,"key":"REST"},{"floor":32,"key":"REST"},{"floor":40,"key":"REST"},{"data":"Cloudkill","floor":42,"key":"SMITH"},{"floor":49,"key":"REST"}],"circlet_count":0,"master_deck":["Strike_W","Strike_W","Defend_W","Defend_W","Defend_W","Defend_W","Negative_Energy_Arrows","Bone_Wall","Replay:SS_fish_3+1","Bone_Bullets","Negative_Energy_Sphere","Negative_Energy_Burst","Summon_Death_Knight","Siphon_Strength","Plague_Bolt","Slay_Living","Vampiric_Strike","Grasp_Heart","Parasite","Bone_Spikes","Summon_Undead+1","Blood_Curse","vexMod:StairwayStrike","Spectral_Armor","Toxic_Smoke_Screen","Spectral_Armor+1","Cloudkill+1","Vampiric_Strike+1","Parasite"],"relics":["Vampire_Amulet","Blood Vial","trackpad:PetRock","infinitespire:Bottled Soul","HollowMod:PaleOreRelic","infinitespire:FocusingShard","halation:LettersToHer","Replay:Ancient Bell","Oddly Smooth Stone","Eternal Feather","hubris:GlazedTorus","aspiration:VileToxins","Tiny House","Vajra","infinitespire:BottledMercury"],"acts_visited":["Exordium","TheCity","TheBeyond"],"potions_floor_usage":[50,50],"damage_taken":[{"damage":2.0,"enemies":"Cultist","floor":1.0,"turns":4.0},{"damage":0.0,"enemies":"Small Slimes","floor":5.0,"turns":2.0},{"damage":29.0,"enemies":"Gremlin Nob","floor":6.0,"turns":4.0},{"damage":0.0,"enemies":"2 Louse","floor":8.0,"turns":1.0},{"damage":12.0,"enemies":"Exordium Thugs","floor":10.0,"turns":4.0},{"damage":6.0,"enemies":"3 Sentries","floor":11.0,"turns":5.0},{"damage":0.0,"enemies":"Exordium Wildlife","floor":14.0,"turns":2.0},{"damage":45.0,"enemies":"Slime Boss","floor":16.0,"turns":9.0},{"damage":40.0,"enemies":"2 Thieves","floor":18.0,"turns":4.0},{"damage":6.0,"enemies":"Chosen","floor":19.0,"turns":3.0},{"damage":5.0,"enemies":"Snecko","floor":21.0,"turns":3.0},{"damage":17.0,"enemies":"Snake Plant","floor":22.0,"turns":3.0},{"damage":7,"enemies":"Chosen and Byrds","floor":24,"turns":5},{"damage":10,"enemies":"Centurion and Healer","floor":27,"turns":5},{"damage":27,"enemies":"Snake Plant","floor":28,"turns":3},{"damage":12,"enemies":"Champ","floor":33,"turns":7},{"damage":22,"enemies":"3 Darklings","floor":35,"turns":5},{"damage":2,"enemies":"Orb Walker","floor":38,"turns":3},{"damage":25,"enemies":"Sphere and 2 Shapes","floor":39,"turns":6},{"damage":20,"enemies":"Transient","floor":41,"turns":5},{"damage":23,"enemies":"Writhing Mass","floor":46,"turns":5},{"damage":14,"enemies":"Maw","floor":47,"turns":6},{"damage":21,"enemies":"4 Shapes","floor":48,"turns":5},{"damage":143,"enemies":"Replay:Hell Engine","floor":50,"turns":11}],"seed_played":"-3307513228687878652","potions_obtained":[{"floor":5.0,"key":"Dexterity Potion"},{"floor":10.0,"key":"conspire:TimeTravelPotion"},{"floor":11.0,"key":"SkillPotion"},{"floor":33,"key":"FairyPotion"}],"is_trial":false,"path_per_floor":["M","?","?","?","M","E","R","M","T","M","E","R","?","M","R_BF","B",null,"M","M","?","M","M","R","M","$","T","M","M","$","?","AVR","R","B",null,"M","$","?","M","M","R","M","R","T","?","$","M","M","M","R","B"],"character_chosen":"NECROMANCER","items_purchased":["Blood_Curse","vexMod:StairwayStrike","Spectral_Armor+1","Vajra"],"campfire_rested":5,"item_purchase_floors":[25,25,29,36],"current_hp_per_floor":[75,68,68,68,74,48,48,54,54,48,50,72,72,75,75,36,75,41,41,41,40,27,61,60,60,60,56,33,33,25,25,62,58,80,61,61,61,63,47,80,68,80,80,80,80,59,51,40,79,0,0],"gold":189,"neow_bonus":"RANDOM_COLORLESS","is_daily":false,"chose_seed":false,"campfire_upgraded":2,"win_rate":0.0,"timestamp":1608779927,"path_taken":["M","?","?","?","M","E","R","M","T","?","E","R","?","M","R_BF","BOSS","M","M","?","?","M","R","M","$","T","M","M","?","?","AVR","R","BOSS","M","$","?","?","M","R","M","R","T","?","?","M","M","M","R","BOSS"],"items_purchased_type":["Card","Card","Card","Relic"],"build_version":"2020-12-22","purchased_purges":2,"victory":false,"max_hp_per_floor":[75,75,75,75,75,75,75,75,75,75,75,75,75,75,75,75,75,75,75,75,75,75,75,75,75,75,75,75,75,75,75,75,75,80,80,80,80,80,80,80,80,80,80,80,80,80,80,80,80,80,80],"card_choices":[{"not_picked":["Replay:BasicMightCard","Forethought"],"picked":"Replay:SS_fish_3","floor":0.0},{"not_picked":["Scare","Summon_Lich"],"picked":"Bone_Bullets","floor":1.0},{"not_picked":["Summon_Undead_Army","Consume_Illness"],"picked":"Negative_Energy_Sphere","floor":4.0},{"not_picked":["Stop_Heart","Epidemic"],"picked":"Negative_Energy_Burst","floor":5.0},{"not_picked":["Summon_Lich","Chill_Blood"],"picked":"Summon_Death_Knight","floor":6.0},{"not_picked":["Blood_Whip","Life_Tap"],"picked":"Siphon_Strength","floor":8.0},{"not_picked":["Blood_Shield","Death_Knell"],"picked":"Plague_Bolt","floor":10.0},{"not_picked":["Whirlwind_of_Bones","Blood_for_Blood"],"picked":"Slay_Living","floor":11.0},{"not_picked":["Death_Coil","Bones_to_Steel"],"picked":"Vampiric_Strike","floor":14.0},{"not_picked":["Summon_Death_Knight","Blood_Magic"],"picked":"Grasp_Heart","floor":16.0},{"not_picked":["hubris:Sloth","Shame"],"picked":"Parasite","floor":17.0},{"not_picked":["Intolerance","hubris:Despair"],"picked":"CloudedMind","floor":17.0},{"not_picked":["Overencumbered","ReplayTheSpireMod:IOU"],"picked":"WordoMod:Infected","floor":17.0},{"not_picked":["Bones_to_Steel+1","Negative_Energy_Mist"],"picked":"Bone_Spikes","floor":18.0},{"not_picked":["Scare","Death_March_Dance","Toxic_Smoke_Screen"],"picked":"SKIP","floor":19.0},{"not_picked":["Blood_for_Blood+1","Death_Coil","Bone_Spikes"],"picked":"SKIP","floor":21.0},{"not_picked":["Summon_Undead","Vampiric_Strike","Bone_Bullets"],"picked":"SKIP","floor":22.0},{"not_picked":["Bones_to_Steel","Detonate_Bones","Whirlwind_of_Bones+1"],"picked":"SKIP","floor":24},{"not_picked":["Bone_Armory","Negative_Energy_Javelin"],"picked":"Spectral_Armor","floor":27},{"not_picked":["Bone_Spikes","Bones_to_Steel"],"picked":"Toxic_Smoke_Screen","floor":28},{"not_picked":["Grasp_Heart","Blood_Magic"],"picked":"Cloudkill","floor":33},{"not_picked":["Strike_from_Beyond","Bones_to_Steel","Death_Coil+1"],"picked":"SKIP","floor":35},{"not_picked":["Bone_Spikes","Consume_Illness+1"],"picked":"Vampiric_Strike+1","floor":38},{"not_picked":["Life_Tap+1","Bone_Bullets","Bones_to_Steel+1"],"picked":"SKIP","floor":39},{"not_picked":["Finger_Of_Death+1","Negative_Energy_Mist+1","Cloudkill"],"picked":"SKIP","floor":41},{"not_picked":["Bone_Shift","Bone_Armor+1","Blood_Curse+1"],"picked":"SKIP","floor":46},{"not_picked":["Bone_Armory+1","Finger_Of_Death","Bone_Bullets+1"],"picked":"SKIP","floor":47},{"not_picked":["Scare+1","Chill_Blood","Violent_Necrosis"],"picked":"SKIP","floor":48},{"not_picked":["Scare+1","Chill_Blood","Violent_Necrosis"],"picked":"SKIP","floor":48}],"player_experience":343292,"relics_obtained":[{"floor":4.0,"key":"trackpad:PetRock"},{"floor":6.0,"key":"infinitespire:Bottled Soul"},{"floor":9.0,"key":"HollowMod:PaleOreRelic"},{"floor":11.0,"key":"infinitespire:FocusingShard"},{"floor":15.0,"key":"halation:LettersToHer"},{"floor":26,"key":"halation:LettersToHer"},{"floor":26,"key":"aspiration:VileToxins"},{"floor":43,"key":"halation:LettersToHer"},{"floor":43,"key":"infinitespire:BottledMercury"}],"event_choices":[{"damage_healed":0.0,"max_hp_gain":0.0,"max_hp_loss":0.0,"gold_gain":0.0,"event_name":"betterThird:BetterScrap","player_choice":"Relic ","floor":2.0,"gold_loss":0.0,"damage_taken":7.0,"cards_obtained":["ReplaySolidLightProjector"]},{"damage_healed":0.0,"max_hp_gain":0.0,"max_hp_loss":0.0,"gold_gain":0.0,"event_name":"conspire:LoneGhost","player_choice":"Disagree","floor":3.0,"gold_loss":0.0,"damage_taken":0.0},{"cards_removed":["Strike_W"],"damage_healed":0.0,"max_hp_gain":0.0,"max_hp_loss":0.0,"gold_gain":0.0,"event_name":"The Cleric","player_choice":"Card Removal","floor":13.0,"gold_loss":50.0,"damage_taken":0.0},{"damage_healed":0.0,"max_hp_gain":0.0,"max_hp_loss":0.0,"gold_gain":0.0,"event_name":"Match and Keep!","player_choice":"1 cards matched","floor":20.0,"gold_loss":0.0,"damage_taken":0.0,"cards_obtained":["Summon_Undead"]},{"cards_removed":["Strike_W"],"damage_healed":0,"gold_gain":0,"player_choice":"Purged","damage_taken":0,"max_hp_gain":0,"max_hp_loss":0,"event_name":"Purifier","floor":37,"gold_loss":0},{"damage_healed":0,"gold_gain":0,"player_choice":"Ignored","damage_taken":0,"max_hp_gain":0,"max_hp_loss":0,"event_name":"Mysterious Sphere","floor":44,"gold_loss":0}],"is_beta":false,"boss_relics":[{"not_picked":["halation:SmartPhone","Ectoplasm"],"picked":"Replay:Ancient Bell"},{"not_picked":["Anchor","aspiration:EmptySkull"],"picked":"Oddly Smooth Stone"},{"not_picked":["HornCleat","Garlic"],"picked":"Eternal Feather"},{"not_picked":["WizardHat","WingedGreaves"],"picked":"hubris:GlazedTorus"},{"not_picked":["Runic Pyramid","aspiration:FutureDiary"],"picked":"Tiny House"}],"items_purged_floors":[25,36],"is_endless":false,"potions_floor_spawned":[5,10,11,14,21,27,28,33,38,46,48],"killed_by":"Replay:Hell Engine","ascension_level":4}}