{"host":"hfxp6ue4pvwo3fit","time":1608854303,"event":{"mods":["AchievementEnabler","BaseMod","Colored Map","Colored Powertips","Highlight Path","Minty Spire (QoL Compilation)","StSLib","SuperFastMode"],"gold_per_floor":[119,84,104,78,78,110,128,81,81,109,109,142,142,154,154,258,258,275,275,288,303,13,13,23,51,103,103,120,120,120,147,147,245,245,255,272,322,334,180,180,214,214,214,229,0,0,0,0],"floor_reached":47,"playtime":1914,"items_purged":["BowlingBash"],"score":741,"play_id":"76f86049-de40-41e4-9e0c-f649599f2389","local_time":"20201224175823","is_ascension_mode":true,"campfire_choices":[{"data":"CrushJoints","floor":11.0,"key":"SMITH"},{"data":"Vigilance","floor":13.0,"key":"SMITH"},{"data":"SashWhip","floor":15.0,"key":"SMITH"},{"data":"Fasting2","floor":23.0,"key":"SMITH"},{"floor":27.0,"key":"REST"},{"floor":30.0,"key":"REST"},{"floor":32.0,"key":"REST"},{"data":"Tantrum","floor":40,"key":"SMITH"},{"data":"Crescendo","floor":42,"key":"SMITH"}],"circlet_count":0,"master_deck":["Eruption","Vigilance+1","SashWhip+1","WheelKick","CrushJoints+1","BattleHymn","FollowUp","FlurryOfBlows","Halt","Fasting2+1","ConjureBlade","Judgement","SashWhip","ForeignInfluence","BattleHymn","Protect+1","Conclude+1","Crescendo+1","CutThroughFate","Crescendo","EmptyFist","Tantrum+1","CutThroughFate+1"],"relics":["Busted Crown","Unceasing Top","StrikeDummy","InkBottle","Pandora\u0027s Box","Nloth\u0027s Gift","Matryoshka","Dream Catcher","Blood Vial","Lantern","Toxic Egg 2","Philosopher\u0027s Stone","Torii","Molten Egg 2","Darkstone Periapt","Bottled Lightning","Red Mask"],"acts_visited":["Exordium","TheCity","TheBeyond"],"potions_floor_usage":[],"damage_taken":[{"damage":3.0,"enemies":"Small Slimes","floor":1.0,"turns":4.0},{"damage":2.0,"enemies":"Jaw Worm","floor":3.0,"turns":3.0},{"damage":16.0,"enemies":"Gremlin Nob","floor":6.0,"turns":3.0},{"damage":0.0,"enemies":"Cultist","floor":7.0,"turns":2.0},{"damage":4.0,"enemies":"3 Sentries","floor":10.0,"turns":5.0},{"damage":3.0,"enemies":"Lagavulin","floor":12.0,"turns":5.0},{"damage":7.0,"enemies":"Exordium Thugs","floor":14.0,"turns":3.0},{"damage":11.0,"enemies":"The Guardian","floor":16.0,"turns":6.0},{"damage":0.0,"enemies":"Chosen","floor":18.0,"turns":3.0},{"damage":0.0,"enemies":"Spheric Guardian","floor":20.0,"turns":1.0},{"damage":12.0,"enemies":"Snake Plant","floor":21.0,"turns":4.0},{"damage":10.0,"enemies":"3 Cultists","floor":24.0,"turns":3.0},{"damage":19.0,"enemies":"Slavers","floor":25.0,"turns":4.0},{"damage":13.0,"enemies":"Snecko","floor":28.0,"turns":3.0},{"damage":10.0,"enemies":"Colosseum Slavers","floor":29.0,"turns":2.0},{"damage":28.0,"enemies":"Gremlin Leader","floor":31.0,"turns":4.0},{"damage":30.0,"enemies":"Collector","floor":33.0,"turns":6.0},{"damage":15,"enemies":"3 Darklings","floor":35,"turns":4},{"damage":2,"enemies":"Orb Walker","floor":36,"turns":2},{"damage":2,"enemies":"Mind Bloom Boss Battle","floor":37,"turns":6},{"damage":1,"enemies":"Transient","floor":38,"turns":5},{"damage":1,"enemies":"Reptomancer","floor":41,"turns":5},{"damage":13,"enemies":"Sphere and 2 Shapes","floor":44,"turns":3},{"damage":50,"enemies":"Writhing Mass","floor":47,"turns":4}],"seed_played":"2547221463691230354","potions_obtained":[{"floor":1.0,"key":"Fire Potion"},{"floor":6.0,"key":"PowerPotion"},{"floor":10.0,"key":"SneckoOil"},{"floor":14.0,"key":"Weak Potion"},{"floor":16.0,"key":"Fire Potion"},{"floor":24.0,"key":"LiquidMemories"},{"floor":33.0,"key":"SteroidPotion"},{"floor":37,"key":"Ancient Potion"},{"floor":38,"key":"Strength Potion"},{"floor":44,"key":"Block Potion"}],"is_trial":false,"path_per_floor":["M","?","M","$","?","E","M","$","T","E","R","E","R","M","R","B",null,"M","?","M","M","$","R","M","E","T","R","M","?","R","E","R","B",null,"M","M","?","M","$","R","E","R","T","M","?","?","M"],"character_chosen":"WATCHER","items_purchased":["BowlingBash","CrushJoints","Matryoshka","Crescendo","Tantrum"],"campfire_rested":3,"item_purchase_floors":[4,8,22,22,39],"current_hp_per_floor":[62,72,70,70,70,54,54,54,54,50,50,47,47,40,40,29,61,61,61,61,49,49,49,39,20,20,41,30,22,43,17,38,10,57,44,44,44,45,45,45,46,46,46,35,35,35,0,0],"gold":0,"neow_bonus":"BOSS_RELIC","is_daily":false,"chose_seed":false,"campfire_upgraded":6,"win_rate":0.0,"timestamp":1608854303,"path_taken":["M","?","M","$","?","E","?","?","T","E","R","E","R","M","R","BOSS","M","?","?","?","$","R","?","E","T","R","?","?","R","E","R","BOSS","M","M","?","M","$","R","E","R","T","M","?","?","M"],"items_purchased_type":["Card","Card","Relic","Card","Card"],"build_version":"2020-12-22","purchased_purges":1,"victory":false,"max_hp_per_floor":[72,72,72,72,72,72,72,72,72,72,72,72,72,72,72,72,72,72,72,72,72,72,72,72,72,72,72,72,72,72,72,72,72,72,72,72,72,72,72,72,72,72,72,72,72,72,72,72],"card_choices":[{"not_picked":["DeceiveReality"],"picked":"SKIP","floor":1.0},{"not_picked":[],"picked":"SashWhip","floor":3.0},{"not_picked":["Evaluate"],"picked":"SKIP","floor":6.0},{"not_picked":[],"picked":"WheelKick","floor":7.0},{"not_picked":[],"picked":"BattleHymn","floor":10.0},{"not_picked":[],"picked":"FollowUp","floor":12.0},{"not_picked":[],"picked":"FlurryOfBlows","floor":14.0},{"not_picked":[],"picked":"Protect+1","floor":18.0},{"not_picked":[],"picked":"Conclude+1","floor":20.0},{"not_picked":["Worship+1"],"picked":"SKIP","floor":21.0},{"not_picked":["PathToVictory"],"picked":"SKIP","floor":24.0},{"not_picked":[],"picked":"CutThroughFate","floor":25.0},{"not_picked":[],"picked":"Crescendo","floor":27.0},{"not_picked":["Protect"],"picked":"SKIP","floor":28.0},{"not_picked":["Alpha+1"],"picked":"SKIP","floor":31.0},{"not_picked":[],"picked":"EmptyFist","floor":32.0},{"not_picked":["CarveReality"],"picked":"SKIP","floor":35},{"not_picked":["ReachHeaven"],"picked":"SKIP","floor":36},{"not_picked":["WaveOfTheHand+1"],"picked":"SKIP","floor":38},{"not_picked":["WreathOfFlame+1"],"picked":"SKIP","floor":41},{"not_picked":[],"picked":"CutThroughFate+1","floor":44}],"player_experience":427601,"relics_obtained":[{"floor":6.0,"key":"Unceasing Top"},{"floor":9.0,"key":"CloakClasp"},{"floor":10.0,"key":"StrikeDummy"},{"floor":12.0,"key":"InkBottle"},{"floor":25.0,"key":"Dream Catcher"},{"floor":26.0,"key":"Blood Vial"},{"floor":26.0,"key":"Lantern"},{"floor":31.0,"key":"Toxic Egg 2"},{"floor":37,"key":"Torii"},{"floor":41,"key":"Molten Egg 2"},{"floor":43,"key":"Darkstone Periapt"},{"floor":43,"key":"Bottled Lightning"}],"event_choices":[{"damage_healed":18.0,"max_hp_gain":0.0,"max_hp_loss":0.0,"gold_gain":0.0,"event_name":"The Cleric","player_choice":"Healed","floor":2.0,"gold_loss":35.0,"damage_taken":0.0},{"cards_removed":["Strike_P"],"damage_healed":0.0,"max_hp_gain":0.0,"max_hp_loss":0.0,"gold_gain":0.0,"event_name":"Bonfire Elementals","player_choice":"Offered Basic","floor":5.0,"gold_loss":0.0,"damage_taken":0.0},{"damage_healed":0.0,"max_hp_gain":0.0,"max_hp_loss":0.0,"gold_gain":0.0,"event_name":"N\u0027loth","player_choice":"Traded Relic","floor":19.0,"relics_lost":["CloakClasp"],"gold_loss":0.0,"damage_taken":0.0,"relics_obtained":["Nloth\u0027s Gift"]},{"damage_healed":0.0,"max_hp_gain":0.0,"max_hp_loss":0.0,"gold_gain":0.0,"event_name":"Colosseum","player_choice":"Fight","floor":29.0,"gold_loss":0.0,"damage_taken":0.0},{"damage_healed":0.0,"max_hp_gain":0.0,"max_hp_loss":0.0,"gold_gain":0.0,"event_name":"Colosseum","player_choice":"Fled From Nobs","floor":29.0,"gold_loss":0.0,"damage_taken":0.0},{"damage_healed":0,"gold_gain":0,"player_choice":"Fight","damage_taken":0,"max_hp_gain":0,"max_hp_loss":0,"event_name":"MindBloom","floor":37,"gold_loss":0},{"damage_healed":0,"gold_gain":0,"player_choice":"Paid","damage_taken":0,"relics_obtained":["Red Mask"],"max_hp_gain":0,"max_hp_loss":0,"event_name":"Tomb of Lord Red Mask","floor":45,"gold_loss":229},{"damage_healed":0,"gold_gain":0,"player_choice":"Ignored","damage_taken":0,"max_hp_gain":0,"max_hp_loss":0,"event_name":"SecretPortal","floor":46,"gold_loss":0}],"is_beta":false,"boss_relics":[{"not_picked":["Coffee Dripper","Runic Dome"],"picked":"Pandora\u0027s Box"},{"not_picked":["Astrolabe","Runic Pyramid"],"picked":"Philosopher\u0027s Stone"}],"items_purged_floors":[39],"is_endless":false,"potions_floor_spawned":[1,6,10,14,16,20,24,33,37,38,41,44],"killed_by":"Writhing Mass","ascension_level":9}}