{"host":"dtl4sgkqbf83b8n2","time":1608851151,"event":{"mods":["BaseMod","Colored Map","Colored Powertips","Minty Spire (QoL Compilation)","Replay The Spire","StSLib"],"gold_per_floor":[113,124,135,11,27,61,61,90,114,114,114],"floor_reached":10,"playtime":945,"items_purged":["Strike_G"],"score":90,"play_id":"f2d96d22-f63b-4e65-8c4a-d2d47ce80577","local_time":"20201224170551","is_ascension_mode":true,"campfire_choices":[{"floor":7,"key":"REST"}],"circlet_count":0,"master_deck":["Strike_G","Strike_G","Strike_G","Strike_G","Defend_G","Defend_G","Defend_G","Defend_G","Defend_G","Survivor","Neutralize","Atom Bomb","Terror","Noxious Fumes","Dagger Spray","Sneak Up","Dodge and Roll","Toxin Wave"],"relics":["Ring of the Snake","Replay:WaspNest","Juzu Bracelet","Toy Ornithopter"],"acts_visited":["Exordium"],"potions_floor_usage":[6,6,6],"damage_taken":[{"damage":0,"enemies":"Cultist","floor":1,"turns":4},{"damage":3,"enemies":"Small Slimes","floor":2,"turns":4},{"damage":2,"enemies":"Jaw Worm","floor":3,"turns":4},{"damage":3,"enemies":"Blue Slaver","floor":5,"turns":6},{"damage":42,"enemies":"Gremlin Nob","floor":6,"turns":6},{"damage":3,"enemies":"Replay:BlueRogue","floor":8,"turns":8},{"damage":41,"enemies":"Gremlin Nob","floor":10,"turns":4}],"seed_played":"-946151814304827019","potions_obtained":[{"floor":1,"key":"Explosive Potion"},{"floor":2,"key":"Venom Potion"},{"floor":3,"key":"Weak Potion"}],"is_trial":false,"path_per_floor":["M","M","M","$","M","E","R","E","T","E"],"character_chosen":"THE_SILENT","items_purchased":["Block Potion"],"campfire_rested":1,"item_purchase_floors":[4],"current_hp_per_floor":[70,67,65,65,62,20,41,38,38,0,0],"gold":114,"neow_bonus":"ONE_RANDOM_RARE_CARD","is_daily":false,"chose_seed":false,"campfire_upgraded":0,"win_rate":0.0,"timestamp":1608851151,"path_taken":["M","?","M","$","M","E","R","E","T","E"],"items_purchased_type":["Potion"],"build_version":"2020-12-22","purchased_purges":1,"victory":false,"max_hp_per_floor":[70,70,70,70,70,70,70,70,70,70,70],"card_choices":[{"not_picked":["Cloak And Dagger","Backflip"],"picked":"Terror","floor":1},{"not_picked":["Accuracy","Sucker Punch"],"picked":"Noxious Fumes","floor":2},{"not_picked":["Prepared","Replay:Poison Smokescreen"],"picked":"Dagger Spray","floor":3},{"not_picked":["Accuracy","Expertise"],"picked":"Sneak Up","floor":5},{"not_picked":["Catalyst","Outmaneuver"],"picked":"Dodge and Roll","floor":6},{"not_picked":["Phantasmal Killer","Dodge and Roll"],"picked":"Toxin Wave","floor":8}],"player_experience":462852,"relics_obtained":[{"floor":6,"key":"Replay:WaspNest"},{"floor":8,"key":"Juzu Bracelet"},{"floor":9,"key":"Toy Ornithopter"}],"event_choices":[],"is_beta":false,"boss_relics":[],"items_purged_floors":[4],"is_endless":false,"potions_floor_spawned":[1,2,3],"killed_by":"Gremlin Nob","ascension_level":3}}