{"host":"2se5dq1do2gp0x9k","time":1608793930,"event":{"mods":["AchievementEnabler","BaseMod","Block Reminder","Colored Map","Colored Powertips","Minty Spire (QoL Compilation)","Relic Stats","StSLib","SuperFastMode"],"gold_per_floor":[116,135,285,560,577,577,398,398,398,398,410,410,410],"floor_reached":12,"playtime":350,"items_purged":["Regret"],"score":136,"play_id":"42e68ae1-93cb-41e1-bf5d-dcd9f8163426","local_time":"20201223231210","is_ascension_mode":true,"campfire_choices":[{"data":"Streamline","floor":6,"key":"SMITH"},{"data":"Sweeping Beam","floor":8,"key":"SMITH"},{"data":"Coolheaded","floor":10,"key":"SMITH"}],"circlet_count":0,"master_deck":["AscendersBane","Strike_B","Strike_B","Strike_B","Strike_B","Defend_B","Defend_B","Defend_B","Defend_B","Zap","Dualcast","CurseOfTheBell","Streamline+1","Sweeping Beam+1","Doubt","Coolheaded+1","Coolheaded","Conserve Battery","Melter"],"relics":["Calling Bell","Blood Vial","Mummified Hand","Gambling Chip","Bottled Lightning"],"acts_visited":["Exordium"],"potions_floor_usage":[12],"damage_taken":[{"damage":9,"enemies":"Jaw Worm","floor":1,"turns":5},{"damage":0,"enemies":"Cultist","floor":2,"turns":3},{"damage":9,"enemies":"2 Louse","floor":5,"turns":3},{"damage":1,"enemies":"Blue Slaver","floor":11,"turns":5},{"damage":61,"enemies":"Gremlin Nob","floor":12,"turns":4}],"seed_played":"-4031202670396261370","potions_obtained":[{"floor":1,"key":"BlessingOfTheForge"}],"is_trial":false,"path_per_floor":["M","M","?","?","M","R","$","R","T","R","M","E"],"character_chosen":"DEFECT","items_purchased":["Coolheaded","Conserve Battery"],"campfire_rested":0,"item_purchase_floors":[7,7],"current_hp_per_floor":[57,59,59,59,52,52,52,52,52,52,53,0,0],"gold":410,"neow_bonus":"BOSS_RELIC","is_daily":false,"chose_seed":false,"campfire_upgraded":3,"win_rate":0.0,"timestamp":1608793930,"path_taken":["M","M","?","?","M","R","$","R","T","R","M","E"],"items_purchased_type":["Card","Card"],"build_version":"2020-12-22","purchased_purges":1,"victory":false,"max_hp_per_floor":[71,71,71,71,71,71,71,71,71,71,71,71,71],"relic_stats":{"Blood Vial":10,"counters":[5,20],"Mummified Hand":[0],"Gambling Chip":[21],"obtain_stats":[{"Calling Bell":0,"Blood Vial":0,"Mummified Hand":0,"Gambling Chip":0,"Bottled Lightning":9,"Cracked Core":0},{"Calling Bell":0,"Blood Vial":0,"Mummified Hand":0,"Gambling Chip":0,"Bottled Lightning":3,"Cracked Core":0},{"Calling Bell":0,"Blood Vial":0,"Mummified Hand":0,"Gambling Chip":0,"Bottled Lightning":11,"Cracked Core":0}]},"card_choices":[{"not_picked":["Leap","Gash"],"picked":"Streamline","floor":1},{"not_picked":["Beam Cell","Static Discharge"],"picked":"Sweeping Beam","floor":2},{"not_picked":["Auto Shields","Defragment"],"picked":"Coolheaded","floor":5},{"not_picked":["Leap","Storm"],"picked":"Melter","floor":11}],"player_experience":3612892,"relics_obtained":[{"floor":0,"key":"Blood Vial"},{"floor":0,"key":"Mummified Hand"},{"floor":0,"key":"Gambling Chip"},{"floor":9,"key":"Bottled Lightning"}],"event_choices":[{"damage_healed":0,"gold_gain":150,"player_choice":"AGREE","damage_taken":0,"max_hp_gain":0,"max_hp_loss":0,"event_name":"Liars Game","floor":3,"gold_loss":0,"cards_obtained":["Doubt"]},{"damage_healed":0,"gold_gain":275,"player_choice":"Desecrate","damage_taken":0,"max_hp_gain":0,"max_hp_loss":0,"event_name":"Golden Shrine","floor":4,"gold_loss":0,"cards_obtained":["Regret"]}],"is_beta":false,"boss_relics":[],"items_purged_floors":[7],"is_endless":false,"potions_floor_spawned":[1],"killed_by":"Gremlin Nob","ascension_level":20}}