{"host":"69rply1jf2d1wbmp","time":1608814069,"event":{"mods":["BaseMod","Minty Spire (QoL Compilation)","Quick Restart"],"gold_per_floor":[11,25,38,54,54,54,54,54,77,77,116,91,116,116,116],"floor_reached":14,"playtime":344,"items_purged":[],"score":90,"play_id":"6adecf44-78b2-4f12-8b6f-0b559b76bf0d","local_time":"20201224074749","is_ascension_mode":false,"campfire_choices":[{"data":"Neutralize","floor":6,"key":"SMITH"},{"floor":8,"key":"RECALL"}],"circlet_count":0,"master_deck":["Strike_G","Strike_G","Strike_G","Strike_G","Defend_G","Defend_G","Defend_G","Defend_G","Survivor","Neutralize+1","Accuracy","Caltrops","Injury","Dagger Spray"],"relics":["Ring of the Snake","Boot","Golden Idol","Anchor","Vajra"],"acts_visited":["Exordium"],"potions_floor_usage":[4,13,14,14],"damage_taken":[{"damage":0,"enemies":"Small Slimes","floor":1,"turns":4},{"damage":0,"enemies":"2 Louse","floor":2,"turns":3},{"damage":0,"enemies":"Cultist","floor":3,"turns":5},{"damage":0,"enemies":"Large Slime","floor":4,"turns":8},{"damage":56,"enemies":"Lagavulin","floor":11,"turns":9},{"damage":2,"enemies":"Exordium Wildlife","floor":13,"turns":4},{"damage":15,"enemies":"Gremlin Nob","floor":14,"turns":3}],"seed_played":"2285318746659724204","potions_obtained":[{"floor":2,"key":"FearPotion"},{"floor":3,"key":"SpeedPotion"},{"floor":11,"key":"Fire Potion"},{"floor":13,"key":"PowerPotion"}],"is_trial":false,"path_per_floor":["M","M","M","M","?","R","?","R","T","?","E","?","M","E"],"character_chosen":"THE_SILENT","items_purchased":[],"campfire_rested":0,"item_purchase_floors":[],"current_hp_per_floor":[70,70,70,70,67,67,67,67,67,67,11,11,9,0,0],"gold":116,"neow_bonus":"REMOVE_TWO","is_daily":false,"chose_seed":false,"campfire_upgraded":1,"win_rate":0.0,"timestamp":1608814069,"path_taken":["M","M","M","M","?","R","?","R","T","?","E","?","M","E"],"items_purchased_type":[],"build_version":"2020-12-22","purchased_purges":0,"victory":false,"max_hp_per_floor":[70,70,70,70,70,70,70,70,70,70,70,70,70,70,70],"card_choices":[{"not_picked":["Blade Dance","Bouncing Flask"],"picked":"Accuracy","floor":1},{"not_picked":["All Out Attack","Quick Slash","Bane"],"picked":"SKIP","floor":2},{"not_picked":["Escape Plan","Eviscerate","Dodge and Roll"],"picked":"SKIP","floor":3},{"not_picked":["Eviscerate","Dodge and Roll"],"picked":"Caltrops","floor":4},{"not_picked":["Doppelganger","Underhanded Strike","Reflex"],"picked":"SKIP","floor":11},{"not_picked":["Catalyst","Dash"],"picked":"Dagger Spray","floor":13}],"player_experience":405960,"relics_obtained":[{"floor":9,"key":"Anchor"},{"floor":11,"key":"Vajra"}],"event_choices":[{"damage_healed":0,"gold_gain":0,"player_choice":"Success","damage_taken":3,"relics_obtained":["Boot"],"max_hp_gain":0,"max_hp_loss":0,"event_name":"Scrap Ooze","floor":5,"gold_loss":0},{"damage_healed":0,"gold_gain":0,"player_choice":"Take Wound","damage_taken":0,"relics_obtained":["Golden Idol"],"max_hp_gain":0,"max_hp_loss":0,"event_name":"Golden Idol","floor":7,"gold_loss":0,"cards_obtained":["Injury"]},{"damage_healed":0,"gold_gain":0,"player_choice":"Ignored","damage_taken":0,"max_hp_gain":0,"max_hp_loss":0,"event_name":"Liars Game","floor":10,"gold_loss":0},{"damage_healed":0,"gold_gain":0,"player_choice":"Left Gold","damage_taken":0,"max_hp_gain":0,"max_hp_loss":0,"event_name":"World of Goop","floor":12,"gold_loss":25}],"is_beta":false,"boss_relics":[],"items_purged_floors":[],"is_endless":false,"potions_floor_spawned":[2,3,11,13],"killed_by":"Gremlin Nob","ascension_level":0}}