{"host":"p9t7qd83igtcp2bh","time":1608835783,"event":{"mods":["2.2 Compatiblity","AchievementEnabler","BaseMod","Colored Map","Colored Powertips","Custom Start","DeckTracker","Keyboard Shortcuts","Minty Spire (QoL Compilation)","Permanent Neow","StSLib","SuperFastMode","everything is the same but u backflip on backflip"],"gold_per_floor":[111,122,141,155,174,174,191,226,251,251,277,277,277,297,297,397,397,415,434,168,258,270,290,304,315,338,338,363,363,363],"floor_reached":29,"playtime":1159,"items_purged":["Strike_P"],"score":386,"play_id":"0aa846ed-93ac-4cc9-bd47-9a43a64c88cf","local_time":"20201225034943","is_ascension_mode":true,"campfire_choices":[{"data":"Ragnarok","floor":6.0,"key":"SMITH"},{"data":"Nirvana","floor":10.0,"key":"SMITH"},{"floor":12.0,"key":"REST"},{"data":"CrushJoints","floor":15.0,"key":"SMITH"},{"data":"MentalFortress","floor":27,"key":"SMITH"}],"circlet_count":0,"master_deck":["AscendersBane","Strike_P","Strike_P","Strike_P","Defend_P","Defend_P","Defend_P","Defend_P","Eruption","Vigilance","CrushJoints+1","Nirvana+1","Ragnarok+1","Swivel","CutThroughFate","Wireheading","MentalFortress+1","ThirdEye","JustLucky","DeusExMachina","Parasite","WaveOfTheHand"],"relics":["PureWater","Lizard Tail","Meat on the Bone","Damaru","StrikeDummy","Bag of Preparation","Cursed Key","Membership Card","Strawberry","Ancient Tea Set","Red Mask"],"acts_visited":["Exordium","TheCity"],"potions_floor_usage":[28,29],"damage_taken":[{"damage":2.0,"enemies":"Jaw Worm","floor":1.0,"turns":3.0},{"damage":2.0,"enemies":"2 Louse","floor":2.0,"turns":3.0},{"damage":2.0,"enemies":"Cultist","floor":3.0,"turns":3.0},{"damage":1.0,"enemies":"Looter","floor":4.0,"turns":4.0},{"damage":27.0,"enemies":"Large Slime","floor":5.0,"turns":6.0},{"damage":18.0,"enemies":"Lots of Slimes","floor":7.0,"turns":5.0},{"damage":37.0,"enemies":"Lagavulin","floor":8.0,"turns":5.0},{"damage":16.0,"enemies":"Gremlin Nob","floor":11.0,"turns":4.0},{"damage":15.0,"enemies":"Blue Slaver","floor":14.0,"turns":5.0},{"damage":24.0,"enemies":"The Guardian","floor":16.0,"turns":9.0},{"damage":0.0,"enemies":"Chosen","floor":18.0,"turns":4.0},{"damage":15.0,"enemies":"2 Thieves","floor":19.0,"turns":4.0},{"damage":29.0,"enemies":"Sentry and Sphere","floor":22.0,"turns":10.0},{"damage":6.0,"enemies":"3 Cultists","floor":23.0,"turns":4.0},{"damage":18.0,"enemies":"Shelled Parasite and Fungi","floor":24.0,"turns":6.0},{"damage":11.0,"enemies":"Cultist and Chosen","floor":25.0,"turns":8.0},{"damage":19,"enemies":"Masked Bandits","floor":28,"turns":3},{"damage":13,"enemies":"Snake Plant","floor":29,"turns":3}],"seed_played":"6995634136338010836","potions_obtained":[{"floor":2.0,"key":"Weak Potion"},{"floor":3.0,"key":"ColorlessPotion"},{"floor":5.0,"key":"SkillPotion"},{"floor":8.0,"key":"Strength Potion"},{"floor":14.0,"key":"Ambrosia"},{"floor":19.0,"key":"GamblersBrew"},{"floor":28,"key":"DistilledChaos"}],"is_trial":false,"path_per_floor":["M","M","M","M","M","R","M","E","T","R","E","R","?","M","R","B",null,"M","M","$","?","M","M","M","M","T","R","?","M"],"character_chosen":"WATCHER","items_purchased":["Membership Card","Strawberry"],"campfire_rested":1,"item_purchase_floors":[20,20],"current_hp_per_floor":[63,61,59,58,31,31,13,32,32,32,28,47,44,41,41,29,56,56,41,48,36,19,25,19,20,20,20,13,0,0],"gold":363,"neow_bonus":"ONE_RARE_RELIC","is_daily":false,"chose_seed":false,"campfire_upgraded":4,"win_rate":0.0,"timestamp":1608835783,"path_taken":["M","M","M","M","M","R","M","E","T","R","E","R","?","M","R","BOSS","M","M","$","?","M","?","M","M","T","R","?","M"],"items_purchased_type":["Relic","Relic"],"build_version":"2020-12-22","purchased_purges":1,"victory":false,"max_hp_per_floor":[65,65,65,65,65,65,65,65,65,65,65,65,65,65,65,65,65,65,65,72,72,72,72,72,72,72,72,72,72,72],"card_choices":[{"not_picked":["BowlingBash","Evaluate"],"picked":"CrushJoints","floor":1.0},{"not_picked":["WindmillStrike","Consecrate"],"picked":"Nirvana","floor":2.0},{"not_picked":["Sanctity","Consecrate"],"picked":"Ragnarok","floor":3.0},{"not_picked":["Conclude","ClearTheMind","FlyingSleeves"],"picked":"SKIP","floor":4.0},{"not_picked":["BattleHymn","CarveReality"],"picked":"Swivel","floor":5.0},{"not_picked":["FollowUp","ThirdEye"],"picked":"CutThroughFate","floor":7.0},{"not_picked":["CarveReality","Halt"],"picked":"Wireheading","floor":8.0},{"not_picked":["ConjureBlade","Indignation"],"picked":"MentalFortress","floor":11.0},{"not_picked":["CrushJoints","Wallop"],"picked":"ThirdEye","floor":14.0},{"not_picked":["PathToVictory","Fasting2","FollowUp"],"picked":"SKIP","floor":18.0},{"not_picked":["Halt","ClearTheMind","CrushJoints+1"],"picked":"SKIP","floor":19.0},{"not_picked":["ForeignInfluence+1","PathToVictory","CutThroughFate"],"picked":"SKIP","floor":22.0},{"not_picked":["SashWhip","Study"],"picked":"JustLucky","floor":23.0},{"not_picked":["ClearTheMind","FollowUp","Perseverance"],"picked":"SKIP","floor":24.0},{"not_picked":["Evaluate","FlurryOfBlows"],"picked":"DeusExMachina","floor":25.0},{"not_picked":["Halt+1","FlyingSleeves"],"picked":"WaveOfTheHand","floor":28}],"player_experience":563541,"relics_obtained":[{"floor":8.0,"key":"Meat on the Bone"},{"floor":9.0,"key":"Damaru"},{"floor":11.0,"key":"StrikeDummy"},{"floor":26,"key":"Ancient Tea Set"},{"floor":28,"key":"Red Mask"}],"event_choices":[{"damage_healed":0.0,"max_hp_gain":0.0,"max_hp_loss":0.0,"gold_gain":0.0,"event_name":"Scrap Ooze","player_choice":"Success","floor":13.0,"gold_loss":0.0,"damage_taken":3.0,"relics_obtained":["Bag of Preparation"]},{"damage_healed":0.0,"max_hp_gain":0.0,"max_hp_loss":0.0,"gold_gain":90.0,"event_name":"Knowing Skull","player_choice":"GOLD ","floor":21.0,"potions_obtained":[],"gold_loss":0.0,"damage_taken":12.0,"cards_obtained":[]},{"damage_healed":0,"gold_gain":0,"player_choice":"Fought Bandits","damage_taken":0,"max_hp_gain":0,"max_hp_loss":0,"event_name":"Masked Bandits","floor":28,"gold_loss":0}],"is_beta":false,"boss_relics":[{"not_picked":["Runic Pyramid","HolyWater"],"picked":"Cursed Key"}],"items_purged_floors":[20],"is_endless":false,"potions_floor_spawned":[2,3,5,8,11,14,19,22,28],"killed_by":"Snake Plant","ascension_level":12}}