{"host":"reretk0dz0kj8f1n","time":1608820184,"event":{"mods":["Arknights The Spire","BaseMod","Colored Map","Minty Spire (QoL Compilation)","StSLib"],"gold_per_floor":[111,122,140,152,169,169,169],"floor_reached":6,"playtime":337,"items_purged":[],"score":40,"play_id":"2f159965-3d76-4acb-b0e8-23cc25b26171","local_time":"20201224232944","is_ascension_mode":false,"campfire_choices":[],"circlet_count":0,"master_deck":["ats:Strike C","ats:Strike G","ats:Strike S","ats:Strike V","ats:Armor Crushing Shot","ats:Defend","ats:Defend","ats:Defend","ats:Defend","ats:Emotion Absorption","ats:Fractured Body","ats:Revitalization","ats:Soul Rend","ats:Cat Scratch","ats:Revitalization"],"relics":["ats:Sanity"],"acts_visited":["Exordium"],"potions_floor_usage":[6],"damage_taken":[{"damage":2,"enemies":"2 Louse","floor":1,"turns":4},{"damage":13,"enemies":"Cultist","floor":2,"turns":5},{"damage":3,"enemies":"Small Slimes","floor":3,"turns":4},{"damage":21,"enemies":"2 Fungi Beasts","floor":4,"turns":6},{"damage":24,"enemies":"Exordium Thugs","floor":5,"turns":6},{"damage":35,"enemies":"Gremlin Nob","floor":6,"turns":4}],"seed_played":"7681093294256017957","potions_obtained":[{"floor":2,"key":"GamblersBrew"},{"floor":3,"key":"SkillPotion"}],"is_trial":false,"path_per_floor":["M","M","M","M","M","E"],"character_chosen":"DOCTOR_CLASS","items_purchased":[],"campfire_rested":0,"item_purchase_floors":[],"current_hp_per_floor":[70,57,57,44,26,0,0],"gold":169,"neow_bonus":"ONE_RANDOM_RARE_CARD","is_daily":false,"chose_seed":false,"campfire_upgraded":0,"win_rate":0.0,"timestamp":1608820184,"path_taken":["M","M","M","M","M","E"],"items_purchased_type":[],"build_version":"2020-12-22","purchased_purges":0,"victory":false,"max_hp_per_floor":[72,72,72,72,72,72,72],"card_choices":[{"not_picked":["ats:Poison Spread","ats:Curse Doll","ats:Powerful Strike"],"picked":"SKIP","floor":1},{"not_picked":["ats:Consecutive Shot Auto","ats:Guardian Obelisk"],"picked":"ats:Revitalization","floor":2},{"not_picked":["ats:Shell Defense","ats:Childhood Dance"],"picked":"ats:Soul Rend","floor":3},{"not_picked":["ats:Hammer On","ats:Dogmatic Field"],"picked":"ats:Cat Scratch","floor":4},{"not_picked":["ats:Consecutive Shot Auto","ats:Powerful Strike"],"picked":"ats:Revitalization","floor":5}],"player_experience":232740,"relics_obtained":[],"event_choices":[],"is_beta":false,"boss_relics":[],"items_purged_floors":[],"is_endless":false,"potions_floor_spawned":[2,3],"killed_by":"Gremlin Nob","ascension_level":0}}