{"host":"igi9xpgoc000gxf5","time":1608779028,"event":{"mods":["BaseMod","Colored Powertips","Downfall","Googly Eyes","Minty Spire (QoL Compilation)","StSLib"],"gold_per_floor":[99,117,25,325,386,396,449,464,464,474,474,474,399,399,416,518,568,568,579,579,599,619,637,664,664,589,599,617,52,52,52,62,159,159,159,174,224,244,0,12,36,54,54,54,54,54,54],"floor_reached":45,"playtime":2715,"items_purged":[],"score":482,"play_id":"12410e0f-23e9-431c-a759-94481a300626","local_time":"20201224040348","is_ascension_mode":false,"campfire_choices":[{"data":"Guardian:TwinSlam","floor":1,"key":"SMITH"},{"floor":9,"key":"RECALL"},{"data":"Guardian:CurlUp","floor":13,"key":"SMITH"},{"data":"Guardian:BaubleBeam","floor":18,"key":"SMITH"},{"data":"Guardian:FloatingOrbs","floor":26,"key":"SMITH"},{"data":"Guardian:Orbwalk","floor":35,"key":"SMITH"},{"data":"Guardian:Repulse","floor":44,"key":"SMITH"}],"circlet_count":0,"master_deck":["Guardian:Strike_Guardian+1","Guardian:Strike_Guardian+1","Guardian:Strike_Guardian+1","Guardian:Strike_Guardian+1","Guardian:Defend_Guardian+1","Guardian:Defend_Guardian+1","Guardian:Defend_Guardian+1","Guardian:Defend_Guardian+1","Guardian:CurlUp+1","Guardian:TwinSlam+1","Guardian:Orbwalk+1","Guardian:BronzeArmor","Guardian:CrystalBeam+1","Slimebound:Icky","Slimebound:Icky","Guardian:FloatingOrbs+1","Guardian:ShieldCharger","Guardian:PiercingHide","Parasite","Guardian:PiercingHide","Guardian:BaubleBeam+1","Guardian:ShieldCharger","Guardian:CrystalBeam+1","Guardian:FierceBash","Guardian:Suspension+1","Guardian:VentSteam","Guardian:ChargeCore","Guardian:Reroute+1","Guardian:MultiBeam","Guardian:RevengeProtocol","CurseOfTheBell","Guardian:Harden+1","Guardian:Repulse+1","Guardian:PolyBeam","Guardian:DecasProtection+1","Guardian:TemporalStrike+1"],"relics":["Guardian:ModeShifter","Whetstone","Guardian:PickAxe","downfall:HeartBlessingRed","Tiny House","downfall:HeartBlessingBlue","MealTicket","Mercury Hourglass","OrangePellets","Pantograph","Calling Bell","Anchor","Darkstone Periapt","Unceasing Top","Torii","Blood Vial","Bag of Marbles"],"acts_visited":["Exordium","TheCity","TheBeyond"],"potions_floor_usage":[29,33,33,33,42],"damage_taken":[{"damage":0,"enemies":"Small Slimes","floor":2,"turns":3},{"damage":3,"enemies":"downfall:FleeingMerchant","floor":3,"turns":4},{"damage":24,"enemies":"3 Sentries","floor":5,"turns":12},{"damage":4,"enemies":"Jaw Worm","floor":6,"turns":3},{"damage":4,"enemies":"2 Louse","floor":8,"turns":3},{"damage":10,"enemies":"Gremlin Gang","floor":10,"turns":4},{"damage":17,"enemies":"Exordium Wildlife","floor":15,"turns":3},{"damage":29,"enemies":"downfall:Defect","floor":16,"turns":7},{"damage":20,"enemies":"Spheric Guardian","floor":19,"turns":4},{"damage":20,"enemies":"Snecko","floor":21,"turns":5},{"damage":19,"enemies":"Centurion and Healer","floor":22,"turns":6},{"damage":0,"enemies":"Chosen and Byrds","floor":23,"turns":1},{"damage":15,"enemies":"Snecko","floor":27,"turns":4},{"damage":26,"enemies":"Sentry and Sphere","floor":28,"turns":6},{"damage":3,"enemies":"downfall:FleeingMerchant","floor":29,"turns":4},{"damage":4,"enemies":"3 Cultists","floor":32,"turns":5},{"damage":30,"enemies":"downfall:Watcher","floor":33,"turns":7},{"damage":0,"enemies":"Orb Walker","floor":36,"turns":3},{"damage":47,"enemies":"Mind Bloom Boss Battle","floor":37,"turns":6},{"damage":1,"enemies":"3 Darklings","floor":38,"turns":5},{"damage":2,"enemies":"downfall:FleeingMerchant","floor":39,"turns":4},{"damage":31,"enemies":"Spire Growth","floor":40,"turns":6},{"damage":9,"enemies":"Writhing Mass","floor":42,"turns":6},{"damage":30,"enemies":"Transient","floor":45,"turns":5}],"seed_played":"3124485476635753542","potions_obtained":[{"floor":2,"key":"CultistPotion"},{"floor":6,"key":"SteroidPotion"},{"floor":15,"key":"Explosive Potion"},{"floor":17,"key":"Block Potion"},{"floor":23,"key":"LiquidMemories"},{"floor":32,"key":"PowerPotion"},{"floor":36,"key":"Swift Potion"},{"floor":40,"key":"ColorlessPotion"}],"is_trial":false,"path_per_floor":["R","M","$","?","?","M","T","M","R","M","?","?","R","?","M","B",null,"R","M","?","M","M","M","T","?","R","M","M","$","?","T","M","B",null,"R","M","?","M","$","M","T","M","?","R","M"],"character_chosen":"GUARDIAN","items_purchased":["Guardian:Gem_Cyan","Guardian:CrystalBeam","MealTicket","Mercury Hourglass","OrangePellets","Blood Vial","Guardian:PolyBeam"],"campfire_rested":0,"item_purchase_floors":[3,3,29,29,29,39,39],"current_hp_per_floor":[80,80,77,77,53,49,49,45,45,35,55,55,55,55,38,9,85,85,65,65,45,26,26,26,54,64,49,23,20,20,20,16,11,95,95,95,48,47,60,31,31,24,16,16,0,0,0],"gold":54,"neow_bonus":"THREE_CARDS","is_daily":false,"chose_seed":false,"campfire_upgraded":6,"win_rate":0.0,"timestamp":1608779028,"path_taken":["R","M","$","?","?","M","T","M","R","M","?","?","R","?","M","BOSS","R","M","?","M","M","?","T","?","R","M","M","$","?","?","M","BOSS","R","M","?","M","$","M","T","M","?","R","M"],"items_purchased_type":["Card","Card","Relic","Relic","Relic","Relic","Card"],"build_version":"2020-12-22","purchased_purges":0,"victory":false,"max_hp_per_floor":[80,80,80,80,80,80,80,80,80,80,80,80,80,80,80,80,85,85,85,85,85,85,85,85,85,95,95,95,95,95,95,95,95,95,95,95,95,95,95,95,95,95,95,95,95,95,95],"card_choices":[{"not_picked":["Guardian:PiercingHide","Guardian:WalkerClaw"],"picked":"Guardian:Gem_Cyan","floor":0},{"not_picked":["Guardian:VentSteam","Guardian:MultiBeam"],"picked":"Guardian:Orbwalk","floor":2},{"not_picked":["Guardian:PrimingBeam","Guardian:WalkerClaw"],"picked":"Guardian:BronzeArmor","floor":3},{"not_picked":["Guardian:RollAttack","Guardian:Orbwalk"],"picked":"Guardian:FloatingOrbs","floor":5},{"not_picked":["Guardian:RollAttack","Guardian:VentSteam"],"picked":"Guardian:ShieldCharger","floor":6},{"not_picked":["Guardian:Recover","Guardian:TemporalShield"],"picked":"Guardian:PiercingHide","floor":8},{"not_picked":["Guardian:BronzeOrb","Guardian:GuardianWhirl"],"picked":"Guardian:Gem_Red","floor":10},{"not_picked":["Guardian:ShieldSpikes","Guardian:Recover"],"picked":"Guardian:PiercingHide","floor":15},{"not_picked":["Guardian:ExploitGems","Guardian:ConstructionForm"],"picked":"Guardian:BaubleBeam","floor":16},{"not_picked":["Guardian:WalkerClaw","Guardian:Planning"],"picked":"Guardian:ShieldCharger","floor":17},{"not_picked":["Guardian:Incinerate+1","Guardian:TemporalShield"],"picked":"Guardian:CrystalBeam+1","floor":19},{"not_picked":["Guardian:PiercingHide","Guardian:TimeCapacitor"],"picked":"Guardian:Suspension","floor":21},{"not_picked":["Guardian:Gem_Purple","Guardian:Incinerate+1"],"picked":"Guardian:Gem_Orange","floor":22},{"not_picked":["Guardian:RefractedBeam","Guardian:Recover"],"picked":"Guardian:Gem_Blue","floor":23},{"not_picked":["Guardian:RollAttack","Guardian:ShieldCharger"],"picked":"Guardian:VentSteam","floor":27},{"not_picked":["Guardian:Gem_Cyan","Guardian:Suspension+1"],"picked":"Guardian:ChargeCore","floor":28},{"not_picked":["Guardian:TemporalStrike","Guardian:Gem_Cyan"],"picked":"Guardian:Reroute+1","floor":29},{"not_picked":["Guardian:TimeSifter","Guardian:Gem_Cyan"],"picked":"Guardian:MultiBeam","floor":32},{"not_picked":["Guardian:HyperBeam_Guardian","Guardian:TimeSifter"],"picked":"Guardian:RevengeProtocol","floor":33},{"not_picked":["Guardian:VentSteam","Guardian:Orbwalk+1"],"picked":"Guardian:Gem_Green","floor":36},{"not_picked":["Guardian:TemporalStrike","Guardian:PiercingHide"],"picked":"Guardian:Gem_Green","floor":37},{"not_picked":["Guardian:Emergency","Guardian:Gem_Red"],"picked":"Guardian:Harden+1","floor":38},{"not_picked":["Guardian:Gem_White","Guardian:ShieldCharger+1"],"picked":"Guardian:Repulse","floor":39},{"not_picked":["Guardian:GuardianWhirl+1","Guardian:ArmoredProtocol"],"picked":"Guardian:DecasProtection+1","floor":40},{"not_picked":["Guardian:Suspension","Guardian:Gem_Green"],"picked":"Guardian:TemporalStrike","floor":42}],"player_experience":902241,"relics_obtained":[{"floor":5,"key":"Happy Flower"},{"floor":7,"key":"Whetstone"},{"floor":31,"key":"Pantograph"},{"floor":34,"key":"Anchor"},{"floor":34,"key":"Darkstone Periapt"},{"floor":34,"key":"Unceasing Top"},{"floor":37,"key":"Torii"},{"floor":41,"key":"Bag of Marbles"}],"event_choices":[{"damage_healed":20,"gold_gain":0,"player_choice":"Healed and dodged fight","damage_taken":0,"max_hp_gain":0,"max_hp_loss":0,"event_name":"Mushrooms","floor":11,"gold_loss":0,"cards_obtained":["Parasite"]},{"damage_healed":28,"gold_gain":0,"player_choice":"Heal","damage_taken":0,"max_hp_gain":0,"max_hp_loss":0,"event_name":"The Library","floor":25,"gold_loss":0},{"damage_healed":0,"gold_gain":0,"player_choice":"Simplicity","damage_taken":0,"max_hp_gain":0,"max_hp_loss":0,"event_name":"Back to Basics","floor":30,"gold_loss":0,"cards_upgraded":["Guardian:Strike_Guardian","Guardian:Strike_Guardian","Guardian:Strike_Guardian","Guardian:Defend_Guardian","Guardian:Defend_Guardian","Guardian:Defend_Guardian"]}],"is_beta":false,"boss_relics":[{"not_picked":["Sozu","Coffee Dripper"],"picked":"Tiny House"},{"not_picked":["SlaversCollar","Philosopher\u0027s Stone"],"picked":"Calling Bell"}],"items_purged_floors":[],"is_endless":false,"potions_floor_spawned":[2,6,15,16,19,21,23,32,36,40],"killed_by":"Transient","ascension_level":0}}