{"host":"qy1e0kd24tpj3i2m","time":1608835092,"event":{"mods":["Act Like it!","Alarm Clock","BaseMod","Better Skull","Better Vampires","Colored Map","Colored Powertips","Custom Start","Faster Ascension Climbing","Friendly Minions","GifTheSpireLib","Gremlin Skip","Highlight Path","Minty Spire (QoL Compilation)","Permanent Neow","Quick Restart","Red Circlet Mod","Relic Sorter","Reorder Act Four","SacredBarkPlus","Shop Mod","StSLib","SuperFastMode","Transform Curses","没有小屋子和绿帽子啦"],"gold_per_floor":[111,111,111,111,127,127,19,346,420,420,420,11,11,40,40,114,114,114,114],"floor_reached":18,"playtime":538,"items_purged":[],"score":328,"play_id":"cfad73a0-dbbb-4134-b6df-6f41aad6b3b3","local_time":"20201225033812","is_ascension_mode":true,"campfire_choices":[{"data":"True Grit","floor":6.0,"key":"SMITH"},{"data":"Blood for Blood","floor":11.0,"key":"SMITH"},{"data":"Whirlwind","floor":13.0,"key":"SMITH"},{"data":"Feel No Pain","floor":15.0,"key":"SMITH"}],"circlet_count":0,"master_deck":["AscendersBane","Strike_R+1","Strike_R+1","Defend_R","Defend_R","True Grit+1","Blood for Blood+1","Headbutt","Dual Wield","Metallicize","Feel No Pain+1","Whirlwind+1","Panacea","Rupture","Shrug It Off","Reaper","Disarm+1","Evolve+1","True Grit+1"],"relics":["Burning Blood","Question Card","Old Coin","InkBottle","Whetstone","Pen Nib","Astrolabe"],"acts_visited":["Exordium","TheCity"],"potions_floor_usage":[],"damage_taken":[{"damage":0.0,"enemies":"2 Louse","floor":1.0,"turns":2.0},{"damage":15.0,"enemies":"Small Slimes","floor":5.0,"turns":5.0},{"damage":32.0,"enemies":"Lagavulin","floor":8.0,"turns":10.0},{"damage":18.0,"enemies":"Gremlin Nob","floor":14.0,"turns":4.0},{"damage":7.0,"enemies":"Slime Boss","floor":16.0,"turns":12.0},{"damage":5,"enemies":"3 Byrds","floor":18,"turns":3}],"seed_played":"-2431048595683674207","potions_obtained":[{"floor":8.0,"key":"Energy Potion"},{"floor":14.0,"key":"EntropicBrew"},{"floor":16.0,"key":"Fire Potion"}],"is_trial":false,"path_per_floor":["M","?","?","?","M","R","$","E","T","?","R","$","R","E","R","B",null,"M"],"character_chosen":"IRONCLAD","items_purchased":["Fruit Juice","Whirlwind","Panacea","Whetstone","Rupture"],"campfire_rested":0,"item_purchase_floors":[7,12,12,12,12],"current_hp_per_floor":[74,63,63,63,54,54,59,33,33,33,33,33,33,21,21,20,65,60,60],"gold":114,"neow_bonus":"TRANSFORM_TWO_CARDS","is_daily":false,"chose_seed":false,"campfire_upgraded":4,"win_rate":0.0,"timestamp":1608835092,"path_taken":["M","?","?","?","?","R","$","E","T","?","R","$","R","E","R","BOSS","M"],"items_purchased_type":["Potion","Card","Card","Relic","Card"],"build_version":"2020-12-22","purchased_purges":0,"victory":false,"max_hp_per_floor":[75,75,75,75,75,75,80,80,80,80,80,80,80,80,80,80,80,80,80],"card_choices":[{"not_picked":["Havoc","Wild Strike"],"picked":"Headbutt","floor":1.0},{"not_picked":["Burning Pact","Perfected Strike","Body Slam"],"picked":"Metallicize","floor":5.0},{"not_picked":["Clash","Dark Embrace","Berserk"],"picked":"Feel No Pain","floor":8.0},{"not_picked":["Headbutt","Intimidate","Armaments"],"picked":"Shrug It Off","floor":14.0},{"not_picked":["Bludgeon","Immolate","Brutality"],"picked":"Reaper","floor":16.0}],"player_experience":909740,"relics_obtained":[{"floor":8.0,"key":"Old Coin"},{"floor":9.0,"key":"InkBottle"},{"floor":14.0,"key":"Pen Nib"}],"event_choices":[{"damage_healed":0.0,"max_hp_gain":0.0,"max_hp_loss":0.0,"gold_gain":0.0,"event_name":"Scrap Ooze","player_choice":"Success","floor":2.0,"gold_loss":0.0,"damage_taken":11.0,"relics_obtained":["Question Card"]},{"damage_healed":0.0,"max_hp_gain":0.0,"max_hp_loss":0.0,"gold_gain":0.0,"cards_transformed":["Shame"],"event_name":"Living Wall","player_choice":"Change","floor":3.0,"gold_loss":0.0,"damage_taken":0.0,"cards_obtained":["Dual Wield"]},{"cards_removed":["Strike_R"],"damage_healed":0.0,"max_hp_gain":0.0,"max_hp_loss":0.0,"gold_gain":0.0,"event_name":"Purifier","player_choice":"Purged","floor":4.0,"gold_loss":0.0,"damage_taken":0.0},{"damage_healed":0.0,"max_hp_gain":0.0,"max_hp_loss":0.0,"gold_gain":0.0,"event_name":"Dead Adventurer","player_choice":"Searched \u00270\u0027 times","floor":10.0,"gold_loss":0.0,"damage_taken":0.0}],"is_beta":false,"boss_relics":[{"not_picked":["Runic Pyramid","Sozu"],"picked":"Astrolabe"}],"items_purged_floors":[],"is_endless":false,"potions_floor_spawned":[8,14,16],"killed_by":"3 Byrds","ascension_level":20}}