{"host":"2yqfi47fogfu1ic4","time":1608827394,"event":{"mods":["AchievementEnabler","BaseMod","Colored Map","Colored Powertips","Highlight Path","Minty Spire (QoL Compilation)","Permanent Neow","Relic Stats","StSLib"],"gold_per_floor":[110,121,132,151,151,151,167,167,194,30,58,58,58,73,73,148,148,166,43,43,55,55,55],"floor_reached":22,"playtime":1353,"items_purged":[],"score":372,"play_id":"b339bcf6-489f-4337-8667-a1246297af17","local_time":"20201224172954","is_ascension_mode":true,"campfire_choices":[{"data":"Bouncing Flask","floor":6.0,"key":"SMITH"},{"data":"Backflip","floor":8.0,"key":"SMITH"},{"data":"Dagger Spray","floor":13.0,"key":"SMITH"},{"data":"Neutralize","floor":15.0,"key":"SMITH"}],"circlet_count":0,"master_deck":["AscendersBane","Strike_G","Strike_G","Strike_G","Defend_G","Defend_G","Defend_G","Defend_G","Defend_G","Survivor","Neutralize+1","Bouncing Flask+1","Dagger Spray+1","Backflip+1","Poisoned Stab","Dagger Throw","Bane","Blade Dance","Calculated Gamble","Die Die Die","Leg Sweep","Well Laid Plans"],"relics":["Philosopher\u0027s Stone","Lantern","Oddly Smooth Stone","Black Star","Nloth\u0027s Gift"],"acts_visited":["Exordium","TheCity"],"potions_floor_usage":[22],"damage_taken":[{"damage":8.0,"enemies":"2 Louse","floor":1.0,"turns":4.0},{"damage":0.0,"enemies":"Jaw Worm","floor":2.0,"turns":4.0},{"damage":0.0,"enemies":"Cultist","floor":3.0,"turns":3.0},{"damage":5.0,"enemies":"Blue Slaver","floor":4.0,"turns":4.0},{"damage":0.0,"enemies":"Lots of Slimes","floor":7.0,"turns":3.0},{"damage":5.0,"enemies":"3 Sentries","floor":11.0,"turns":7.0},{"damage":12.0,"enemies":"Gremlin Gang","floor":14.0,"turns":3.0},{"damage":19.0,"enemies":"The Guardian","floor":16.0,"turns":8.0},{"damage":7,"enemies":"3 Byrds","floor":18,"turns":3},{"damage":24,"enemies":"Chosen","floor":21,"turns":5},{"damage":28,"enemies":"Snake Plant","floor":22,"turns":3}],"seed_played":"-8972191489617487104","potions_obtained":[{"floor":1.0,"key":"Fruit Juice"},{"floor":3.0,"key":"Swift Potion"},{"floor":7.0,"key":"CunningPotion"}],"is_trial":false,"path_per_floor":["M","M","M","M","?","R","M","R","T","$","E","?","R","M","R","B",null,"M","$","?","M","M"],"character_chosen":"THE_SILENT","items_purchased":["Oddly Smooth Stone","Leg Sweep","Well Laid Plans"],"campfire_rested":0,"item_purchase_floors":[10,19,19],"current_hp_per_floor":[51,51,51,46,39,39,39,39,39,39,34,34,34,22,22,3,50,43,43,43,19,0,0],"gold":55,"neow_bonus":"BOSS_RELIC","is_daily":false,"chose_seed":false,"campfire_upgraded":4,"win_rate":0.0,"timestamp":1608827394,"path_taken":["M","M","M","M","?","R","M","R","T","$","E","?","R","M","R","BOSS","M","$","?","M","?"],"items_purchased_type":["Relic","Card","Card"],"build_version":"2020-12-22","purchased_purges":0,"victory":false,"max_hp_per_floor":[66,66,66,66,66,66,66,66,66,66,66,66,66,66,66,66,66,66,66,66,66,71,71],"relic_stats":{"counters":[11,47],"Black Star":0,"Nloth\u0027s Gift":0,"obtain_stats":[{"Lantern":9,"Regal Pillow":11,"Oddly Smooth Stone":10,"Philosopher\u0027s Stone":0,"Black Star":17,"Nloth\u0027s Gift":20,"Ring of the Snake":0},{"Lantern":5,"Regal Pillow":6,"Oddly Smooth Stone":5,"Philosopher\u0027s Stone":0,"Black Star":8,"Nloth\u0027s Gift":9,"Ring of the Snake":0},{"Lantern":18,"Regal Pillow":25,"Oddly Smooth Stone":18,"Philosopher\u0027s Stone":0,"Black Star":36,"Nloth\u0027s Gift":39,"Ring of the Snake":0}]},"card_choices":[{"not_picked":["Calculated Gamble","Flying Knee"],"picked":"Bouncing Flask","floor":1.0},{"not_picked":["Dodge and Roll","Endless Agony"],"picked":"Dagger Spray","floor":2.0},{"not_picked":["Underhanded Strike","Flying Knee"],"picked":"Backflip","floor":3.0},{"not_picked":["Slice","Storm of Steel"],"picked":"Poisoned Stab","floor":4.0},{"not_picked":["Underhanded Strike","Flying Knee"],"picked":"Dagger Throw","floor":7.0},{"not_picked":["Dagger Throw","Quick Slash"],"picked":"Bane","floor":11.0},{"not_picked":["Underhanded Strike","A Thousand Cuts"],"picked":"Calculated Gamble","floor":14.0},{"not_picked":["A Thousand Cuts","Tools of the Trade"],"picked":"Die Die Die","floor":16.0},{"not_picked":["Eviscerate","Dagger Throw","Heel Hook"],"picked":"SKIP","floor":18},{"not_picked":["Outmaneuver","Flying Knee","Heel Hook"],"picked":"SKIP","floor":21}],"player_experience":1814786,"relics_obtained":[{"floor":9.0,"key":"Lantern"},{"floor":11.0,"key":"Regal Pillow"}],"event_choices":[{"cards_removed":["Strike_G"],"damage_healed":0.0,"max_hp_gain":0.0,"max_hp_loss":0.0,"gold_gain":0.0,"event_name":"Golden Wing","player_choice":"Card Removal","floor":5.0,"gold_loss":0.0,"damage_taken":7.0},{"damage_healed":0.0,"max_hp_gain":0.0,"max_hp_loss":0.0,"gold_gain":0.0,"cards_transformed":["Strike_G"],"event_name":"Living Wall","player_choice":"Change","floor":12.0,"gold_loss":0.0,"damage_taken":0.0,"cards_obtained":["Blade Dance"]},{"damage_healed":0,"gold_gain":0,"player_choice":"Traded Relic","damage_taken":0,"relics_obtained":["Nloth\u0027s Gift"],"max_hp_gain":0,"max_hp_loss":0,"event_name":"N\u0027loth","floor":20,"relics_lost":["Regal Pillow"],"gold_loss":0}],"is_beta":false,"boss_relics":[{"not_picked":["Velvet Choker","Ectoplasm"],"picked":"Black Star"}],"items_purged_floors":[],"is_endless":false,"potions_floor_spawned":[1,3,7],"killed_by":"Snake Plant","ascension_level":20}}