{"host":"y76clbnovzmw9ubx","time":1608824787,"event":{"mods":["AchievementEnabler","BaseMod","Minty Spire (QoL Compilation)","Permanent Neow","Relic Stats"],"gold_per_floor":[212,229,240,259,13,41,41,71,71,71,71,71,89,109,109,187,187,187,187,187,187],"floor_reached":20,"playtime":1237,"items_purged":["Strike_G"],"score":372,"play_id":"b4256843-b033-43c1-9af6-36ae5b1768b9","local_time":"20201224104627","is_ascension_mode":true,"campfire_choices":[{"floor":10,"key":"REST"},{"data":"Noxious Fumes","floor":12,"key":"SMITH"},{"data":"Night Terror","floor":15,"key":"SMITH"}],"circlet_count":0,"master_deck":["AscendersBane","Strike_G","Strike_G","Strike_G","Strike_G","Defend_G","Defend_G","Defend_G","Defend_G","Defend_G","Survivor","Neutralize","Footwork","Noxious Fumes+1","Dodge and Roll","Crippling Poison","Footwork","All Out Attack","Cloak And Dagger","PiercingWail","Deflect","Night Terror+1","Night Terror","Cloak And Dagger+1","Catalyst"],"relics":["Ring of the Snake","Pocketwatch","Tough Bandages","Matryoshka","Ectoplasm"],"acts_visited":["Exordium","TheCity"],"potions_floor_usage":[6,6,14,18,20],"damage_taken":[{"damage":1,"enemies":"Cultist","floor":1,"turns":4},{"damage":0,"enemies":"Small Slimes","floor":2,"turns":4},{"damage":12,"enemies":"Jaw Worm","floor":3,"turns":5},{"damage":7,"enemies":"3 Louse","floor":4,"turns":6},{"damage":27,"enemies":"Gremlin Nob","floor":6,"turns":6},{"damage":5,"enemies":"3 Sentries","floor":8,"turns":7},{"damage":0,"enemies":"Blue Slaver","floor":13,"turns":6},{"damage":19,"enemies":"Gremlin Gang","floor":14,"turns":5},{"damage":4,"enemies":"Slime Boss","floor":16,"turns":18},{"damage":2,"enemies":"Shell Parasite","floor":18,"turns":11},{"damage":22,"enemies":"Spheric Guardian","floor":19,"turns":7},{"damage":46,"enemies":"Chosen and Byrds","floor":20,"turns":4}],"seed_played":"-451837808899250984","potions_obtained":[{"floor":1,"key":"AttackPotion"},{"floor":8,"key":"SpeedPotion"},{"floor":14,"key":"Poison Potion"},{"floor":16,"key":"DistilledChaos"},{"floor":18,"key":"FearPotion"}],"is_trial":false,"path_per_floor":["M","M","M","M","$","E","$","E","T","R","?","R","M","M","R","B",null,"M","M","M"],"character_chosen":"THE_SILENT","items_purchased":["Footwork","All Out Attack","Weak Potion"],"campfire_rested":1,"item_purchase_floors":[5,5,5],"current_hp_per_floor":[58,58,46,39,39,12,12,7,7,26,66,66,66,47,47,43,60,58,36,0,0],"gold":187,"neow_bonus":"HUNDRED_GOLD","is_daily":false,"chose_seed":false,"campfire_upgraded":2,"win_rate":0.0,"timestamp":1608824787,"path_taken":["M","M","M","M","$","E","?","E","T","R","?","R","M","M","R","BOSS","M","M","M"],"items_purchased_type":["Card","Card","Potion"],"build_version":"2020-12-22","purchased_purges":1,"victory":false,"max_hp_per_floor":[66,66,66,66,66,66,66,66,66,66,66,66,66,66,66,66,66,66,66,66,66],"relic_stats":{"Tough Bandages":[45],"counters":[12,83],"Ectoplasm":32,"obtain_stats":[{"Tough Bandages":8,"Matryoshka":9,"Ectoplasm":17,"Ring of the Snake":0,"Pocketwatch":6},{"Tough Bandages":6,"Matryoshka":6,"Ectoplasm":9,"Ring of the Snake":0,"Pocketwatch":5},{"Tough Bandages":32,"Matryoshka":32,"Ectoplasm":61,"Ring of the Snake":0,"Pocketwatch":25}],"Ring of the Snake":[24],"Pocketwatch":[60]},"card_choices":[{"not_picked":["Reflex","Flying Knee"],"picked":"Footwork","floor":1},{"not_picked":["Flying Knee","Poisoned Stab"],"picked":"Noxious Fumes","floor":2},{"not_picked":["Cloak And Dagger","Flechettes"],"picked":"Dodge and Roll","floor":3},{"not_picked":["Expertise","Masterful Stab"],"picked":"Crippling Poison","floor":4},{"not_picked":["Prepared","PiercingWail"],"picked":"Cloak And Dagger","floor":6},{"not_picked":["Predator","Infinite Blades"],"picked":"PiercingWail","floor":8},{"not_picked":["Acrobatics","Prepared"],"picked":"Deflect","floor":13},{"not_picked":["Tactician","Deflect"],"picked":"Night Terror","floor":14},{"not_picked":["Doppelganger","Unload"],"picked":"Night Terror","floor":16},{"not_picked":["Noxious Fumes","Bane+1"],"picked":"Cloak And Dagger+1","floor":18},{"not_picked":["Prepared+1","Poisoned Stab"],"picked":"Catalyst","floor":19}],"player_experience":2963522,"relics_obtained":[{"floor":6,"key":"Pocketwatch"},{"floor":8,"key":"Tough Bandages"},{"floor":9,"key":"Matryoshka"}],"event_choices":[{"damage_healed":40,"gold_gain":0,"player_choice":"Full Heal","damage_taken":0,"max_hp_gain":0,"max_hp_loss":0,"event_name":"Wheel of Change","floor":11,"gold_loss":0}],"is_beta":false,"boss_relics":[{"not_picked":["WristBlade","Cursed Key"],"picked":"Ectoplasm"}],"items_purged_floors":[5],"is_endless":false,"potions_floor_spawned":[1,8,14,16,18,19],"killed_by":"Chosen and Byrds","ascension_level":20}}