{"host":"2lo6hma6kymb0g9i","time":1608798851,"event":{"mods":["BaseMod","Colored Map","DeckTracker","Minty Spire (QoL Compilation)"],"gold_per_floor":[118,118,133,143,143,161,161,194,194,194,194,209,227,239,239,239,239],"floor_reached":16,"playtime":938,"items_purged":[],"score":203,"play_id":"34721916-6ddc-4808-a78a-0a8c6496fda0","local_time":"20201224173411","is_ascension_mode":true,"campfire_choices":[{"data":"Neutralize","floor":7,"key":"SMITH"},{"floor":11,"key":"REST"},{"data":"All Out Attack","floor":15,"key":"SMITH"}],"circlet_count":0,"master_deck":["AscendersBane","Strike_G","Strike_G","Strike_G","Strike_G","Strike_G","Defend_G","Defend_G","Defend_G","Defend_G","Defend_G","Survivor","Neutralize+1","Backflip","Quick Slash","Blur","Tactician","All Out Attack+1","Deflect"],"relics":["Ring of the Snake","Pocketwatch","Turnip","Tingsha","Paper Crane"],"acts_visited":["Exordium"],"potions_floor_usage":[8,8],"damage_taken":[{"damage":2,"enemies":"Jaw Worm","floor":1,"turns":5},{"damage":0,"enemies":"2 Louse","floor":3,"turns":3},{"damage":8,"enemies":"Small Slimes","floor":4,"turns":4},{"damage":10,"enemies":"Gremlin Gang","floor":6,"turns":8},{"damage":27,"enemies":"Lagavulin","floor":8,"turns":8},{"damage":0,"enemies":"3 Louse","floor":12,"turns":4},{"damage":0,"enemies":"2 Fungi Beasts","floor":13,"turns":3},{"damage":2,"enemies":"Exordium Thugs","floor":14,"turns":8},{"damage":22,"enemies":"Slime Boss","floor":16,"turns":7}],"seed_played":"-6764803772405354048","potions_obtained":[{"floor":1,"key":"FearPotion"},{"floor":3,"key":"PowerPotion"},{"floor":8,"key":"DuplicationPotion"},{"floor":12,"key":"Ancient Potion"}],"is_trial":false,"path_per_floor":["M","?","M","M","?","M","R","E","T","?","R","M","M","M","R","B"],"character_chosen":"THE_SILENT","items_purchased":[],"campfire_rested":1,"item_purchase_floors":[],"current_hp_per_floor":[42,42,42,34,39,29,29,2,2,2,23,23,23,21,21,0,0],"gold":239,"neow_bonus":"ONE_RARE_RELIC","is_daily":false,"chose_seed":false,"campfire_upgraded":2,"win_rate":0.0,"timestamp":1608798851,"path_taken":["M","?","M","M","?","M","R","E","T","?","R","M","M","M","R","BOSS"],"items_purchased_type":[],"build_version":"2020-12-22","purchased_purges":0,"victory":false,"max_hp_per_floor":[66,66,66,66,71,71,71,71,71,71,71,71,71,71,71,71,71],"card_choices":[{"not_picked":["Choke","Finisher"],"picked":"Backflip","floor":1},{"not_picked":["PiercingWail","Bane"],"picked":"Quick Slash","floor":3},{"not_picked":["Bouncing Flask","Caltrops"],"picked":"Blur","floor":4},{"not_picked":["Flying Knee","Deflect"],"picked":"Tactician","floor":6},{"not_picked":["Concentrate","Venomology"],"picked":"All Out Attack","floor":8},{"not_picked":["Sucker Punch","Accuracy","Skewer"],"picked":"SKIP","floor":12},{"not_picked":["Bouncing Flask","Well Laid Plans"],"picked":"Deflect","floor":13},{"not_picked":["Quick Slash","Dodge and Roll","Cloak And Dagger"],"picked":"SKIP","floor":14}],"player_experience":866793,"relics_obtained":[{"floor":8,"key":"Turnip"},{"floor":9,"key":"Tingsha"}],"event_choices":[{"damage_healed":0,"gold_gain":0,"player_choice":"Ignored","damage_taken":0,"max_hp_gain":0,"max_hp_loss":0,"event_name":"Golden Idol","floor":2,"gold_loss":0},{"damage_healed":0,"gold_gain":0,"player_choice":"Donut","damage_taken":0,"max_hp_gain":5,"max_hp_loss":0,"event_name":"Big Fish","floor":5,"gold_loss":0},{"damage_healed":0,"gold_gain":0,"player_choice":"Gave Potion","damage_taken":0,"relics_obtained":["Paper Crane"],"max_hp_gain":0,"max_hp_loss":0,"event_name":"WeMeetAgain","floor":10,"gold_loss":0}],"is_beta":false,"boss_relics":[],"items_purged_floors":[],"is_endless":false,"potions_floor_spawned":[1,3,8,12],"killed_by":"Slime Boss","ascension_level":19}}