{"host":"vyt5ne9ydo1z9gg1","time":1608810411,"event":{"mods":["BaseMod","Curses Come First","GifTheSpireLib","Minty Spire (QoL Compilation)","StSLib"],"gold_per_floor":[114,189,189,203,213,245,245,256,256,276,276,11,43,43,43,43,43],"floor_reached":16,"playtime":465,"items_purged":[],"score":121,"play_id":"bd6f38dd-bb21-45da-ae29-90d6ee127b2e","local_time":"20201224224651","is_ascension_mode":true,"campfire_choices":[{"floor":7,"key":"REST"},{"floor":11,"key":"REST"},{"floor":15,"key":"REST"}],"circlet_count":0,"master_deck":["Strike_B","Strike_B","Strike_B","Strike_B","Defend_B","Defend_B","Defend_B","Defend_B","Zap","Dualcast","Rebound","Beam Cell","Redo","Melter","Chaos","Capacitor","Sweeping Beam+1","Defragment"],"relics":["Cracked Core","Torii","Singing Bowl","Kunai","Molten Egg 2","Oddly Smooth Stone"],"acts_visited":["Exordium"],"potions_floor_usage":[13],"damage_taken":[{"damage":0,"enemies":"Small Slimes","floor":1,"turns":2},{"damage":0,"enemies":"2 Louse","floor":4,"turns":3},{"damage":1,"enemies":"Cultist","floor":5,"turns":3},{"damage":64,"enemies":"3 Sentries","floor":6,"turns":8},{"damage":8,"enemies":"Blue Slaver","floor":8,"turns":3},{"damage":21,"enemies":"3 Louse","floor":10,"turns":3},{"damage":14,"enemies":"Gremlin Nob","floor":13,"turns":3},{"damage":51,"enemies":"Slime Boss","floor":16,"turns":8}],"seed_played":"-8273962371223984117","potions_obtained":[{"floor":1,"key":"GamblersBrew"},{"floor":8,"key":"SpeedPotion"},{"floor":10,"key":"Regen Potion"}],"is_trial":false,"path_per_floor":["M","?","?","M","M","E","R","M","T","M","R","$","E","?","R","B"],"character_chosen":"DEFECT","items_purchased":["Molten Egg 2","Sweeping Beam+1"],"campfire_rested":3,"item_purchase_floors":[12,12],"current_hp_per_floor":[82,71,71,71,70,6,30,22,22,1,25,25,20,20,44,0,0],"gold":43,"neow_bonus":"TEN_PERCENT_HP_BONUS","is_daily":false,"chose_seed":false,"campfire_upgraded":0,"win_rate":0.0,"timestamp":1608810411,"path_taken":["M","?","?","M","M","E","R","M","T","?","R","$","E","?","R","BOSS"],"items_purchased_type":["Relic","Card"],"build_version":"2020-12-22","purchased_purges":0,"victory":false,"max_hp_per_floor":[82,82,82,82,82,82,82,82,82,82,82,82,82,82,82,82,82],"card_choices":[{"not_picked":["White Noise","Turbo"],"picked":"Rebound","floor":1},{"not_picked":["White Noise","Storm"],"picked":"Beam Cell","floor":4},{"not_picked":["Recycle","White Noise"],"picked":"Redo","floor":5},{"not_picked":["Rebound","Redo"],"picked":"Melter","floor":6},{"not_picked":["Stack","Chill"],"picked":"Chaos","floor":8},{"not_picked":["Sunder","Stack"],"picked":"Capacitor","floor":10},{"not_picked":["Loop","Hologram"],"picked":"Defragment","floor":13}],"player_experience":163575,"relics_obtained":[{"floor":6,"key":"Singing Bowl"},{"floor":9,"key":"Kunai"},{"floor":13,"key":"Oddly Smooth Stone"}],"event_choices":[{"damage_healed":0,"gold_gain":75,"player_choice":"Gather Gold","damage_taken":11,"max_hp_gain":0,"max_hp_loss":0,"event_name":"World of Goop","floor":2,"gold_loss":0},{"damage_healed":0,"gold_gain":0,"player_choice":"Gave Potion","damage_taken":0,"relics_obtained":["Torii"],"max_hp_gain":0,"max_hp_loss":0,"event_name":"WeMeetAgain","floor":3,"gold_loss":0},{"damage_healed":0,"gold_gain":0,"player_choice":"Ignored","damage_taken":0,"max_hp_gain":0,"max_hp_loss":0,"event_name":"Liars Game","floor":14,"gold_loss":0}],"is_beta":false,"boss_relics":[],"items_purged_floors":[],"is_endless":false,"potions_floor_spawned":[1,8,10],"killed_by":"Slime Boss","ascension_level":2}}