{"host":"wha9hktbkslqvblg","time":1608814190,"event":{"mods":["BaseMod","Colored Map","Minty Spire (QoL Compilation)","Relic Stats","SuperFastMode","everything is the same but u backflip on backflip"],"gold_per_floor":[116,61,75,150,150,182,197,197,197,210,223,223,237,255,255,255,255],"floor_reached":16,"playtime":254,"items_purged":[],"score":258,"play_id":"47db42a8-e610-49f8-9f41-22bab26531ea","local_time":"20201224214950","is_ascension_mode":true,"campfire_choices":[{"data":"Dark Embrace","floor":8.0,"key":"SMITH"},{"data":"Bludgeon","floor":12.0,"key":"SMITH"},{"data":"Entrench","floor":15,"key":"SMITH"}],"circlet_count":0,"master_deck":["AscendersBane","Strike_R","Strike_R","Strike_R","Strike_R","Strike_R","Defend_R","Defend_R","Defend_R","Defend_R","Bash","Entrench+1","Dark Embrace+1","Bludgeon+1","Shrug It Off"],"relics":["Burning Blood","NeowsBlessing","Mummified Hand","WingedGreaves","Frozen Egg 2"],"acts_visited":["Exordium"],"potions_floor_usage":[14,14],"damage_taken":[{"damage":0.0,"enemies":"Jaw Worm","floor":1.0,"turns":1.0},{"damage":0.0,"enemies":"Cultist","floor":3.0,"turns":1.0},{"damage":0.0,"enemies":"Lagavulin","floor":6.0,"turns":1.0},{"damage":17.0,"enemies":"Small Slimes","floor":7.0,"turns":4.0},{"damage":25.0,"enemies":"Blue Slaver","floor":10.0,"turns":6.0},{"damage":10.0,"enemies":"Gremlin Gang","floor":11.0,"turns":8.0},{"damage":6.0,"enemies":"Exordium Wildlife","floor":13.0,"turns":3.0},{"damage":14,"enemies":"Exordium Thugs","floor":14,"turns":3},{"damage":0,"enemies":"Slime Boss","floor":16,"turns":3}],"seed_played":"4444081118160392407","potions_obtained":[{"floor":3.0,"key":"DistilledChaos"},{"floor":6.0,"key":"SteroidPotion"},{"floor":11.0,"key":"SkillPotion"}],"is_trial":false,"path_per_floor":["M","?","M","?","?","E","M","R","T","M","M","R","M","M","R","B"],"character_chosen":"IRONCLAD","items_purchased":[],"campfire_rested":0,"item_purchase_floors":[],"current_hp_per_floor":[74,74,75,64,60,66,55,55,55,36,32,32,32,24,24,24,24],"gold":255,"neow_bonus":"THREE_ENEMY_KILL","is_daily":false,"chose_seed":false,"campfire_upgraded":3,"win_rate":0.0,"timestamp":1608814190,"path_taken":["M","?","?","?","?","E","M","R","T","M","M","R","?","M","R","BOSS"],"items_purchased_type":[],"build_version":"2020-12-22","purchased_purges":0,"victory":false,"max_hp_per_floor":[75,75,75,75,75,75,75,75,75,75,75,75,75,75,75,75,75],"relic_stats":{"counters":[9,30],"Mummified Hand":[4],"obtain_stats":[{"NeowsBlessing":0,"Mummified Hand":2,"WingedGreaves":6,"Frozen Egg 2":9,"Burning Blood":0},{"NeowsBlessing":0,"Mummified Hand":1,"WingedGreaves":3,"Frozen Egg 2":4,"Burning Blood":0},{"NeowsBlessing":0,"Mummified Hand":1,"WingedGreaves":3,"Frozen Egg 2":7,"Burning Blood":0}],"Burning Blood":43},"card_choices":[{"not_picked":["Perfected Strike","Thunderclap","Havoc"],"picked":"SKIP","floor":1.0},{"not_picked":["True Grit","Cleave"],"picked":"Entrench","floor":3.0},{"not_picked":["Rage","Headbutt","Clothesline"],"picked":"SKIP","floor":6.0},{"not_picked":["Burning Pact","Iron Wave"],"picked":"Dark Embrace","floor":7.0},{"not_picked":["Flex","Ghostly Armor"],"picked":"Bludgeon","floor":10.0},{"not_picked":["Clash","Sever Soul","Pummel"],"picked":"SKIP","floor":11.0},{"not_picked":["Anger","Rage"],"picked":"Shrug It Off","floor":13.0},{"not_picked":["Anger","Shrug It Off","Thunderclap"],"picked":"SKIP","floor":14}],"player_experience":886743,"relics_obtained":[{"floor":6.0,"key":"WingedGreaves"},{"floor":9.0,"key":"Frozen Egg 2"}],"event_choices":[{"damage_healed":0.0,"max_hp_gain":0.0,"max_hp_loss":0.0,"gold_gain":0.0,"event_name":"WeMeetAgain","player_choice":"Paid Gold","floor":2.0,"gold_loss":55.0,"damage_taken":0.0,"relics_obtained":["Mummified Hand"]},{"damage_healed":0.0,"max_hp_gain":0.0,"max_hp_loss":0.0,"gold_gain":75.0,"event_name":"World of Goop","player_choice":"Gather Gold","floor":4.0,"gold_loss":0.0,"damage_taken":11.0},{"damage_healed":0.0,"max_hp_gain":0.0,"max_hp_loss":0.0,"gold_gain":0.0,"event_name":"The Woman in Blue","player_choice":"Bought 0 Potions","floor":5.0,"gold_loss":0.0,"damage_taken":0.0}],"is_beta":false,"boss_relics":[],"items_purged_floors":[],"is_endless":false,"potions_floor_spawned":[3,6,11],"killed_by":"Slime Boss","ascension_level":20}}