{"host":"gflyg4oztsw2ozs7","time":1608825412,"event":{"mods":["AchievementEnabler","BaseMod","DeckTracker","Minty Spire (QoL Compilation)","Permanent Neow","StSLib","SuperFastMode"],"gold_per_floor":[116,116,116,116,116,146,161,86,137,169,179,179,179,197,197,302,302,302,302],"floor_reached":18,"playtime":930,"items_purged":["Strike_G"],"score":168,"play_id":"3fdb9c83-5b57-48b8-a969-9f5be1b86df2","local_time":"20201225005652","is_ascension_mode":false,"campfire_choices":[{"data":"Reflex","floor":13,"key":"SMITH"},{"data":"Infinite Blades","floor":15,"key":"SMITH"}],"circlet_count":0,"master_deck":["Strike_G","Strike_G","Strike_G+1","Defend_G","Defend_G","Defend_G","Defend_G","Defend_G","Survivor","Neutralize","Reflex+1","Grand Finale+1","Predator","Dagger Throw","Infinite Blades+1","Wraith Form v2"],"relics":["Runic Pyramid","Snake Skull","Tiny Chest","Whetstone","Paper Crane","HoveringKite"],"acts_visited":["Exordium","TheCity"],"potions_floor_usage":[16],"damage_taken":[{"damage":0,"enemies":"2 Louse","floor":1,"turns":3},{"damage":20,"enemies":"3 Sentries","floor":6,"turns":14},{"damage":0,"enemies":"Small Slimes","floor":7,"turns":5},{"damage":14,"enemies":"Gremlin Nob","floor":10,"turns":5},{"damage":2,"enemies":"Jaw Worm","floor":11,"turns":3},{"damage":1,"enemies":"Looter","floor":14,"turns":3},{"damage":1,"enemies":"Hexaghost","floor":16,"turns":7},{"damage":0,"enemies":"3 Byrds","floor":18,"turns":1}],"seed_played":"2354809773587557161","potions_obtained":[{"floor":1,"key":"Block Potion"},{"floor":6,"key":"Fire Potion"},{"floor":16,"key":"GhostInAJar"}],"is_trial":false,"path_per_floor":["M","?","?","?","?","E","M","$","T","E","M","?","R","M","R","B",null,"M"],"character_chosen":"THE_SILENT","items_purchased":[],"campfire_rested":0,"item_purchase_floors":[],"current_hp_per_floor":[70,75,68,68,61,41,41,41,41,27,25,25,25,24,24,23,75,75,75],"gold":302,"neow_bonus":"BOSS_RELIC","is_daily":false,"chose_seed":false,"campfire_upgraded":2,"win_rate":0.0,"timestamp":1608825412,"path_taken":["M","?","?","?","?","E","M","$","T","E","?","?","R","M","R","BOSS","M"],"items_purchased_type":[],"build_version":"2020-12-22","purchased_purges":1,"victory":false,"max_hp_per_floor":[70,75,75,75,75,75,75,75,75,75,75,75,75,75,75,75,75,75,75],"card_choices":[{"not_picked":["Terror","Tactician"],"picked":"Reflex","floor":1},{"not_picked":["Flying Knee","Deadly Poison"],"picked":"Grand Finale","floor":6},{"not_picked":["Cloak And Dagger","Deflect"],"picked":"Predator","floor":7},{"not_picked":["Leg Sweep","Tactician"],"picked":"Dagger Throw","floor":10},{"not_picked":["Deadly Poison","Heel Hook","Sucker Punch"],"picked":"SKIP","floor":11},{"not_picked":["Dagger Spray","Masterful Stab"],"picked":"Infinite Blades","floor":14},{"not_picked":["Malaise","Venomology"],"picked":"Wraith Form v2","floor":16}],"player_experience":71250,"relics_obtained":[{"floor":6,"key":"Tiny Chest"},{"floor":9,"key":"Whetstone"},{"floor":10,"key":"Paper Crane"}],"event_choices":[{"damage_healed":0,"gold_gain":0,"player_choice":"Donut","damage_taken":0,"max_hp_gain":5,"max_hp_loss":0,"event_name":"Big Fish","floor":2,"gold_loss":0},{"damage_healed":0,"gold_gain":0,"player_choice":"Success","damage_taken":7,"relics_obtained":["Snake Skull"],"max_hp_gain":0,"max_hp_loss":0,"event_name":"Scrap Ooze","floor":3,"gold_loss":0},{"damage_healed":0,"gold_gain":0,"player_choice":"Ignored","damage_taken":0,"max_hp_gain":0,"max_hp_loss":0,"event_name":"Liars Game","floor":4,"gold_loss":0},{"cards_removed":["Strike_G"],"damage_healed":0,"gold_gain":0,"player_choice":"Card Removal","damage_taken":7,"max_hp_gain":0,"max_hp_loss":0,"event_name":"Golden Wing","floor":5,"gold_loss":0},{"damage_healed":0,"gold_gain":0,"player_choice":"Ignored","damage_taken":0,"max_hp_gain":0,"max_hp_loss":0,"event_name":"Shining Light","floor":12,"gold_loss":0}],"is_beta":false,"boss_relics":[{"not_picked":["SacredBark","Coffee Dripper"],"picked":"HoveringKite"}],"items_purged_floors":[8],"is_endless":false,"potions_floor_spawned":[1,6,16],"killed_by":"3 Byrds","ascension_level":0}}