{"host":"v1m5rkjj38qutr02","time":1608800534,"event":{"mods":["ATMod(°¢èªMod)","Act Like it!","BaseMod","Conspire","Gensokyo","GungeonMod","Hallownest","Minty Spire (QoL Compilation)","Replay The Spire","StSLib","The Bug Knight","Youmu£¨»êÆÇÑýÃÎ£©"],"gold_per_floor":[115,115,129,153,84,84,30,30,30,62,62,9,9,22,22,117,117,130,191,191,191,201,233,90,122,172,172,183,197,197,224,224,328,328,345,345,51,51,66,95,111,145,172,203,203,78,95,115,115,115],"floor_reached":51,"playtime":2094,"items_purged":["ReplayTheSpireMod:Splinters","Strike_G","Strike_G"],"score":1296,"play_id":"cf7cf91c-9c49-4bf9-8166-44e12e51eb9d","local_time":"20201224170214","is_ascension_mode":true,"campfire_choices":[{"data":"Infinite Blades","floor":6.0,"key":"SMITH"},{"data":"Accuracy","floor":8.0,"key":"SMITH"},{"data":"Accuracy","floor":11.0,"key":"SMITH"},{"data":"Blade Dance","floor":15.0,"key":"SMITH"},{"floor":27.0,"key":"REST"},{"data":"Accuracy","floor":30.0,"key":"SMITH"},{"data":"Infinite Blades","floor":32.0,"key":"SMITH"},{"data":"Wraith Form v2","floor":45,"key":"SMITH"},{"floor":49,"key":"REST"}],"circlet_count":0,"master_deck":["AscendersBane","Strike_G","Strike_G","Strike_G","Defend_G","Defend_G","Defend_G","Defend_G","Defend_G","Survivor","Neutralize","Adrenaline","Backflip","Blade Dance+1","Infinite Blades+1","Accuracy+1","Accuracy+1","ReplayTheSpireMod:Scrap Shanks","Night Terror","Hidden Blade","Infinite Blades+1","Footwork","A Thousand Cuts","Accuracy+1","Dagger Spray","Distraction+1","Caltrops","AT_FocusSwordFire","Wraith Form v2+1","Blade Dance+1","Calculated Gamble","Acrobatics+1","Footwork+1","AT_TinkerSharpsword+1","Wraith Form v2","Outmaneuver"],"relics":["Ring of the Snake","AT_ATBox","Regal Pillow","AT_ForceNature","Snake Skull","Replay:Rubber Ducky","conspire:SpecialSausage","Nunchaku","Thread and Needle","Ancient Tea Set","Tingsha","Bag of Preparation","Prayer Wheel","Bottled Tornado","Painkiller Herb","AT_BladeRuinedKing","Calipers","Bag of Marbles","Molten Egg 2"],"acts_visited":["Exordium","TheCity","TheBeyond"],"potions_floor_usage":[48,50,50],"damage_taken":[{"damage":2.0,"enemies":"2 Louse","floor":1.0,"turns":3.0},{"damage":0.0,"enemies":"Jaw Worm","floor":3.0,"turns":6.0},{"damage":5.0,"enemies":"3 Sentries","floor":10.0,"turns":5.0},{"damage":0.0,"enemies":"Small Slimes","floor":14.0,"turns":3.0},{"damage":0.0,"enemies":"Fading Forest","floor":16.0,"turns":11.0},{"damage":0.0,"enemies":"Chosen","floor":18.0,"turns":3.0},{"damage":0.0,"enemies":"Snecko","floor":22.0,"turns":5.0},{"damage":0.0,"enemies":"HollowMod:Nosk","floor":23.0,"turns":5.0},{"damage":48.0,"enemies":"Slavers","floor":25.0,"turns":7.0},{"damage":0.0,"enemies":"Chosen and Byrds","floor":28.0,"turns":4.0},{"damage":1.0,"enemies":"3 Cultists","floor":29.0,"turns":4.0},{"damage":0.0,"enemies":"HollowMod:Nosk","floor":31.0,"turns":3.0},{"damage":0.0,"enemies":"Collector","floor":33.0,"turns":5.0},{"damage":5.0,"enemies":"3 Darklings","floor":35.0,"turns":4.0},{"damage":0.0,"enemies":"3 Shapes","floor":39.0,"turns":3.0},{"damage":0.0,"enemies":"HollowMod:StalkingDevout","floor":40.0,"turns":3.0},{"damage":7.0,"enemies":"4 Shapes","floor":41.0,"turns":4.0},{"damage":0.0,"enemies":"Reptomancer","floor":42.0,"turns":2.0},{"damage":0,"enemies":"Giant Head","floor":44,"turns":6},{"damage":0,"enemies":"Writhing Mass","floor":47,"turns":2},{"damage":12,"enemies":"Jaw Worm Horde","floor":48,"turns":4},{"damage":17,"enemies":"Replay:Hell Engine","floor":50,"turns":7}],"seed_played":"8652300935468106907","potions_obtained":[{"floor":1.0,"key":"SkillPotion"},{"floor":10.0,"key":"LiquidMemories"},{"floor":18.0,"key":"FearPotion"},{"floor":25.0,"key":"Adrenaline Potion"},{"floor":31.0,"key":"Fire Potion"},{"floor":35.0,"key":"Elixir"},{"floor":48,"key":"Dexterity Potion"}],"is_trial":false,"path_per_floor":["M","?","M","T","$","R","$","R","T","E","R","?","$","M","R","B",null,"M","?","?","T","M","E","$","E","T","R","M","M","R","E","R","B",null,"?","?","T","?","?","E","?","E","T","E","T","T","?","?","T","B",null],"character_chosen":"THE_SILENT","items_purchased":["Infinite Blades","Accuracy","Accuracy","AT_BladeRuinedKing","Calculated Gamble"],"campfire_rested":2,"item_purchase_floors":[5,7,24,37,37],"current_hp_per_floor":[61,61,61,61,61,61,61,61,61,56,56,56,56,56,56,56,67,67,67,67,67,67,67,67,19,19,55,55,54,54,54,54,54,66,61,61,61,80,80,80,73,73,73,73,73,73,73,61,80,63],"gold":115,"neow_bonus":"ONE_RANDOM_RARE_CARD","is_daily":false,"chose_seed":false,"campfire_upgraded":7,"win_rate":0.0,"timestamp":1608800534,"path_taken":["M","?","M","?","?","R","$","R","T","E","R","?","$","?","R","BOSS","M","?","?","?","M","E","$","E","T","R","?","M","R","E","R","BOSS","?","?","T","?","?","E","?","E","T","E","T","T","?","?","T","BOSS"],"items_purchased_type":["Card","Card","Card","Relic","Card"],"build_version":"2020-12-22","purchased_purges":3,"victory":true,"max_hp_per_floor":[70,70,70,70,70,70,70,70,70,70,70,70,70,70,70,70,70,70,70,70,70,70,70,70,70,70,70,70,70,70,70,70,70,70,70,70,70,80,80,80,80,80,80,80,80,80,80,80,80,80],"card_choices":[{"not_picked":["Deflect","Underhanded Strike"],"picked":"Backflip","floor":1.0},{"not_picked":["Poisoned Stab","Dagger Spray"],"picked":"Blade Dance","floor":3.0},{"not_picked":["Setup","conspire:PoisonWeapons","PiercingWail"],"picked":"SKIP","floor":10.0},{"not_picked":["Blade Dance","Dagger Throw"],"picked":"ReplayTheSpireMod:Scrap Shanks","floor":14.0},{"not_picked":["ReplayTheSpireMod:From All Sides","Replay:Bag of Tricks"],"picked":"Night Terror","floor":16.0},{"not_picked":["Bouncing Flask+1","Bane"],"picked":"Hidden Blade","floor":18.0},{"not_picked":["Slice+1","Leg Sweep"],"picked":"Infinite Blades","floor":19.0},{"not_picked":["Deadly Poison","Well Laid Plans"],"picked":"Footwork","floor":19.0},{"not_picked":["Slice","Sucker Punch"],"picked":"A Thousand Cuts","floor":22.0},{"not_picked":["AT_WindFlip","Bane+1","Eviscerate"],"picked":"SKIP","floor":23.0},{"not_picked":["Catalyst","Deadly Poison+1"],"picked":"Dagger Spray","floor":25.0},{"not_picked":["Expertise","Sucker Punch"],"picked":"Distraction+1","floor":28.0},{"not_picked":["Catalyst","Poison Darts"],"picked":"Caltrops","floor":29.0},{"not_picked":["Slice+1","Dagger Throw","AT_TwilightShroud"],"picked":"SKIP","floor":29.0},{"not_picked":["Draining Mist","Deadly Poison+1"],"picked":"AT_FocusSwordFire","floor":31.0},{"not_picked":["Phantasmal Killer","Grand Finale"],"picked":"Wraith Form v2","floor":33.0},{"not_picked":["Cloak And Dagger+1","AT_EssenceShift"],"picked":"Blade Dance+1","floor":35.0},{"not_picked":["Slice+1","Dagger Spray+1","Heel Hook+1"],"picked":"SKIP","floor":35.0},{"not_picked":["Outmaneuver","ReplayTheSpireMod:Speed Training+1"],"picked":"Acrobatics+1","floor":39.0},{"not_picked":["Catalyst","ReplayTheSpireMod:Speed Training","Dagger Throw+1"],"picked":"SKIP","floor":39.0},{"not_picked":["Caltrops+1","Eviscerate"],"picked":"Footwork+1","floor":40.0},{"not_picked":["Deflect+1","Crippling Poison+1"],"picked":"AT_TinkerSharpsword+1","floor":41.0},{"not_picked":["Deadly Poison+1","AT_ArcaneSupremacy+1","Riddle With Holes+1"],"picked":"SKIP","floor":41.0},{"not_picked":["AT_ArcaneSupremacy","Dagger Throw","Backflip+1"],"picked":"SKIP","floor":42},{"not_picked":["Accuracy","Sucker Punch+1"],"picked":"Wraith Form v2","floor":44},{"not_picked":["ReplayTheSpireMod:Speed Training","Blade Dance+1"],"picked":"Outmaneuver","floor":47},{"not_picked":["PiercingWail","Crippling Poison","Expertise+1"],"picked":"SKIP","floor":47},{"not_picked":["Hidden Blade","Corpse Explosion","Sucker Punch+1"],"picked":"SKIP","floor":48},{"not_picked":["Dodge and Roll","Underhanded Strike+1","Poisoned Stab+1"],"picked":"SKIP","floor":48}],"player_experience":364869,"relics_obtained":[{"floor":4.0,"key":"Regal Pillow"},{"floor":9.0,"key":"AT_ForceNature"},{"floor":10.0,"key":"Snake Skull"},{"floor":19.0,"key":"Nunchaku"},{"floor":21.0,"key":"Thread and Needle"},{"floor":23.0,"key":"Ancient Tea Set"},{"floor":25.0,"key":"Tingsha"},{"floor":26.0,"key":"Bag of Preparation"},{"floor":31.0,"key":"Bottled Tornado"},{"floor":40.0,"key":"Calipers"},{"floor":43,"key":"Bag of Marbles"},{"floor":44,"key":"Molten Egg 2"}],"event_choices":[{"damage_healed":0.0,"max_hp_gain":0.0,"max_hp_loss":0.0,"gold_gain":0.0,"event_name":"WeMeetAgain","player_choice":"Paid Gold","floor":12.0,"gold_loss":53.0,"damage_taken":0.0,"relics_obtained":["Replay:Rubber Ducky"]},{"damage_healed":0.0,"max_hp_gain":0.0,"max_hp_loss":0.0,"gold_gain":0.0,"event_name":"conspire:Investor","player_choice":"Leave","floor":36.0,"gold_loss":0.0,"damage_taken":0.0},{"cards_removed":["AT_FamilyPortrait"],"damage_healed":9.0,"max_hp_gain":10.0,"max_hp_loss":0.0,"gold_gain":0.0,"event_name":"Bonfire Elementals","player_choice":"Offered Rare","floor":38.0,"gold_loss":0.0,"damage_taken":0.0}],"is_beta":false,"boss_relics":[{"not_picked":["Black Star","Replay:Drink Me"],"picked":"conspire:SpecialSausage"},{"not_picked":["Replay:Grab Bag","Abe\u0027s Treasure"],"picked":"Painkiller Herb"}],"items_purged_floors":[24,37,46],"is_endless":false,"potions_floor_spawned":[1,10,18,22,25,31,35,40,42,48],"ascension_level":10}}