{"host":"lkdeywpzrzegufot","time":1608834695,"event":{"mods":["BaseMod","Colored Map","Downfall","Minty Spire (QoL Compilation)","StSLib"],"gold_per_floor":[99,109,384,395,395,320,320,320,320,330,330,342,356,368,387,387,387,387],"floor_reached":16,"playtime":961,"items_purged":[],"score":119,"play_id":"a5e6b28a-3336-4e6a-bac8-f34bd1d91554","local_time":"20201224193135","is_ascension_mode":false,"campfire_choices":[{"floor":1,"key":"RECALL"},{"data":"Slimebound:Split","floor":6,"key":"SMITH"},{"data":"Slimebound:SplitBruiser","floor":8,"key":"SMITH"},{"data":"Slimebound:CorrosiveSpit","floor":11,"key":"SMITH"}],"circlet_count":0,"master_deck":["Slimebound:Strike_Slimebound","Slimebound:Strike_Slimebound","Slimebound:Tackle","Slimebound:Defend_Slimebound","Slimebound:Defend_Slimebound","Slimebound:Defend_Slimebound","Slimebound:Defend_Slimebound","Slimebound:Split+1","Slimebound:CorrosiveSpit+1","Slimebound:SlimeTap","Regret","Slimebound:SplitBruiser+1","Slimebound:Schlurp","Slimebound:Prepare","Slimebound:LeechEnergy","Slimebound:FinishingTackle","Slimebound:LeechEnergy"],"relics":["Slimebound:AbsorbEndCombat","Bottled Lightning","downfall:HeartBlessingRed","Mango"],"acts_visited":["Exordium"],"potions_floor_usage":[12,16],"damage_taken":[{"damage":9,"enemies":"2 Louse","floor":2,"turns":3},{"damage":7,"enemies":"Cultist","floor":4,"turns":4},{"damage":19,"enemies":"Jaw Worm","floor":10,"turns":2},{"damage":18,"enemies":"Gremlin Gang","floor":12,"turns":2},{"damage":42,"enemies":"Exordium Thugs","floor":13,"turns":4},{"damage":22,"enemies":"Lots of Slimes","floor":14,"turns":3},{"damage":16,"enemies":"3 Louse","floor":15,"turns":3},{"damage":58,"enemies":"downfall:Silent","floor":16,"turns":6}],"seed_played":"4167488889699457670","potions_obtained":[{"floor":2,"key":"Fire Potion"},{"floor":14,"key":"Swift Potion"}],"is_trial":false,"path_per_floor":["R","M","?","M","T","R","T","R","?","M","R","M","M","M","M","B"],"character_chosen":"SLIMEBOUND","items_purchased":[],"campfire_rested":0,"item_purchase_floors":[],"current_hp_per_floor":[66,63,63,64,64,64,78,78,78,75,75,71,45,39,37,0,0,0],"gold":387,"neow_bonus":"TEN_PERCENT_HP_BONUS","is_daily":false,"chose_seed":false,"campfire_upgraded":3,"win_rate":0.0,"timestamp":1608834695,"path_taken":["R","M","?","?","?","R","T","R","?","?","R","M","M","?","M","BOSS"],"items_purchased_type":[],"build_version":"2020-12-22","purchased_purges":0,"victory":false,"max_hp_per_floor":[66,66,66,66,66,66,80,80,80,80,80,80,80,80,80,80,80,80],"card_choices":[{"not_picked":["Slimebound:SlimeSpikes","Slimebound:SplitMire"],"picked":"Slimebound:SlimeTap","floor":2},{"not_picked":["Slimebound:ForwardTackle","Slimebound:RollThrough"],"picked":"Slimebound:SplitBruiser","floor":4},{"not_picked":["Slimebound:GrowthPunch","Slimebound:SplitBruiser"],"picked":"Slimebound:Schlurp","floor":10},{"not_picked":["Slimebound:DisruptingSlam","Slimebound:SplitBruiser"],"picked":"Slimebound:Prepare","floor":12},{"not_picked":["Slimebound:RollThrough","Slimebound:Schlurp"],"picked":"Slimebound:LeechEnergy","floor":13},{"not_picked":["Slimebound:LeechEnergy","Slimebound:SlimeTap"],"picked":"Slimebound:FinishingTackle","floor":14},{"not_picked":["Slimebound:SlimeTap","Slimebound:AcidTongue"],"picked":"Slimebound:LeechEnergy","floor":15}],"player_experience":0,"relics_obtained":[{"floor":5,"key":"Bottled Lightning"},{"floor":7,"key":"Mango"}],"event_choices":[],"is_beta":false,"boss_relics":[],"items_purged_floors":[],"is_endless":false,"potions_floor_spawned":[2,14],"killed_by":"downfall:Silent","ascension_level":0}}