{"host":"ixl9a8gzl87gveif","time":1608821807,"event":{"mods":["2.2 Compatiblity","BaseMod","Better Note","Colored Map","Colored Powertips","Minty Spire (QoL Compilation)","Permanent Neow","Relic Stats","StSLib","everything is the same but u backflip on backflip"],"gold_per_floor":[112,82,82,82,102,102,123,161,161,161,311,311,326,339,339,432,432,447,46,69,101,120,120,149,149,172,172,172,11,43,10,10,10,10],"floor_reached":33,"playtime":1134,"items_purged":["Defend_B"],"score":494,"play_id":"9548cd84-3b74-4497-816e-9e8aec0ffacc","local_time":"20201224145647","is_ascension_mode":true,"campfire_choices":[{"data":"Darkness","floor":6,"key":"SMITH"},{"data":"Leap","floor":10,"key":"SMITH"},{"data":"Hologram","floor":12,"key":"SMITH"},{"data":"Dualcast","floor":15,"key":"SMITH"},{"data":"Multi-Cast","floor":23,"key":"SMITH"},{"floor":25,"key":"REST"},{"data":"Ball Lightning","floor":27,"key":"SMITH"},{"data":"Sweeping Beam","floor":32,"key":"SMITH"}],"circlet_count":0,"master_deck":["AscendersBane","Strike_B","Strike_B","Strike_B","Defend_B","Defend_B","Defend_B","Zap","Dualcast+1","Ball Lightning+1","Leap+1","Darkness+1","Hologram+1","BootSequence","Stack","Leap","Multi-Cast+1","Sweeping Beam+1","Hologram","Auto Shields","Redo+1","Undo"],"relics":["Cracked Core","Calipers","Golden Idol","Bottled Lightning","Mercury Hourglass","Empty Cage","CeramicFish","Sling","MealTicket","TheAbacus"],"acts_visited":["Exordium","TheCity"],"potions_floor_usage":[16,21,30,33,33],"damage_taken":[{"damage":1,"enemies":"Cultist","floor":1,"turns":3},{"damage":0,"enemies":"2 Louse","floor":5,"turns":3},{"damage":2,"enemies":"Small Slimes","floor":7,"turns":4},{"damage":17,"enemies":"3 Sentries","floor":8,"turns":4},{"damage":6,"enemies":"2 Fungi Beasts","floor":13,"turns":3},{"damage":0,"enemies":"Blue Slaver","floor":14,"turns":4},{"damage":16,"enemies":"Slime Boss","floor":16,"turns":6},{"damage":0,"enemies":"Chosen","floor":18,"turns":3},{"damage":18,"enemies":"Spheric Guardian","floor":20,"turns":5},{"damage":11,"enemies":"Snake Plant","floor":21,"turns":3},{"damage":7,"enemies":"Cultist and Chosen","floor":22,"turns":4},{"damage":7,"enemies":"Chosen and Byrds","floor":24,"turns":4},{"damage":8,"enemies":"Snake Plant","floor":30,"turns":4},{"damage":73,"enemies":"Collector","floor":33,"turns":6}],"seed_played":"1840279586344786543","potions_obtained":[{"floor":5,"key":"Explosive Potion"},{"floor":8,"key":"Regen Potion"},{"floor":13,"key":"Dexterity Potion"},{"floor":14,"key":"FocusPotion"},{"floor":20,"key":"LiquidBronze"},{"floor":21,"key":"Weak Potion"},{"floor":30,"key":"Strength Potion"}],"is_trial":false,"path_per_floor":["M","$","?","?","M","R","M","E","T","R","?","R","M","M","R","B",null,"M","$","M","M","M","R","M","R","T","R","?","$","M","$","R","B"],"character_chosen":"DEFECT","items_purchased":["Leap","CeramicFish","Sling","TheAbacus","Undo"],"campfire_rested":1,"item_purchase_floors":[2,19,19,29,31],"current_hp_per_floor":[63,63,63,63,63,63,61,44,44,44,44,44,38,38,38,31,56,56,56,38,27,20,20,13,32,32,32,32,47,39,54,54,0,0],"gold":10,"neow_bonus":"ONE_RARE_RELIC","is_daily":false,"chose_seed":false,"campfire_upgraded":7,"win_rate":0.0,"timestamp":1608821807,"path_taken":["M","?","?","?","M","R","M","E","T","R","?","R","?","M","R","BOSS","M","$","M","M","?","R","M","R","T","R","?","?","M","$","R","BOSS"],"items_purchased_type":["Card","Relic","Relic","Relic","Card"],"build_version":"2020-12-22","purchased_purges":1,"victory":false,"max_hp_per_floor":[64,64,64,64,64,64,64,64,64,64,64,64,64,64,64,64,64,64,64,64,64,64,64,64,64,64,64,64,64,64,64,64,64,64],"relic_stats":{"TheAbacus":[6],"counters":[14,56],"Golden Idol":65,"CeramicFish":45,"MealTicket":30,"obtain_stats":[{"Calipers":0,"TheAbacus":29,"Golden Idol":3,"CeramicFish":19,"MealTicket":26,"Bottled Lightning":8,"Cracked Core":0,"Empty Cage":17,"Sling":19,"Mercury Hourglass":9},{"Calipers":0,"TheAbacus":12,"Golden Idol":1,"CeramicFish":8,"MealTicket":12,"Bottled Lightning":4,"Cracked Core":0,"Empty Cage":7,"Sling":8,"Mercury Hourglass":4},{"Calipers":0,"TheAbacus":46,"Golden Idol":3,"CeramicFish":30,"MealTicket":46,"Bottled Lightning":14,"Cracked Core":0,"Empty Cage":27,"Sling":30,"Mercury Hourglass":14}],"Mercury Hourglass":[144]},"card_choices":[{"not_picked":["Streamline","White Noise"],"picked":"Ball Lightning","floor":1},{"not_picked":["Turbo","Go for the Eyes"],"picked":"Darkness","floor":5},{"not_picked":["Leap","Barrage"],"picked":"Hologram","floor":7},{"not_picked":["Beam Cell","All For One"],"picked":"BootSequence","floor":8},{"not_picked":["Coolheaded","Ball Lightning"],"picked":"Stack","floor":13},{"not_picked":["Hologram","Steam"],"picked":"Leap","floor":14},{"not_picked":["Electrodynamics","Thunder Strike"],"picked":"Multi-Cast","floor":16},{"not_picked":["Static Discharge","Redo","Stack"],"picked":"SKIP","floor":18},{"not_picked":["Fusion","Redo"],"picked":"Sweeping Beam","floor":20},{"not_picked":["Beam Cell","Static Discharge"],"picked":"Hologram","floor":21},{"not_picked":["Coolheaded","Turbo","Barrage"],"picked":"SKIP","floor":22},{"not_picked":["Barrage","Ball Lightning"],"picked":"Auto Shields","floor":24},{"not_picked":["Beam Cell+1","Double Energy"],"picked":"Redo+1","floor":30}],"player_experience":347645,"relics_obtained":[{"floor":8,"key":"Bottled Lightning"},{"floor":9,"key":"Mercury Hourglass"},{"floor":26,"key":"MealTicket"}],"event_choices":[{"damage_healed":0,"gold_gain":0,"player_choice":"Take Wound","damage_taken":0,"relics_obtained":["Golden Idol"],"max_hp_gain":0,"max_hp_loss":0,"event_name":"Golden Idol","floor":3,"gold_loss":0,"cards_obtained":["Injury"]},{"cards_removed":["Injury"],"damage_healed":0,"gold_gain":0,"player_choice":"Forget","damage_taken":0,"max_hp_gain":0,"max_hp_loss":0,"event_name":"Living Wall","floor":4,"gold_loss":0},{"damage_healed":0,"gold_gain":150,"player_choice":"AGREE","damage_taken":0,"max_hp_gain":0,"max_hp_loss":0,"event_name":"Liars Game","floor":11,"gold_loss":0,"cards_obtained":["Doubt"]},{"cards_removed":["Hologram"],"damage_healed":0,"gold_gain":0,"player_choice":"Give","damage_taken":0,"max_hp_gain":0,"max_hp_loss":0,"event_name":"betterNote:BetterNote","floor":28,"gold_loss":0,"cards_obtained":["Beam Cell"]}],"is_beta":false,"boss_relics":[{"not_picked":["Sozu","Fusion Hammer"],"picked":"Empty Cage"}],"items_purged_floors":[19],"is_endless":false,"potions_floor_spawned":[5,8,13,14,20,21,30],"killed_by":"Collector","ascension_level":20}}