{"host":"d2jar2fx86jc1ekr","time":1608819912,"event":{"mods":["AchievementEnabler","BaseMod","Colored Map","DeckTracker","Minty Spire (QoL Compilation)","StSLib","SuperFastMode","everything is the same but u backflip on backflip"],"gold_per_floor":[116,129,139,152,152,183,201,221,221,221,242,242,255,278,278,368,368,392,415,448,88,88,88,108,146,170,190,213,227,260,260,260,354,354,367,367,73,295,628,628,628,653,676,687,208,242,242,261,261,261],"floor_reached":51,"playtime":2057,"items_purged":["Strike_P","Strike_P","Defend_P"],"score":1676,"play_id":"272c3260-c834-4ee8-a95e-2aa3445d6468","local_time":"20201224232512","is_ascension_mode":true,"campfire_choices":[{"floor":12.0,"key":"REST"},{"floor":15.0,"key":"REST"},{"data":"MentalFortress","floor":23.0,"key":"SMITH"},{"data":"EmptyMind","floor":32,"key":"SMITH"},{"data":"Ragnarok","floor":40,"key":"SMITH"},{"data":"Vigilance","floor":47,"key":"SMITH"},{"floor":49,"key":"REST"}],"circlet_count":0,"master_deck":["AscendersBane","Defend_P","Eruption","Vigilance+1","EmptyMind+1","Adaptation","EmptyFist","DeusExMachina","MentalFortress+1","Vault","Protect+1","Perseverance+1","Fasting2+1","Evaluate","DeusExMachina","Establishment+1","Swivel","Collect+1","Wallop","Indignation","Ragnarok+1","Apotheosis","TalkToTheHand","Vengeance","WheelKick","WheelKick+1"],"relics":["Snecko Eye","Darkstone Periapt","Lantern","Question Card","Astrolabe","Red Mask","Meat on the Bone","Frozen Egg 2","Boot","Velvet Choker","FossilizedHelix","MealTicket","Mercury Hourglass","TeardropLocket"],"acts_visited":["Exordium","TheCity","TheBeyond"],"potions_floor_usage":[30,30,46,50],"damage_taken":[{"damage":0.0,"enemies":"2 Louse","floor":1.0,"turns":2.0},{"damage":0.0,"enemies":"Jaw Worm","floor":2.0,"turns":4.0},{"damage":3.0,"enemies":"Cultist","floor":3.0,"turns":5.0},{"damage":14.0,"enemies":"2 Fungi Beasts","floor":4.0,"turns":5.0},{"damage":12.0,"enemies":"3 Sentries","floor":6.0,"turns":5.0},{"damage":15.0,"enemies":"Exordium Thugs","floor":7.0,"turns":6.0},{"damage":0.0,"enemies":"Large Slime","floor":8.0,"turns":4.0},{"damage":4.0,"enemies":"Looter","floor":11.0,"turns":3.0},{"damage":11.0,"enemies":"3 Louse","floor":13.0,"turns":4.0},{"damage":9.0,"enemies":"Large Slime","floor":14.0,"turns":5.0},{"damage":24.0,"enemies":"Slime Boss","floor":16.0,"turns":9.0},{"damage":5.0,"enemies":"Shell Parasite","floor":18.0,"turns":7.0},{"damage":0.0,"enemies":"Spheric Guardian","floor":19.0,"turns":3.0},{"damage":1.0,"enemies":"Masked Bandits","floor":20.0,"turns":4.0},{"damage":13.0,"enemies":"Shelled Parasite and Fungi","floor":24.0,"turns":5.0},{"damage":0.0,"enemies":"Gremlin Leader","floor":25.0,"turns":6.0},{"damage":0,"enemies":"Sentry and Sphere","floor":27,"turns":9},{"damage":0,"enemies":"Snecko","floor":28,"turns":7},{"damage":7,"enemies":"Shelled Parasite and Fungi","floor":29,"turns":7},{"damage":0,"enemies":"Slavers","floor":30,"turns":5},{"damage":0,"enemies":"Champ","floor":33,"turns":15},{"damage":11,"enemies":"3 Shapes","floor":35,"turns":5},{"damage":8,"enemies":"Mind Bloom Boss Battle","floor":42,"turns":4},{"damage":0,"enemies":"Orb Walker","floor":44,"turns":4},{"damage":24,"enemies":"Reptomancer","floor":46,"turns":7},{"damage":0,"enemies":"4 Shapes","floor":48,"turns":3},{"damage":0,"enemies":"Time Eater","floor":50,"turns":4}],"seed_played":"5450889171187637110","potions_obtained":[{"floor":2.0,"key":"PowerPotion"},{"floor":6.0,"key":"Fire Potion"},{"floor":8.0,"key":"Strength Potion"},{"floor":11.0,"key":"Explosive Potion"},{"floor":20.0,"key":"ColorlessPotion"},{"floor":25.0,"key":"FearPotion"},{"floor":27,"key":"SneckoOil"},{"floor":31,"key":"AttackPotion"},{"floor":31,"key":"GamblersBrew"},{"floor":46,"key":"BottledMiracle"}],"is_trial":false,"path_per_floor":["M","M","M","M","?","E","M","M","T","T","M","R","M","M","R","B",null,"M","M","?","$","?","R","M","E","T","M","M","M","E","?","R","B",null,"M","?","$","?","?","R","?","?","T","M","$","E","R","M","R","B",null],"character_chosen":"WATCHER","items_purchased":["Meat on the Bone","Apotheosis","Mercury Hourglass","Vengeance"],"campfire_rested":3,"item_purchase_floors":[21,37,45,45],"current_hp_per_floor":[61,61,58,44,44,32,17,17,17,17,13,31,20,11,29,5,48,43,43,42,42,42,42,41,41,41,41,41,34,34,34,34,34,55,44,44,44,44,44,44,34,38,38,38,53,41,41,41,59,59],"gold":261,"neow_bonus":"BOSS_RELIC","is_daily":false,"chose_seed":false,"campfire_upgraded":4,"win_rate":0.0,"timestamp":1608819912,"path_taken":["M","M","M","M","?","E","M","M","T","?","M","R","M","M","R","BOSS","M","M","?","$","?","R","M","E","T","?","M","M","E","?","R","BOSS","M","?","$","?","?","R","?","?","T","?","?","E","R","M","R","BOSS"],"items_purchased_type":["Relic","Card","Relic","Card"],"build_version":"2020-12-22","purchased_purges":3,"victory":true,"max_hp_per_floor":[68,68,68,68,62,62,62,62,62,62,62,62,62,62,62,62,62,62,62,62,62,62,62,62,62,62,62,62,62,62,62,62,62,62,62,62,62,62,62,62,62,62,62,62,62,62,62,62,62,62],"card_choices":[{"not_picked":["FlurryOfBlows","Halt"],"picked":"EmptyMind","floor":1.0},{"not_picked":["Indignation","Sanctity"],"picked":"Adaptation","floor":2.0},{"not_picked":["BattleHymn","PathToVictory","JustLucky"],"picked":"SKIP","floor":3.0},{"not_picked":["Vengeance","FlurryOfBlows","BowlingBash"],"picked":"SKIP","floor":4.0},{"not_picked":["CrushJoints","ReachHeaven","Evaluate"],"picked":"SKIP","floor":6.0},{"not_picked":["BowlingBash","CutThroughFate"],"picked":"EmptyFist","floor":7.0},{"not_picked":["Conclude","FlyingSleeves","Evaluate"],"picked":"SKIP","floor":8.0},{"not_picked":["Adaptation","EmptyBody","SashWhip"],"picked":"DeusExMachina","floor":11.0},{"not_picked":["Crescendo","FlurryOfBlows","BowlingBash"],"picked":"MentalFortress","floor":13.0},{"not_picked":["SignatureMove","Crescendo","ClearTheMind","LikeWater"],"picked":"SKIP","floor":14.0},{"not_picked":["Blasphemy","Judgement","Wish"],"picked":"Vault","floor":16.0},{"not_picked":["Halt+1","ThirdEye","CrushJoints","Protect+1"],"picked":"SKIP","floor":18.0},{"not_picked":["Protect","EmptyFist","Halt"],"picked":"FearNoEvil+1","floor":19.0},{"not_picked":["Protect","CrushJoints","CarveReality"],"picked":"DeusExMachina","floor":24.0},{"not_picked":["EmptyFist","MentalFortress+1","SignatureMove"],"picked":"Establishment+1","floor":25.0},{"not_picked":["EmptyBody","Crescendo","Vengeance"],"picked":"Swivel","floor":27},{"not_picked":["ReachHeaven","SignatureMove+1","ForeignInfluence"],"picked":"Collect+1","floor":28},{"not_picked":["PathToVictory","DeceiveReality","CarveReality"],"picked":"Wallop","floor":29},{"not_picked":["ForeignInfluence","EmptyFist","Indignation","JustLucky"],"picked":"SKIP","floor":30},{"not_picked":["ForeignInfluence","EmptyFist","JustLucky"],"picked":"Indignation","floor":30},{"not_picked":["SpiritShield","Scrawl","DeusExMachina"],"picked":"Ragnarok","floor":33},{"not_picked":["JustLucky","Prostrate","LikeWater+1","ClearTheMind+1"],"picked":"SKIP","floor":35},{"not_picked":["Protect","Prostrate+1","EmptyFist"],"picked":"TalkToTheHand","floor":42},{"not_picked":["Evaluate","SashWhip","Brilliance","Meditate"],"picked":"SKIP","floor":44},{"not_picked":["Wallop","Establishment+1","BowlingBash"],"picked":"WheelKick","floor":46},{"not_picked":["Meditate","BowlingBash","CarveReality"],"picked":"WheelKick+1","floor":48}],"player_experience":367691,"relics_obtained":[{"floor":6.0,"key":"Darkstone Periapt"},{"floor":9.0,"key":"Lantern"},{"floor":10.0,"key":"Question Card"},{"floor":20.0,"key":"Red Mask"},{"floor":25.0,"key":"Frozen Egg 2"},{"floor":30,"key":"Boot"},{"floor":42,"key":"FossilizedHelix"},{"floor":43,"key":"MealTicket"},{"floor":46,"key":"TeardropLocket"}],"event_choices":[{"damage_healed":0.0,"max_hp_gain":0.0,"max_hp_loss":6.0,"gold_gain":0.0,"event_name":"Golden Idol","player_choice":"Lose Max HP","floor":5.0,"gold_loss":0.0,"damage_taken":0.0,"relics_obtained":["Golden Idol"]},{"damage_healed":0.0,"max_hp_gain":0.0,"max_hp_loss":0.0,"gold_gain":0.0,"event_name":"Masked Bandits","player_choice":"Fought Bandits","floor":20.0,"gold_loss":0.0,"damage_taken":0.0},{"damage_healed":0.0,"max_hp_gain":0.0,"max_hp_loss":0.0,"gold_gain":0.0,"cards_transformed":["Strike_P"],"event_name":"Transmorgrifier","player_choice":"Transformed","floor":22.0,"gold_loss":0.0,"damage_taken":0.0,"cards_obtained":["Evaluate"]},{"damage_healed":0,"gold_gain":0,"player_choice":"Got Potions","damage_taken":0,"max_hp_gain":0,"max_hp_loss":0,"event_name":"Lab","floor":31,"gold_loss":0},{"cards_removed":["FearNoEvil"],"damage_healed":0,"gold_gain":0,"player_choice":"Removed Attack","damage_taken":0,"max_hp_gain":0,"max_hp_loss":0,"event_name":"Falling","floor":36,"gold_loss":0},{"damage_healed":0,"gold_gain":222,"player_choice":"Wore Mask","damage_taken":0,"max_hp_gain":0,"max_hp_loss":0,"event_name":"Tomb of Lord Red Mask","floor":38,"gold_loss":0},{"damage_healed":0,"gold_gain":333,"player_choice":"Gave Idol","damage_taken":0,"max_hp_gain":0,"max_hp_loss":0,"event_name":"The Moai Head","floor":39,"relics_lost":["Golden Idol"],"gold_loss":0},{"damage_healed":0,"gold_gain":0,"player_choice":"Memory 3","damage_taken":10,"max_hp_gain":0,"max_hp_loss":0,"event_name":"SensoryStone","floor":41,"gold_loss":0},{"damage_healed":0,"gold_gain":0,"player_choice":"Fight","damage_taken":0,"max_hp_gain":0,"max_hp_loss":0,"event_name":"MindBloom","floor":42,"gold_loss":0}],"is_beta":false,"boss_relics":[{"not_picked":["Empty Cage","SlaversCollar"],"picked":"Astrolabe"},{"not_picked":["Black Star","Runic Dome"],"picked":"Velvet Choker"}],"items_purged_floors":[21,37,45],"is_endless":false,"potions_floor_spawned":[2,6,8,11,14,20,25,27,28,33,42,46,48],"ascension_level":19}}