{"host":"oeh4wb93hhtrshvk","time":1608805728,"event":{"mods":["2.2 Compatiblity","AchievementEnabler","Act Like it!","Aspiration","BaseMod","Better Skull","Better Third Choice","Block Reminder","Card Filter","Colored Powertips","Conspire","Curses Come First","Defuse TimeMaze Blight","Displayed Cursed Tome","Downfall","Energized Spire","GifTheSpireLib","Hermit","Hubris","Infinite Spire","Marisa????????","Minty Spire (QoL Compilation)","Pale of the Ancients","Quick Restart","Rare Cards Sparkle","Relic Filter","Replay The Spire","Shop Mod","Spicy Shops","StSLib","The Blue Laboratory","The Cursed","The Disciple","Transform Curses","Wandering Minibosses","vexMod"],"gold_per_floor":[111,161,26,26,61,79,79,79],"floor_reached":6,"playtime":301,"items_purged":[],"score":34,"play_id":"a2657fea-bd7c-4ea2-a6c2-b4586098113a","local_time":"20201224112848","daily_mods":["Heirloom","DeadlyEvents"],"is_ascension_mode":false,"campfire_choices":[],"circlet_count":0,"master_deck":["champ:Strike","champ:Strike","champ:Strike","champ:Strike","champ:Defend","champ:Defend","champ:Defend","champ:Defend","champ:Taunt","champ:Duel","champ:Riposte"],"relics":["champ:ChampionCrown","Guardian:GemstoneGun","Ring of Fury","Ring of Greed","Replay:Bandana","infinitespire:Midas Blood","Replay:Wax Seal","aspiration:ChemicalBlood"],"acts_visited":["Exordium"],"potions_floor_usage":[],"damage_taken":[{"damage":5,"enemies":"Jaw Worm","floor":1,"turns":7},{"damage":0,"enemies":"Cultist","floor":5,"turns":2},{"damage":13,"enemies":"3 Sentries","floor":6,"turns":4}],"seed_played":"-4962098335908485917","potions_obtained":[],"is_trial":true,"path_per_floor":["M","?","$","?","M","E"],"character_chosen":"THE_CHAMP","items_purchased":["Replay:Wax Seal","aspiration:ChemicalBlood"],"campfire_rested":0,"item_purchase_floors":[3,3],"current_hp_per_floor":[88,88,88,88,88,75,75,75],"gold":79,"neow_bonus":"","is_daily":false,"chose_seed":false,"campfire_upgraded":0,"win_rate":0.0,"timestamp":1608805728,"path_taken":["M","?","$","?","M","E"],"items_purchased_type":["Relic","Relic"],"build_version":"2020-12-22","purchased_purges":0,"victory":false,"max_hp_per_floor":[90,90,90,90,90,90,90,90],"card_choices":[{"not_picked":["champ:EnragedBash","champ:BerserkersShout"],"picked":"champ:Duel","floor":1},{"not_picked":["champ:TornadoPunch","champ:FlashCut"],"picked":"champ:Riposte","floor":5}],"player_experience":628969,"relics_obtained":[{"floor":2,"key":"Ring of Fury"},{"floor":2,"key":"Ring of Greed"},{"floor":2,"key":"Replay:Bandana"},{"floor":2,"key":"infinitespire:Midas Blood"}],"event_choices":[{"cards_removed":["champ:Execute"],"damage_healed":0,"gold_gain":0,"player_choice":"Offered Basic","damage_taken":0,"max_hp_gain":0,"max_hp_loss":0,"event_name":"Bonfire Elementals","floor":4,"gold_loss":0}],"is_beta":false,"boss_relics":[],"items_purged_floors":[],"is_endless":false,"potions_floor_spawned":[],"killed_by":"3 Sentries","ascension_level":0}}