{"host":"pg2biz4zy3df4ctj","time":1608779430,"event":{"mods":["BaseMod","Minty Spire (QoL Compilation)","Quick Restart","Random Character Button"],"gold_per_floor":[111,286,306,256,272,272,300,318,341,341,367,377,391,417,417,512,512,527,39,39,56,76,111,162,195,195,195,224,239,250,266,266,368,368,383,402,413,413,413,444,459,459,486,502,515,75,92,123,123,123,123,123,15,42,42,42],"floor_reached":55,"playtime":2714,"items_purged":["Strike_G"],"score":1296,"play_id":"50b3a604-9de9-4172-ba41-3c3e44f5a0f9","local_time":"20201223191030","is_ascension_mode":true,"campfire_choices":[{"data":"Neutralize","floor":6.0,"key":"SMITH"},{"data":"Dagger Spray","floor":10.0,"key":"SMITH"},{"floor":15.0,"key":"REST"},{"data":"1","floor":27.0,"key":"LIFT"},{"data":"2","floor":32.0,"key":"LIFT"},{"floor":42.0,"key":"RECALL"},{"data":"3","floor":49.0,"key":"LIFT"},{"data":"Strike_G","floor":52.0,"key":"PURGE"}],"circlet_count":0,"master_deck":["AscendersBane","Strike_G","Strike_G","Strike_G","Defend_G","Defend_G","Defend_G","Defend_G","Defend_G","Survivor","Neutralize+1","Dagger Throw","Dagger Spray+1","PiercingWail","Dagger Throw","Blade Dance","Noxious Fumes","All Out Attack","Noxious Fumes","Die Die Die","Escape Plan","Apotheosis+1","Catalyst","Backflip","Blade Dance","Burst","Cloak And Dagger","Dash+1","PiercingWail","Adrenaline","Leg Sweep","Malaise","Calculated Gamble+1","Acrobatics","PiercingWail","Backflip+1","Footwork","Heel Hook","PiercingWail+1"],"relics":["Ring of the Snake","NeowsBlessing","Ancient Tea Set","Oddly Smooth Stone","Happy Flower","Bronze Scales","Coffee Dripper","Girya","Du-Vu Doll","Anchor","Calipers","Mercury Hourglass","Omamori","Sozu","MealTicket","Peace Pipe","Toxic Egg 2","Bottled Tornado"],"acts_visited":["Exordium","TheCity","TheBeyond","TheEnding"],"potions_floor_usage":[55],"damage_taken":[{"damage":0.0,"enemies":"Small Slimes","floor":1.0,"turns":1.0},{"damage":0.0,"enemies":"Jaw Worm","floor":3.0,"turns":1.0},{"damage":0.0,"enemies":"Cultist","floor":5.0,"turns":1.0},{"damage":15.0,"enemies":"3 Sentries","floor":7.0,"turns":7.0},{"damage":0.0,"enemies":"3 Louse","floor":8.0,"turns":2.0},{"damage":4.0,"enemies":"Lagavulin","floor":11.0,"turns":5.0},{"damage":11.0,"enemies":"Looter","floor":12.0,"turns":2.0},{"damage":0.0,"enemies":"Lots of Slimes","floor":13.0,"turns":2.0},{"damage":5.0,"enemies":"3 Sentries","floor":14.0,"turns":5.0},{"damage":22.0,"enemies":"The Guardian","floor":16.0,"turns":9.0},{"damage":19.0,"enemies":"Spheric Guardian","floor":18.0,"turns":4.0},{"damage":0.0,"enemies":"3 Byrds","floor":21.0,"turns":4.0},{"damage":8.0,"enemies":"Centurion and Healer","floor":22.0,"turns":5.0},{"damage":8.0,"enemies":"Book of Stabbing","floor":23.0,"turns":4.0},{"damage":6.0,"enemies":"Slavers","floor":25.0,"turns":3.0},{"damage":16.0,"enemies":"Book of Stabbing","floor":28.0,"turns":4.0},{"damage":0.0,"enemies":"Cultist and Chosen","floor":29.0,"turns":3.0},{"damage":12.0,"enemies":"Shelled Parasite and Fungi","floor":30.0,"turns":3.0},{"damage":1.0,"enemies":"Snake Plant","floor":31.0,"turns":3.0},{"damage":12.0,"enemies":"Collector","floor":33.0,"turns":9.0},{"damage":0.0,"enemies":"3 Shapes","floor":35.0,"turns":1.0},{"damage":0.0,"enemies":"3 Darklings","floor":36.0,"turns":2.0},{"damage":15.0,"enemies":"Jaw Worm Horde","floor":37.0,"turns":3.0},{"damage":13.0,"enemies":"Nemesis","floor":40.0,"turns":7.0},{"damage":0.0,"enemies":"Transient","floor":41.0,"turns":5.0},{"damage":0.0,"enemies":"Maw","floor":44.0,"turns":6.0},{"damage":0.0,"enemies":"Jaw Worm Horde","floor":45.0,"turns":2.0},{"damage":0.0,"enemies":"3 Darklings","floor":47.0,"turns":3.0},{"damage":18.0,"enemies":"Reptomancer","floor":48.0,"turns":6.0},{"damage":11.0,"enemies":"Donu and Deca","floor":50.0,"turns":9.0},{"damage":24,"enemies":"Shield and Spear","floor":54,"turns":6},{"damage":46,"enemies":"The Heart","floor":55,"turns":5}],"seed_played":"-5386306375809852278","potions_obtained":[{"floor":3.0,"key":"PowerPotion"},{"floor":7.0,"key":"Fire Potion"},{"floor":12.0,"key":"Energy Potion"},{"floor":21.0,"key":"FearPotion"},{"floor":22.0,"key":"DuplicationPotion"},{"floor":23.0,"key":"FairyPotion"},{"floor":30.0,"key":"Block Potion"},{"floor":31.0,"key":"Block Potion"},{"floor":33.0,"key":"BlessingOfTheForge"}],"is_trial":false,"path_per_floor":["M","?","M","?","M","R","E","M","T","R","E","M","M","E","R","B",null,"M","$","?","M","M","E","T","E","T","R","E","M","M","M","R","B",null,"M","M","M","?","?","E","M","R","T","M","M","$","M","E","R","B",null,"R","$","E","B"],"character_chosen":"THE_SILENT","items_purchased":["Apotheosis","Girya","Peace Pipe","PiercingWail","Footwork","Heel Hook"],"campfire_rested":1,"item_purchase_floors":[19,19,46,46,53,53],"current_hp_per_floor":[63,63,63,63,63,63,48,48,48,48,44,33,33,28,49,27,59,40,40,63,63,55,47,47,41,41,41,25,25,13,12,12,21,58,58,58,43,43,43,30,30,30,30,30,30,45,45,27,27,16,57,57,70,46,0,0],"gold":42,"neow_bonus":"THREE_ENEMY_KILL","is_daily":false,"chose_seed":false,"campfire_upgraded":2,"win_rate":0.0,"timestamp":1608779430,"path_taken":["M","?","M","?","M","R","E","M","T","R","E","M","M","E","R","BOSS","M","$","?","M","M","E","?","E","T","R","E","M","M","M","R","BOSS","M","M","?","?","?","E","M","R","T","M","?","$","M","E","R","BOSS","R","$","E","BOSS"],"items_purchased_type":["Card","Relic","Relic","Card","Card","Card"],"build_version":"2020-12-22","purchased_purges":1,"victory":false,"max_hp_per_floor":[70,70,70,70,70,70,70,70,70,70,70,70,70,70,70,70,70,70,70,70,70,70,70,70,70,70,70,70,70,70,70,70,70,70,70,70,70,70,70,70,70,70,70,70,70,70,70,70,70,70,70,70,70,70,70,70],"card_choices":[{"not_picked":["Sucker Punch","Backflip"],"picked":"Dagger Throw","floor":1.0},{"not_picked":["Choke","PiercingWail"],"picked":"Dagger Spray","floor":3.0},{"not_picked":["Blade Dance","Deadly Poison"],"picked":"PiercingWail","floor":5.0},{"not_picked":["Deflect","Terror","Concentrate"],"picked":"SKIP","floor":7.0},{"not_picked":["Storm of Steel","Bane"],"picked":"Dagger Throw","floor":8.0},{"not_picked":["Dagger Spray","Deadly Poison"],"picked":"Blade Dance","floor":11.0},{"not_picked":["Riddle With Holes","Expertise"],"picked":"Noxious Fumes","floor":12.0},{"not_picked":["Well Laid Plans","Dodge and Roll"],"picked":"All Out Attack","floor":13.0},{"not_picked":["Leg Sweep","Terror"],"picked":"Noxious Fumes","floor":14.0},{"not_picked":["A Thousand Cuts","Night Terror"],"picked":"Die Die Die","floor":16.0},{"not_picked":["Blade Dance","Flying Knee+1"],"picked":"Escape Plan","floor":18.0},{"not_picked":["Escape Plan","Slice"],"picked":"Catalyst","floor":21.0},{"not_picked":["Riddle With Holes","Noxious Fumes"],"picked":"Backflip","floor":22.0},{"not_picked":["Endless Agony+1","Sucker Punch","Underhanded Strike+1"],"picked":"SKIP","floor":23.0},{"not_picked":["Masterful Stab","Flying Knee"],"picked":"Blade Dance","floor":25.0},{"not_picked":["Underhanded Strike","Escape Plan"],"picked":"Burst","floor":28.0},{"not_picked":["Heel Hook","All Out Attack"],"picked":"Cloak And Dagger","floor":29.0},{"not_picked":["Flechettes","Flying Knee"],"picked":"Dash+1","floor":30.0},{"not_picked":["Flying Knee","Deadly Poison+1"],"picked":"PiercingWail","floor":31.0},{"not_picked":["After Image","Bullet Time"],"picked":"Adrenaline","floor":33.0},{"not_picked":["Bouncing Flask","Sucker Punch","Catalyst"],"picked":"SKIP","floor":35.0},{"not_picked":["Quick Slash","Crippling Poison","Outmaneuver+1"],"picked":"SKIP","floor":36.0},{"not_picked":["Infinite Blades","Dash+1"],"picked":"Leg Sweep","floor":37.0},{"not_picked":["All Out Attack","Venomology"],"picked":"Malaise","floor":40.0},{"not_picked":["Poisoned Stab","Slice","Dagger Spray"],"picked":"SKIP","floor":41.0},{"not_picked":["Deflect","PiercingWail"],"picked":"Calculated Gamble+1","floor":44.0},{"not_picked":["Predator+1","Catalyst"],"picked":"Acrobatics","floor":45.0},{"not_picked":["Slice","Poisoned Stab","Bane"],"picked":"SKIP","floor":47.0},{"not_picked":["Deflect+1","Predator"],"picked":"Backflip+1","floor":48.0},{"not_picked":["Catalyst+1","PiercingWail+1","Bouncing Flask+1"],"picked":"SKIP","floor":54},{"not_picked":["Catalyst+1","Bouncing Flask+1"],"picked":"PiercingWail+1","floor":54}],"player_experience":554172,"relics_obtained":[{"floor":7.0,"key":"Ancient Tea Set"},{"floor":9.0,"key":"Oddly Smooth Stone"},{"floor":11.0,"key":"Happy Flower"},{"floor":14.0,"key":"Bronze Scales"},{"floor":23.0,"key":"Du-Vu Doll"},{"floor":24.0,"key":"Anchor"},{"floor":25.0,"key":"Calipers"},{"floor":26.0,"key":"Mercury Hourglass"},{"floor":28.0,"key":"Omamori"},{"floor":40.0,"key":"MealTicket"},{"floor":48.0,"key":"Toxic Egg 2"},{"floor":54,"key":"Bottled Tornado"}],"event_choices":[{"damage_healed":0.0,"max_hp_gain":0.0,"max_hp_loss":0.0,"gold_gain":175.0,"event_name":"Liars Game","player_choice":"AGREE","floor":2.0,"gold_loss":0.0,"damage_taken":0.0,"cards_obtained":["Doubt"]},{"cards_removed":["Doubt"],"damage_healed":0.0,"max_hp_gain":0.0,"max_hp_loss":0.0,"gold_gain":0.0,"event_name":"The Cleric","player_choice":"Card Removal","floor":4.0,"gold_loss":50.0,"damage_taken":0.0},{"damage_healed":23.0,"max_hp_gain":0.0,"max_hp_loss":0.0,"gold_gain":0.0,"event_name":"The Library","player_choice":"Heal","floor":20.0,"gold_loss":0.0,"damage_taken":0.0},{"damage_healed":0.0,"max_hp_gain":0.0,"max_hp_loss":0.0,"gold_gain":0.0,"event_name":"Tomb of Lord Red Mask","player_choice":"Ignored","floor":38.0,"gold_loss":0.0,"damage_taken":0.0},{"damage_healed":0.0,"max_hp_gain":0.0,"max_hp_loss":0.0,"gold_gain":0.0,"event_name":"Accursed Blacksmith","player_choice":"Forge","floor":39.0,"gold_loss":0.0,"damage_taken":0.0,"cards_upgraded":["Apotheosis"]}],"is_beta":false,"boss_relics":[{"not_picked":["Runic Dome","SlaversCollar"],"picked":"Coffee Dripper"},{"not_picked":["Fusion Hammer","SacredBark"],"picked":"Sozu"}],"items_purged_floors":[46],"is_endless":false,"potions_floor_spawned":[3,7,12,21,22,23,30,31,33,35,40,41,44],"killed_by":"The Heart","ascension_level":12}}