{"host":"zlprnsb5fznrfinh","time":1608833778,"event":{"mods":["Act Like it!","BaseMod","Block Reminder","Downfall","GifTheSpireLib","Minty Spire (QoL Compilation)","StSLib"],"gold_per_floor":[99,99,99,109,128,145,225,225,236,161,173,199,199,234,254,254,254,254],"floor_reached":16,"playtime":690,"items_purged":[],"score":123,"play_id":"e13fed69-d16f-4861-b61a-2af336aa6b43","local_time":"20201224101618","is_ascension_mode":true,"campfire_choices":[{"data":"champ:Taunt","floor":1,"key":"SMITH"},{"data":"champ:Circumvent","floor":10,"key":"SMITH"},{"data":"champ:ViciousMockery","floor":13,"key":"SMITH"}],"circlet_count":0,"master_deck":["champ:Strike","champ:Strike","champ:Defend","champ:Defend","champ:Defend","champ:Execute+1","champ:Taunt+1","champ:HeavySlash+1","champ:HeavySlash+1","champ:Circumvent+1","champ:DefensiveShout","champ:Circumvent+1","champ:StanceDance","champ:ViciousMockery+1","champ:Balance"],"relics":["Astrolabe","MealTicket","downfall:ShatteredFragment","downfall:HeartBlessingBlue","Juzu Bracelet","Darkstone Periapt"],"acts_visited":["Exordium"],"potions_floor_usage":[9],"damage_taken":[{"damage":5,"enemies":"Jaw Worm","floor":4,"turns":5},{"damage":5,"enemies":"2 Louse","floor":5,"turns":4},{"damage":0,"enemies":"Cultist","floor":6,"turns":3},{"damage":0,"enemies":"Large Slime","floor":9,"turns":3},{"damage":3,"enemies":"3 Louse","floor":11,"turns":4},{"damage":20,"enemies":"Gremlin Nob","floor":12,"turns":4},{"damage":14,"enemies":"3 Sentries","floor":14,"turns":7},{"damage":7,"enemies":"Lots of Slimes","floor":15,"turns":5},{"damage":1,"enemies":"downfall:Silent","floor":16,"turns":2}],"seed_played":"5458091384972873170","potions_obtained":[{"floor":5,"key":"DistilledChaos"},{"floor":14,"key":"PowerPotion"},{"floor":15,"key":"Strength Potion"}],"is_trial":false,"path_per_floor":["R","?","?","M","M","M","T","?","M","R","M","E","R","E","M","B"],"character_chosen":"THE_CHAMP","items_purchased":[],"campfire_rested":0,"item_purchase_floors":[],"current_hp_per_floor":[90,87,87,85,85,85,85,58,58,68,65,45,45,41,34,33,33,33],"gold":254,"neow_bonus":"BOSS_RELIC","is_daily":false,"chose_seed":false,"campfire_upgraded":3,"win_rate":0.0,"timestamp":1608833778,"path_taken":["R","?","?","M","?","M","T","?","M","R","M","E","R","E","M","BOSS"],"items_purchased_type":[],"build_version":"2020-12-22","purchased_purges":0,"victory":false,"max_hp_per_floor":[90,90,90,90,90,90,90,90,90,100,100,100,100,100,100,100,100,100],"card_choices":[{"not_picked":["champ:Circumvent","champ:EnragedBash"],"picked":"champ:DefensiveShout","floor":4},{"not_picked":["champ:Lariat","champ:BerserkersShout"],"picked":"champ:Circumvent","floor":5},{"not_picked":["champ:AdrenalArmor","champ:DefensiveShout"],"picked":"champ:StanceDance","floor":6},{"not_picked":["champ:FanOfKnives","champ:AdrenalArmor"],"picked":"champ:ViciousMockery","floor":9},{"not_picked":["champ:FightOn","champ:StanceDance","champ:Lariat"],"picked":"SKIP","floor":11},{"not_picked":["champ:Aggression","champ:AdrenalArmor","champ:FocusedGladiator"],"picked":"SKIP","floor":12},{"not_picked":["champ:Encircle","champ:HeartStrike"],"picked":"champ:Balance","floor":14},{"not_picked":["champ:BerserkerStyle","champ:MurderStrike","champ:BladeFlurry"],"picked":"SKIP","floor":15}],"player_experience":723595,"relics_obtained":[{"floor":12,"key":"Juzu Bracelet"},{"floor":14,"key":"Darkstone Periapt"}],"event_choices":[{"damage_healed":0,"gold_gain":0,"player_choice":"Success","damage_taken":3,"relics_obtained":["MealTicket"],"max_hp_gain":0,"max_hp_loss":0,"event_name":"Scrap Ooze","floor":2,"gold_loss":0},{"damage_healed":0,"gold_gain":0,"player_choice":"Forge","damage_taken":0,"max_hp_gain":0,"max_hp_loss":0,"event_name":"Accursed Blacksmith","floor":3,"gold_loss":0,"cards_upgraded":["champ:Execute"]}],"is_beta":false,"boss_relics":[],"items_purged_floors":[],"is_endless":false,"potions_floor_spawned":[5,14,15],"killed_by":"downfall:Silent","ascension_level":2}}