{"host":"9d83omykrosjn1d3","time":1608780928,"event":{"mods":["AchievementEnabler","BaseMod","BetterRewards","Card Forge","Downfall","Hubris","MarisaÅiñ∂âJÅ@ñÇóùçπÅj","Minty Spire (QoL Compilation)","Permanent Neow","Shop Mod","StSLib","SuperFastMode","The Hierophant","The Mystic","The Runesmith"],"gold_per_floor":[119,119,119,119,119,152,186,211,237,271,297,325,117,149,149,253,253,253,253],"floor_reached":17,"playtime":1094,"items_purged":["Slimebound:SamplingLick"],"score":307,"play_id":"d1e7d2a3-15fe-4166-834a-740135882b47","local_time":"20201224123528","daily_mods":["SealedDeck","Heirloom","Flight","downfall:Lament","DeadlyEvents","Elite Swarm"],"is_ascension_mode":false,"campfire_choices":[{"data":"Slimebound:DuplicatedForm","floor":15,"key":"SMITH"}],"circlet_count":0,"master_deck":["Slimebound:SamplingLick+1","Slimebound:SamplingLick","Slimebound:AcidTongue+1","Slimebound:FormOfPuddle","Slimebound:AcidTongue","Slimebound:Schlurp","Slimebound:Schlurp","Slimebound:GrowthPunch","Slimebound:SplitLeeching","Slimebound:LeechLife","Slimebound:DuplicatedForm+1","Slimebound:MassFeed","Slimebound:OneTwoCombo","Slimebound:MinionMaster","Slimebound:Recycling","Slimebound:LeechingTouch","Slimebound:WasteNot"],"relics":["Slimebound:AbsorbEndCombat","Hammer of Thor","Seething Fire","Anvil of the Gods","NeowsBlessing","Pocketwatch","hubris:Towel","Singing Bowl","Mango","Bronze Scales","Ice Cream","Matryoshka","Smiling Mask","hubris:MysteriousPyramids","MerchantsRug","Frozen Egg 2","Runic Dome"],"acts_visited":["Exordium","TheCity"],"potions_floor_usage":[],"damage_taken":[{"damage":0,"enemies":"Jaw Worm","floor":1,"turns":1},{"damage":4,"enemies":"3 Sentries","floor":6,"turns":2},{"damage":0,"enemies":"Gremlin Nob","floor":7,"turns":1},{"damage":33,"enemies":"Lagavulin","floor":8,"turns":5},{"damage":46,"enemies":"3 Sentries","floor":10,"turns":5},{"damage":35,"enemies":"Lagavulin","floor":11,"turns":5},{"damage":50,"enemies":"3 Sentries","floor":12,"turns":8},{"damage":25,"enemies":"Gremlin Nob","floor":14,"turns":5},{"damage":40,"enemies":"The Guardian","floor":16,"turns":8}],"seed_played":"-395461827445122599","potions_obtained":[{"floor":8,"key":"EssenceOfSteel"},{"floor":10,"key":"champ:CounterPotion"},{"floor":14,"key":"BlessingOfTheForge"},{"floor":16,"key":"Energy Potion"}],"is_trial":true,"path_per_floor":["M","?","?","?","T","E","E","E","T","E","E","E","$","E","R","B",null],"character_chosen":"SLIMEBOUND","items_purchased":["MerchantsRug","Slimebound:LeechingTouch"],"campfire_rested":0,"item_purchase_floors":[13,13],"current_hp_per_floor":[60,60,48,48,48,62,62,58,58,60,70,56,56,58,58,94,94,94,94],"gold":253,"neow_bonus":"","is_daily":false,"chose_seed":false,"campfire_upgraded":1,"win_rate":0.0,"timestamp":1608780928,"path_taken":["M","?","?","?","?","E","E","E","T","E","?","E","$","E","R","BOSS"],"items_purchased_type":["Relic","Card"],"build_version":"2020-12-22","purchased_purges":1,"victory":false,"max_hp_per_floor":[60,60,60,60,60,74,74,74,74,83,86,89,89,91,91,94,94,94,94],"card_choices":[{"not_picked":["Slimebound:LivingWall","Slimebound:LeechEnergy","Slimebound:FlameTackle"],"picked":"SKIP","floor":1},{"not_picked":["Slimebound:MassRepurpose","Slimebound:Overexert"],"picked":"Slimebound:LeechLife","floor":6},{"not_picked":["Slimebound:LeechLife","Slimebound:SelfFormingGoo"],"picked":"Slimebound:DuplicatedForm","floor":7},{"not_picked":["Slimebound:MassRepurpose","Slimebound:PrepareCrush"],"picked":"Slimebound:MassFeed","floor":8},{"not_picked":["Slimebound:DuplicatedForm","Slimebound:MinionMaster"],"picked":"Slimebound:OneTwoCombo","floor":10},{"not_picked":["Slimebound:MassRepurpose","Slimebound:SelfFormingGoo"],"picked":"Slimebound:MinionMaster","floor":11},{"not_picked":["Slimebound:Teamwork","Slimebound:Overexert"],"picked":"Slimebound:Recycling","floor":12},{"not_picked":["Slimebound:PrepareCrush","Slimebound:Overexert+1","Slimebound:MassFeed"],"picked":"Singing Bowl","floor":14},{"not_picked":["Slimebound:RallyTheTroops","Slimebound:DuplicatedForm+1"],"picked":"Slimebound:WasteNot","floor":16}],"player_experience":693683,"relics_obtained":[{"floor":5,"key":"Singing Bowl"},{"floor":6,"key":"Mango"},{"floor":7,"key":"Bronze Scales"},{"floor":8,"key":"Ice Cream"},{"floor":10,"key":"Matryoshka"},{"floor":11,"key":"Smiling Mask"},{"floor":12,"key":"hubris:MysteriousPyramids"},{"floor":14,"key":"Frozen Egg 2"}],"event_choices":[{"damage_healed":0,"gold_gain":0,"player_choice":"Entered Light","damage_taken":12,"max_hp_gain":0,"max_hp_loss":0,"event_name":"Shining Light","floor":3,"gold_loss":0,"cards_upgraded":["Slimebound:AcidTongue","Slimebound:SamplingLick"]},{"damage_healed":0,"gold_gain":0,"player_choice":"Ignored","damage_taken":0,"max_hp_gain":0,"max_hp_loss":0,"event_name":"Liars Game","floor":4,"gold_loss":0}],"is_beta":false,"boss_relics":[{"not_picked":["Snecko Eye","hubris:HollowSoul"],"picked":"Runic Dome"}],"items_purged_floors":[13],"is_endless":false,"potions_floor_spawned":[8,10,14,16],"ascension_level":0}}