{"host":"08nxni9rwzvm98vp","time":1608806528,"event":{"mods":["AchievementEnabler","BaseMod","Card Forge","Colored Powertips","Googly Eyes","Highlight Path","Marisa£¨Ùöéë¡¡Øª×âÞÞ£©","Minty Spire (QoL Compilation)","Quick Restart","Rare Cards Sparkle","StSLib","SuperFastMode"],"gold_per_floor":[118,118,132,18,18,18,33,63,63,63,63,86,86,127,127,252,252,277,32,32,50,75,75,110,110,110,124,143,143,167,292,292,416,416,440,440,440,456,109,109,149,163,186,206,242,242,305,39,39,39],"floor_reached":51,"playtime":1858,"items_purged":["Strike_MRS","GrandCross","Parasite"],"score":845,"play_id":"bd6265d7-c145-4649-abaa-4f8d4c909d1c","local_time":"20201224194208","is_ascension_mode":true,"campfire_choices":[{"data":"ManaRampage","floor":6.0,"key":"SMITH"},{"data":"FinalSpark","floor":10.0,"key":"SMITH"},{"data":"PulseMagic","floor":13.0,"key":"SMITH"},{"data":"RefractionSpark","floor":15.0,"key":"SMITH"},{"data":"DoubleSpark","floor":23.0,"key":"SMITH"},{"data":"Defend_MRS","floor":25.0,"key":"SMITH"},{"data":"MasterSpark","floor":29.0,"key":"SMITH"},{"data":"EnergyFlow","floor":32.0,"key":"SMITH"},{"data":"MachineGunSpark","floor":40.0,"key":"SMITH"},{"data":"1","floor":46,"key":"LIFT"},{"data":"2","floor":49,"key":"LIFT"}],"circlet_count":0,"master_deck":["Strike_MRS","Strike_MRS","Defend_MRS+1","Defend_MRS","Defend_MRS","Defend_MRS","MasterSpark+1","UpSweep","ManaRampage+1","PulseMagic+1","FinalSpark+1","RefractionSpark+1","DoubleSpark+1","AsteroidBelt+1","EnergyFlow+1","MachineGunSpark+1","RefractionSpark+1","Parasite","OrrerysSun","MagicChant"],"relics":["MiniHakkero","Hammer of Thor","Seething Fire","InkBottle","MagicBroom","HornCleat","Golden Idol","BreadOfAWashokuLover","SlaversCollar","HandmadeGrimoire","Nloth\u0027s Gift","AmplifyWand","Mango","Bird Faced Urn","Singing Bowl","Empty Cage","Eternal Feather","Girya","PreservedInsect","ShroomBag","Prayer Wheel","Membership Card"],"acts_visited":["Exordium","TheCity","TheBeyond"],"potions_floor_usage":[],"damage_taken":[{"damage":6.0,"enemies":"Jaw Worm","floor":1.0,"turns":2.0},{"damage":0.0,"enemies":"2 Louse","floor":3.0,"turns":3.0},{"damage":8.0,"enemies":"Small Slimes","floor":7.0,"turns":2.0},{"damage":13.0,"enemies":"Lagavulin","floor":8.0,"turns":5.0},{"damage":0.0,"enemies":"Gremlin Gang","floor":12.0,"turns":2.0},{"damage":0.0,"enemies":"Gremlin Nob","floor":14.0,"turns":3.0},{"damage":1.0,"enemies":"Hexaghost","floor":16.0,"turns":6.0},{"damage":5.0,"enemies":"3 Byrds","floor":18.0,"turns":3.0},{"damage":0.0,"enemies":"Chosen","floor":21.0,"turns":3.0},{"damage":18.0,"enemies":"Shelled Parasite and Fungi","floor":22.0,"turns":4.0},{"damage":26.0,"enemies":"Gremlin Leader","floor":24.0,"turns":5.0},{"damage":3.0,"enemies":"Centurion and Healer","floor":27.0,"turns":2.0},{"damage":0.0,"enemies":"Cultist and Chosen","floor":28.0,"turns":3.0},{"damage":1.0,"enemies":"Chosen and Byrds","floor":30.0,"turns":6.0},{"damage":0.0,"enemies":"Colosseum Slavers","floor":31.0,"turns":1.0},{"damage":0.0,"enemies":"Colosseum Nobs","floor":31.0,"turns":3.0},{"damage":39.0,"enemies":"Automaton","floor":33.0,"turns":8.0},{"damage":0.0,"enemies":"Orb Walker","floor":35.0,"turns":4.0},{"damage":0.0,"enemies":"3 Shapes","floor":38.0,"turns":3.0},{"damage":13.0,"enemies":"Giant Head","floor":41.0,"turns":6.0},{"damage":0.0,"enemies":"3 Darklings","floor":42.0,"turns":4.0},{"damage":11.0,"enemies":"4 Shapes","floor":44.0,"turns":5.0},{"damage":24,"enemies":"Reptomancer","floor":45,"turns":4},{"damage":7,"enemies":"Mind Bloom Boss Battle","floor":47,"turns":3},{"damage":19,"enemies":"Time Eater","floor":50,"turns":6}],"seed_played":"2186379046421991429","potions_obtained":[{"floor":1.0,"key":"Strength Potion"},{"floor":3.0,"key":"BottledSpark"},{"floor":14.0,"key":"DistilledChaos"},{"floor":16.0,"key":"Dexterity Potion"},{"floor":21.0,"key":"Ancient Potion"},{"floor":22.0,"key":"Energy Potion"},{"floor":30.0,"key":"LiquidMemories"},{"floor":41.0,"key":"FearPotion"},{"floor":42.0,"key":"Fruit Juice"}],"is_trial":false,"path_per_floor":["M","?","M","$","?","R","M","E","T","R","?","M","R","E","R","B",null,"M","$","?","M","M","R","E","R","T","M","M","R","M","?","R","B",null,"M","?","?","M","$","R","E","M","T","M","E","R","?","$","R","B",null],"character_chosen":"MARISA","items_purchased":["PulseMagic","HandmadeGrimoire","Eternal Feather","Membership Card","OrrerysSun","MagicChant"],"campfire_rested":0,"item_purchase_floors":[4,19,39,48,48,48],"current_hp_per_floor":[69,69,69,69,51,51,43,30,30,30,12,12,12,12,12,11,75,70,70,70,70,52,52,26,26,40,37,37,37,38,38,38,3,91,91,91,86,88,88,88,75,84,84,82,62,71,69,69,81,69],"gold":39,"neow_bonus":"ONE_RANDOM_RARE_CARD","is_daily":false,"chose_seed":false,"campfire_upgraded":9,"win_rate":0.0,"timestamp":1608806528,"path_taken":["M","?","M","$","?","R","M","E","T","R","?","M","R","E","R","BOSS","M","$","?","M","?","R","E","R","T","?","M","R","M","?","R","BOSS","M","?","?","M","$","R","E","M","T","M","E","R","?","$","R","BOSS"],"items_purchased_type":["Card","Relic","Relic","Relic","Card","Card"],"build_version":"2020-12-22","purchased_purges":3,"victory":true,"max_hp_per_floor":[75,75,75,75,75,75,75,75,75,75,75,75,75,75,75,75,75,75,75,75,75,75,75,75,75,89,89,89,89,89,89,89,91,91,91,91,86,88,88,88,88,95,95,97,99,99,101,98,98,98],"card_choices":[{"not_picked":["StarlightTyphoon","DC","MilkyWay"],"picked":"SKIP","floor":1.0},{"not_picked":["SporeBomb","WitchLeyline","NonDirectionalLaser"],"picked":"SKIP","floor":3.0},{"not_picked":["MilkyWay","DoubleSpark"],"picked":"GrandCross","floor":7.0},{"not_picked":["WitchOfGreed","WitchLeyline"],"picked":"FinalSpark","floor":8.0},{"not_picked":["WitchOfGreed","6A","GalacticHalo"],"picked":"SKIP","floor":12.0},{"not_picked":["DarkMatter","GrandCross"],"picked":"RefractionSpark","floor":14.0},{"not_picked":["ManaRampage","BinaryStars"],"picked":"JA","floor":16.0},{"not_picked":["UnstableBomb+1","6A","WitchLeyline+1"],"picked":"SKIP","floor":18.0},{"not_picked":["ManaConvection+1","DragonMeteor"],"picked":"NonDirectionalLaser+1","floor":21.0},{"not_picked":["AsteroidBelt+1","DC+1"],"picked":"DoubleSpark","floor":22.0},{"not_picked":["ShootTheMoon","BinaryStars","ChargeUpSpray"],"picked":"SKIP","floor":24.0},{"not_picked":["IllusionStar","OneTimeOff"],"picked":"AsteroidBelt+1","floor":27.0},{"not_picked":["DragonMeteor+1","MysteriousBeam","WitchLeyline"],"picked":"SKIP","floor":28.0},{"not_picked":["SuperPerseids","ChargeUpSpray","DC"],"picked":"SKIP","floor":30.0},{"not_picked":["DarkSpark+1","RefractionSpark"],"picked":"EnergyFlow","floor":31.0},{"not_picked":["MaximisePower","StarDustReverie","BigCrunch"],"picked":"Singing Bowl","floor":33.0},{"not_picked":["SporeBomb+1","GravityBeat"],"picked":"MachineGunSpark","floor":35.0},{"not_picked":["MysteriousBeam+1","GrandCross","ChargingUp+1"],"picked":"Singing Bowl","floor":38.0},{"not_picked":["OpenUniverse","EarthLightRay"],"picked":"RefractionSpark+1","floor":41.0},{"not_picked":["DragonMeteor","WitchLeyline+1","PulseMagic+1"],"picked":"Singing Bowl","floor":42.0},{"not_picked":["Orbital+1","ShootTheMoon","LuminesStrike+1"],"picked":"Singing Bowl","floor":44.0},{"not_picked":["JA","StarlightTyphoon","ManaConvection"],"picked":"Singing Bowl","floor":45},{"not_picked":["MysteriousBeam+1","WitchLeyline","6A"],"picked":"Singing Bowl","floor":47}],"player_experience":649990,"relics_obtained":[{"floor":8.0,"key":"MagicBroom"},{"floor":9.0,"key":"HornCleat"},{"floor":14.0,"key":"BreadOfAWashokuLover"},{"floor":24.0,"key":"AmplifyWand"},{"floor":26.0,"key":"Mango"},{"floor":31.0,"key":"Bird Faced Urn"},{"floor":31.0,"key":"Singing Bowl"},{"floor":41.0,"key":"Girya"},{"floor":43.0,"key":"PreservedInsect"},{"floor":45,"key":"ShroomBag"},{"floor":47,"key":"Prayer Wheel"}],"event_choices":[{"cards_removed":["Strike_MRS"],"damage_healed":0.0,"max_hp_gain":0.0,"max_hp_loss":0.0,"gold_gain":0.0,"event_name":"Living Wall","player_choice":"Forget","floor":2.0,"gold_loss":0.0,"damage_taken":0.0},{"damage_healed":0.0,"max_hp_gain":0.0,"max_hp_loss":0.0,"gold_gain":0.0,"event_name":"Scrap Ooze","player_choice":"Success","floor":5.0,"gold_loss":0.0,"damage_taken":18.0,"relics_obtained":["InkBottle"]},{"damage_healed":0.0,"max_hp_gain":0.0,"max_hp_loss":0.0,"gold_gain":0.0,"event_name":"Golden Idol","player_choice":"Take Damage","floor":11.0,"gold_loss":0.0,"damage_taken":18.0,"relics_obtained":["Golden Idol"]},{"damage_healed":0.0,"max_hp_gain":0.0,"max_hp_loss":0.0,"gold_gain":0.0,"event_name":"N\u0027loth","player_choice":"Traded Relic","floor":20.0,"relics_lost":["Anvil of the Gods"],"gold_loss":0.0,"damage_taken":0.0,"relics_obtained":["Nloth\u0027s Gift"]},{"damage_healed":0.0,"max_hp_gain":0.0,"max_hp_loss":0.0,"gold_gain":0.0,"event_name":"Colosseum","player_choice":"Fight","floor":31.0,"gold_loss":0.0,"damage_taken":0.0},{"damage_healed":0.0,"max_hp_gain":0.0,"max_hp_loss":0.0,"gold_gain":0.0,"event_name":"Colosseum","player_choice":"Fought Nobs","floor":31.0,"gold_loss":0.0,"damage_taken":0.0},{"damage_healed":0.0,"max_hp_gain":0.0,"max_hp_loss":0.0,"gold_gain":0.0,"event_name":"The Moai Head","player_choice":"Ignored","floor":36.0,"gold_loss":0.0,"damage_taken":0.0},{"damage_healed":0.0,"max_hp_gain":0.0,"max_hp_loss":5.0,"gold_gain":0.0,"event_name":"Winding Halls","player_choice":"Max HP","floor":37.0,"gold_loss":0.0,"damage_taken":0.0},{"damage_healed":0,"gold_gain":0,"player_choice":"Fight","damage_taken":0,"max_hp_gain":0,"max_hp_loss":0,"event_name":"MindBloom","floor":47,"gold_loss":0}],"is_beta":false,"boss_relics":[{"not_picked":["Runic Pyramid","RampagingMagicTools"],"picked":"SlaversCollar"},{"not_picked":["ExperimentalFamiliar","Busted Crown"],"picked":"Empty Cage"}],"items_purged_floors":[4,39,48],"is_endless":false,"potions_floor_spawned":[1,3,14,16,21,22,30,33,41,42,44],"ascension_level":1}}