{"host":"l3driqybz9dsrt8z","time":1608843613,"event":{"mods":["AchievementEnabler","Act Like it!","Aspiration","BaseMod","Conspire","Downfall","GifTheSpireLib","Hallownest","Hermit","Hubris","Hunter ??","Infinite Spire","Marisa????????","Minty Spire (QoL Compilation)","Quick Restart","Replay The Spire","StSLib","Stuff the Spire","The Bug Knight","The Servant 0.9.4","[IsaacMod]????"],"gold_per_floor":[115,128,28,59,59,59,89,89,116,116,126,160,160,176,176,274,274,291,57,57,57,12,43,58,58,82,115,130,130,152,152,152,266,266,286,286,338,338,338,338,374,401,413,425,437,487,499,530,542,576],"floor_reached":51,"playtime":2784,"items_purged":[],"score":819,"play_id":"55468e84-b90a-47b0-9d18-fa861178df15","local_time":"20201224210013","is_ascension_mode":false,"campfire_choices":[{"data":"hermit:CursedWeapon","floor":6,"key":"SMITH"},{"data":"hermit:CursedWeapon","floor":10,"key":"SMITH"},{"floor":15,"key":"REST"},{"data":"hermit:Snapshot","floor":25,"key":"SMITH"},{"floor":32,"key":"REST"},{"data":"hermit:ItchyTrigger","floor":40,"key":"SMITH"},{"data":"hermit:Glare","floor":44,"key":"SMITH"},{"floor":47,"key":"REST"},{"data":"hermit:Glare","floor":49,"key":"SMITH"}],"circlet_count":0,"master_deck":["hermit:Strike_Hermit","hermit:Strike_Hermit","hermit:Strike_Hermit","hermit:Strike_Hermit","hermit:Defend_Hermit","hermit:Defend_Hermit","hermit:Defend_Hermit","hermit:Defend_Hermit+1","hermit:Snapshot+1","hermit:Covet","hermit:CursedWeapon+1","hermit:CursedWeapon+1","Ghostly","hermit:WideOpen","hermit:RoundhouseKick","hermit:OverwhelmingPower+1","StuffTheSpire:BloodClot","hermit:HeroicBravado+1","hermit:Snipe","hermit:Deadeye","hermit:GhostlyPresence","hermit:Glare+1","hermit:Reprieve","hermit:ItchyTrigger+1","hermit:EyeOfTheStorm+1","hermit:LuckOfTheDraw+1","hermit:Glare+1"],"relics":["StuffTheSpire:OccultApparatus","HushsDoor","BookOfRevelations","NeowsBlessing","EdensBlessing","hermit:RyeStalk","Leech","hubris:DisguiseKit","Regal Pillow","Pet Ghost","ChewingGum","War Paint","Ancient Tea Set","ReplayTheSpireMod:Ninjato","StuffTheSpire:GrapeVine","Bag of Marbles","infinitespire:Midas Blood","conspire:SpecialSausage","hermit:CharredGlove","Replay:Baseball","MawBank","Garlic"],"acts_visited":["Exordium","Hallownest:CityofTears","TheBeyond"],"potions_floor_usage":[50],"damage_taken":[{"damage":0,"enemies":"Jaw Worm","floor":1,"turns":1},{"damage":4,"enemies":"conspire:RoseBush","floor":2,"turns":2},{"damage":2,"enemies":"Gremlin Nob","floor":7,"turns":1},{"damage":5,"enemies":"2 Louse","floor":11,"turns":2},{"damage":9,"enemies":"3 Sentries","floor":12,"turns":5},{"damage":9,"enemies":"Blue Slaver","floor":14,"turns":2},{"damage":28,"enemies":"Fading Forest","floor":16,"turns":11},{"damage":16,"enemies":"Hallownest:Guard_and_Sentry","floor":18,"turns":4},{"damage":6,"enemies":"Hallownest:Nosk","floor":23,"turns":4},{"damage":4,"enemies":"Hallownest:Flukemon_and_Top","floor":24,"turns":3},{"damage":36,"enemies":"Hallownest:eliteWatcherKnight","floor":27,"turns":11},{"damage":8,"enemies":"Hallownest:Master_and_Novice","floor":28,"turns":3},{"damage":5,"enemies":"Hallownest:Warrior_and_Youth","floor":30,"turns":3},{"damage":25,"enemies":"Hallownest:BossMantisLord","floor":33,"turns":5},{"damage":2,"enemies":"3 Shapes","floor":35,"turns":2},{"damage":2,"enemies":"Mind Bloom Boss Battle","floor":37,"turns":1},{"damage":18,"enemies":"Nemesis","floor":41,"turns":3},{"damage":2,"enemies":"Orb Walker","floor":42,"turns":1},{"damage":23,"enemies":"Maw","floor":46,"turns":4},{"damage":2,"enemies":"Jaw Worm Horde","floor":48,"turns":2},{"damage":48,"enemies":"conspire:OrnateMirror","floor":50,"turns":3}],"seed_played":"7411808072816773934","potions_obtained":[{"floor":7,"key":"Dexterity Potion"},{"floor":11,"key":"SteroidPotion"},{"floor":12,"key":"Strength Potion"},{"floor":23,"key":"PowerPotion"}],"is_trial":false,"path_per_floor":["M","M","?","?","T","R","E","?","T","R","M","E","?","M","R","B",null,"M","$","?","?","?","E","M","R","T","E","M","T","M","?","R","B",null,"M","?","?","$","?","R","E","M","T","R","?","M","R","M","R","B",null],"character_chosen":"HERMIT","items_purchased":["War Paint","hermit:Deadeye"],"campfire_rested":3,"item_purchase_floors":[19,19],"current_hp_per_floor":[75,71,71,53,53,53,51,51,51,51,47,42,42,34,71,59,75,61,61,46,46,52,50,49,49,49,19,13,13,10,10,49,28,81,79,79,78,78,78,78,62,60,60,60,60,41,80,79,79,33],"gold":588,"neow_bonus":"THREE_ENEMY_KILL","is_daily":false,"chose_seed":false,"campfire_upgraded":6,"win_rate":0.0,"timestamp":1608843613,"path_taken":["M","M","?","?","?","R","E","?","T","R","M","E","?","M","R","BOSS","M","$","?","?","?","E","M","R","T","E","?","?","M","?","R","BOSS","M","?","?","$","?","R","E","M","T","R","?","M","R","M","R","BOSS"],"items_purchased_type":["Relic","Card"],"build_version":"2020-12-22","purchased_purges":0,"victory":true,"max_hp_per_floor":[75,75,75,75,75,75,75,75,75,75,75,75,75,75,75,75,75,75,75,75,75,81,81,81,81,81,81,81,81,81,81,81,81,81,81,81,81,81,81,81,81,81,81,81,81,81,81,81,81,81],"card_choices":[{"not_picked":["hermit:BodyArmor","hermit:Dive"],"picked":"hermit:CursedWeapon","floor":1},{"not_picked":["hermit:Dive","hermit:Desperado"],"picked":"hermit:CursedWeapon","floor":2},{"not_picked":["hermit:Ricochet","hermit:TakeCover"],"picked":"hermit:WideOpen","floor":4},{"not_picked":["hermit:HighCaliber","hermit:Shortfuse"],"picked":"hermit:RoundhouseKick","floor":7},{"not_picked":["hermit:Feint","hermit:CalledShot","Demon Form"],"picked":"Bomb","floor":11},{"not_picked":["hermit:Desperado","Bomb","Dual Wield"],"picked":"hermit:OverwhelmingPower","floor":12},{"not_picked":["hermit:Feint","hermit:Spite","hermit:TrackingShot"],"picked":"StuffTheSpire:BloodClot","floor":14},{"not_picked":["hermit:Gambit","hermit:BlackWind","Barricade"],"picked":"hermit:HeroicBravado","floor":16},{"not_picked":["hermit:Ricochet","hermit:Showdown","Dropkick"],"picked":"hermit:Snipe","floor":18},{"not_picked":["hermit:TakeAim","hermit:Quickdraw","Warcry"],"picked":"hermit:GhostlyPresence","floor":23},{"not_picked":["hermit:Manifest","hermit:BodyArmor","hermit:Deadeye","Uppercut"],"picked":"SKIP","floor":24},{"not_picked":["hermit:EternalForm","hermit:WideOpen","Twin Strike"],"picked":"hermit:Glare","floor":27},{"not_picked":["hermit:Ricochet","hermit:Dive","hermit:DeadMansHand+1","Havoc"],"picked":"SKIP","floor":28},{"not_picked":["hermit:BodyArmor","hermit:Midnight","hermit:Dive","Clothesline"],"picked":"SKIP","floor":30},{"not_picked":["hermit:Purgatory","hermit:Adapt","Fiend Fire"],"picked":"hermit:Reprieve","floor":33},{"not_picked":["hermit:HighCaliber+1","hermit:Determination","Sword Boomerang"],"picked":"hermit:ItchyTrigger","floor":35},{"not_picked":["hermit:Coalescence","hermit:HoleUp","Havoc"],"picked":"hermit:EyeOfTheStorm+1","floor":37},{"not_picked":["hermit:LowProfile","hermit:HoleUp","Thunderclap"],"picked":"hermit:LuckOfTheDraw+1","floor":41},{"not_picked":["hermit:Desperado+1","hermit:Dive","hermit:HighCaliber+1","Disarm"],"picked":"SKIP","floor":42},{"not_picked":["hermit:Feint+1","hermit:Desperado+1","hermit:EyeOfTheStorm","Twin Strike"],"picked":"SKIP","floor":46},{"not_picked":["hermit:Gambit","hermit:CursedWeapon","Wild Strike"],"picked":"hermit:Glare","floor":48}],"player_experience":22628,"relics_obtained":[{"floor":4,"key":"EdensBlessing"},{"floor":5,"key":"hermit:RyeStalk"},{"floor":7,"key":"Leech"},{"floor":9,"key":"Regal Pillow"},{"floor":12,"key":"Pet Ghost"},{"floor":23,"key":"ReplayTheSpireMod:Ninjato"},{"floor":26,"key":"StuffTheSpire:GrapeVine"},{"floor":27,"key":"Bag of Marbles"},{"floor":29,"key":"infinitespire:Midas Blood"},{"floor":37,"key":"hermit:CharredGlove"},{"floor":39,"key":"Replay:Baseball"},{"floor":41,"key":"MawBank"},{"floor":43,"key":"Garlic"}],"event_choices":[{"damage_healed":0,"gold_gain":0,"player_choice":"Argue","damage_taken":0,"max_hp_gain":0,"max_hp_loss":0,"event_name":"conspire:LoneGhost","floor":3,"gold_loss":0},{"damage_healed":0,"gold_gain":0,"player_choice":"Leave","damage_taken":0,"max_hp_gain":0,"max_hp_loss":0,"event_name":"conspire:Investor","floor":21,"gold_loss":0},{"damage_healed":0,"gold_gain":0,"player_choice":"Fight","damage_taken":0,"max_hp_gain":0,"max_hp_loss":0,"event_name":"MindBloom","floor":37,"gold_loss":0},{"damage_healed":0,"gold_gain":0,"player_choice":"Relic","damage_taken":0,"max_hp_gain":0,"max_hp_loss":0,"event_name":"Wheel of Change","floor":39,"gold_loss":0},{"damage_healed":0,"gold_gain":0,"player_choice":"Ignored","damage_taken":0,"max_hp_gain":0,"max_hp_loss":0,"event_name":"Tomb of Lord Red Mask","floor":45,"gold_loss":0}],"is_beta":false,"boss_relics":[{"not_picked":["hermit:ClaspedLocket","Empty Cage"],"picked":"ChewingGum"},{"not_picked":[]},{"not_picked":["hubris:CrackedHourglass","Black Star"],"picked":"conspire:SpecialSausage"},{"not_picked":[]}],"items_purged_floors":[],"is_endless":false,"potions_floor_spawned":[7,11,12,14,23,30,33,37,41,46],"ascension_level":0}}