{"host":"ishme5wb80o83upk","time":1608811699,"event":{"mods":["Arknights The Spire","BaseMod","BetterRewards","Minty Spire (QoL Compilation)","StSLib"],"gold_per_floor":[115,127,127,77,77,77,100,119,197,197,217,217,20,58,58,186,186,199,215,130,15,39,39,72,72,72,96,114,114,14,14,14,135,135,154,29,45,68,88,123,146,177,200,200,3,3,24,49,49,49,49,49,49,90,90,90],"floor_reached":55,"playtime":3285,"items_purged":["ats:Strike V","ats:Strike G","ats:Strike C","Parasite"],"score":699,"play_id":"7a1670e5-f03d-4df5-8902-d654748df589","local_time":"20201224210819","is_ascension_mode":false,"campfire_choices":[{"data":"ats:Armor Crushing Shot","floor":6.0,"key":"SMITH"},{"data":"ats:Part Time Job","floor":10.0,"key":"SMITH"},{"data":"ats:Defend Order","floor":12.0,"key":"SMITH"},{"data":"ats:Consecutive Shot Auto","floor":15.0,"key":"SMITH"},{"data":"ats:Closed Bolt Burst Fire","floor":23.0,"key":"SMITH"},{"data":"ats:Emotion Absorption","floor":25.0,"key":"SMITH"},{"data":"ats:Defend Order","floor":29.0,"key":"SMITH"},{"data":"ats:Poison Spread","floor":32.0,"key":"SMITH"},{"data":"ats:Composite Medical Shells","floor":44.0,"key":"SMITH"},{"data":"ats:Roar Of Ursus","floor":46.0,"key":"SMITH"},{"floor":49.0,"key":"RECALL"},{"data":"ats:Roar Of Ursus","floor":52.0,"key":"SMITH"}],"circlet_count":0,"master_deck":["ats:Armor Crushing Shot+1","ats:Defend","ats:Defend","ats:Defend","ats:Defend","ats:Emotion Absorption+1","ats:Leaping Hammer+1","ats:Defend Order+1","ats:Part Time Job+1","ats:Blood Oath+1","ats:Consecutive Shot Auto+1","ats:Flexible Camouflage","ats:Roar Of Ursus+1","ats:Closed Bolt Burst Fire+1","ats:Poison Spread+1","ats:Composite Medical Shells+1","ats:Magnetic Hammer+1","ats:Defend Order+1","ats:Roar Of Ursus+1","ats:Dogmatic Field","ats:Shell Defense","ats:Revitalization+1","ats:Shell Defense","ats:Assault Order","ats:Roar Of Ursus"],"relics":["ats:Sanity","Golden Idol","ats:Rhine Circuitry","ats:Lavender","ats:Ability Aura","ats:Originium","Bag of Preparation","ats:Tactical Delivery","ats:MaxSp1","ats:Originium","Art of War","HornCleat","Philosopher\u0027s Stone","ats:Originium","Toy Ornithopter","Whetstone","Lantern"],"acts_visited":["Exordium","TheCity","TheBeyond","TheEnding"],"potions_floor_usage":[55,55,55],"damage_taken":[{"damage":2.0,"enemies":"2 Louse","floor":1.0,"turns":3.0},{"damage":9.0,"enemies":"Small Slimes","floor":2.0,"turns":4.0},{"damage":2.0,"enemies":"Jaw Worm","floor":7.0,"turns":4.0},{"damage":10.0,"enemies":"Blue Slaver","floor":8.0,"turns":7.0},{"damage":26.0,"enemies":"Lots of Slimes","floor":11.0,"turns":24.0},{"damage":29.0,"enemies":"3 Sentries","floor":14.0,"turns":12.0},{"damage":31.0,"enemies":"The Guardian","floor":16.0,"turns":12.0},{"damage":21.0,"enemies":"Spheric Guardian","floor":18.0,"turns":6.0},{"damage":0.0,"enemies":"Chosen","floor":19.0,"turns":4.0},{"damage":14.0,"enemies":"Snecko","floor":22.0,"turns":5.0},{"damage":53.0,"enemies":"Book of Stabbing","floor":24.0,"turns":8.0},{"damage":27.0,"enemies":"Sentry and Sphere","floor":27.0,"turns":6.0},{"damage":4.0,"enemies":"Cultist and Chosen","floor":28.0,"turns":7.0},{"damage":11.0,"enemies":"Champ","floor":33.0,"turns":12.0},{"damage":33.0,"enemies":"3 Shapes","floor":35.0,"turns":3.0},{"damage":52.0,"enemies":"Orb Walker","floor":37.0,"turns":4.0},{"damage":32.0,"enemies":"4 Shapes","floor":38.0,"turns":5.0},{"damage":67.0,"enemies":"Writhing Mass","floor":39.0,"turns":6.0},{"damage":100.0,"enemies":"Nemesis","floor":40.0,"turns":5.0},{"damage":30.0,"enemies":"Spire Growth","floor":41.0,"turns":5.0},{"damage":152.0,"enemies":"Giant Head","floor":42.0,"turns":9.0},{"damage":31.0,"enemies":"Sphere and 2 Shapes","floor":47.0,"turns":3.0},{"damage":47.0,"enemies":"Transient","floor":48.0,"turns":5.0},{"damage":240.0,"enemies":"Time Eater","floor":50.0,"turns":16.0},{"damage":87.0,"enemies":"Shield and Spear","floor":54.0,"turns":8.0},{"damage":97,"enemies":"The Heart","floor":55,"turns":3}],"seed_played":"1211253816344188548","potions_obtained":[{"floor":8.0,"key":"EntropicBrew"},{"floor":11.0,"key":"SkillPotion"},{"floor":14.0,"key":"LiquidMemories"},{"floor":16.0,"key":"Strength Potion"},{"floor":40.0,"key":"Explosive Potion"}],"is_trial":false,"path_per_floor":["M","M","?","?","?","R","M","M","T","R","M","R","$","E","R","B",null,"M","M","?","$","M","R","E","R","T","M","M","R","$","?","R","B",null,"M","$","M","M","M","E","M","E","T","R","$","R","M","M","R","B",null,"R","$","E","B"],"character_chosen":"DOCTOR_CLASS","items_purchased":["ats:Ability Aura","ats:Consecutive Shot Auto","ats:Composite Medical Shells","ats:Assault Order"],"campfire_rested":0,"item_purchase_floors":[13,13,21,45],"current_hp_per_floor":[77,68,49,49,46,46,44,40,40,40,79,79,79,79,79,74,79,71,79,79,79,71,71,41,41,41,28,45,45,45,45,45,77,79,69,69,79,79,79,40,69,64,64,64,64,64,75,74,74,76,76,76,76,76,0,0],"gold":90,"neow_bonus":"TEN_PERCENT_HP_BONUS","is_daily":false,"chose_seed":false,"campfire_upgraded":11,"win_rate":0.0,"timestamp":1608811699,"path_taken":["M","M","?","?","?","R","M","M","T","R","M","R","$","E","R","BOSS","M","M","?","$","M","R","E","R","T","M","M","R","$","?","R","BOSS","M","?","M","M","M","E","M","E","T","R","$","R","M","M","R","BOSS","R","$","E","BOSS"],"items_purchased_type":["Relic","Card","Card","Card"],"build_version":"2020-12-22","purchased_purges":4,"victory":false,"max_hp_per_floor":[79,79,79,79,79,79,79,79,79,79,79,79,79,79,79,79,79,79,79,79,79,79,79,79,79,79,79,79,79,79,79,79,79,79,79,79,79,79,79,79,79,79,79,79,76,76,76,76,76,76,76,76,76,76,76,76],"card_choices":[{"not_picked":["ats:Powerful Strike","ats:Consecutive Shot Auto"],"picked":"ats:Leaping Hammer","floor":1.0},{"not_picked":["ats:Shadow Raid","ats:Hammer On"],"picked":"ats:Defend Order","floor":2.0},{"not_picked":["ats:Automatic Cover","ats:Explosion Area Strengthen"],"picked":"ats:Part Time Job","floor":7.0},{"not_picked":["ats:Guardian Obelisk","ats:Steam Pump","ats:Apocalypse"],"picked":"SKIP","floor":8.0},{"not_picked":["ats:Revitalization","ats:Apocalypse"],"picked":"ats:Blood Oath","floor":11.0},{"not_picked":["ats:Leaping Hammer","ats:Healing Strengthening"],"picked":"ats:Flexible Camouflage","floor":14.0},{"not_picked":["ats:True Silver Slash","ats:Durian"],"picked":"ats:Roar Of Ursus","floor":16.0},{"not_picked":["ats:Revitalization","ats:Leaping Hammer"],"picked":"ats:Closed Bolt Burst Fire","floor":18.0},{"not_picked":["ats:Consecutive Shot Auto","ats:Hammer On"],"picked":"ats:Poison Spread","floor":19.0},{"not_picked":["ats:Ignite","ats:Childhood Dance+1"],"picked":"ats:Magnetic Hammer+1","floor":22.0},{"not_picked":["ats:LN2 Cannon","ats:Shadow Assault"],"picked":"ats:Defend Order","floor":24.0},{"not_picked":["ats:Apocalypse","ats:Consecutive Shot Auto","ats:Curse Doll+1"],"picked":"SKIP","floor":27.0},{"not_picked":["ats:Flexible Camouflage","ats:Song Of Battle","ats:Apocalypse"],"picked":"SKIP","floor":28.0},{"not_picked":["ats:Volcano","ats:Roar Of Ursus"],"picked":"ats:Dogmatic Field","floor":33.0},{"not_picked":["ats:Burning Ground+1","ats:Apocalypse"],"picked":"ats:Shell Defense","floor":35.0},{"not_picked":["ats:Ignite+1","ats:Revitalization+1","ats:Volcano"],"picked":"SKIP","floor":37.0},{"not_picked":["ats:Ignite+1","ats:Volcano"],"picked":"ats:Revitalization+1","floor":37.0},{"not_picked":["ats:Hammer On","ats:Poison Spread+1","ats:Song Of Battle+1"],"picked":"SKIP","floor":38.0},{"not_picked":["ats:Overload","ats:Poison Spread","ats:Revitalization"],"picked":"SKIP","floor":39.0},{"not_picked":["ats:Flexible Camouflage+1","ats:Soul Absorption","ats:Flame Of Heaven"],"picked":"SKIP","floor":40.0},{"not_picked":["ats:Leaping Hammer+1","ats:Revitalization+1","ats:Curse Doll"],"picked":"SKIP","floor":41.0},{"not_picked":["ats:Part Time Job+1","ats:Hammer On"],"picked":"ats:Shell Defense","floor":42.0},{"not_picked":["ats:Childhood Dance+1","ats:Thermite Blade+1","ats:Powerful Strike"],"picked":"SKIP","floor":47.0},{"not_picked":["ats:Thermite Blade+1","ats:Cat Scratch+1","ats:Poison Spread"],"picked":"SKIP","floor":48.0},{"not_picked":["ats:Beaten Up","ats:Powerful Strike+1"],"picked":"ats:Roar Of Ursus","floor":54.0}],"player_experience":1058172,"relics_obtained":[{"floor":9.0,"key":"ats:Lavender"},{"floor":14.0,"key":"ats:Originium"},{"floor":14.0,"key":"Bag of Preparation"},{"floor":24.0,"key":"ats:Originium"},{"floor":24.0,"key":"Art of War"},{"floor":26.0,"key":"HornCleat"},{"floor":40.0,"key":"ats:Originium"},{"floor":40.0,"key":"Toy Ornithopter"},{"floor":42.0,"key":"Whetstone"},{"floor":54.0,"key":"Lantern"}],"event_choices":[{"damage_healed":0.0,"max_hp_gain":0.0,"max_hp_loss":0.0,"gold_gain":0.0,"event_name":"Golden Idol","player_choice":"Take Damage","floor":3.0,"gold_loss":0.0,"damage_taken":19.0,"relics_obtained":["Golden Idol"]},{"cards_removed":["ats:Strike S"],"damage_healed":0.0,"max_hp_gain":0.0,"max_hp_loss":0.0,"gold_gain":0.0,"event_name":"The Cleric","player_choice":"Card Removal","floor":4.0,"gold_loss":50.0,"damage_taken":0.0},{"damage_healed":0.0,"max_hp_gain":0.0,"max_hp_loss":0.0,"gold_gain":0.0,"event_name":"Scrap Ooze","player_choice":"Success","floor":5.0,"gold_loss":0.0,"damage_taken":3.0,"relics_obtained":["ats:Rhine Circuitry"]},{"damage_healed":0.0,"max_hp_gain":0.0,"max_hp_loss":0.0,"gold_gain":0.0,"event_name":"Addict","player_choice":"Obtained Relic","floor":20.0,"gold_loss":85.0,"damage_taken":0.0,"relics_obtained":["ats:MaxSp1"]},{"damage_healed":0.0,"max_hp_gain":0.0,"max_hp_loss":0.0,"gold_gain":0.0,"event_name":"Duplicator","player_choice":"Copied","floor":31.0,"gold_loss":0.0,"damage_taken":0.0,"cards_obtained":["ats:Roar Of Ursus"]}],"is_beta":false,"boss_relics":[{"not_picked":["Velvet Choker","Cursed Key"],"picked":"ats:Tactical Delivery"},{"not_picked":["Pandora\u0027s Box","Busted Crown"],"picked":"Philosopher\u0027s Stone"}],"items_purged_floors":[21,30,36,45],"is_endless":false,"potions_floor_spawned":[8,11,14,16,18,22,27,28,35,40,41,42,47],"killed_by":"The Heart","ascension_level":0}}