{"host":"g32tw2paqnn22odm","time":1608811610,"event":{"mods":["AchievementEnabler","Act Like it!","BaseMod","Colored Map","Conspire","Hubris","Infinite Spire","Marisa£®ÏF”Í°°ƒß¿Ì…≥£©","Minty Spire (QoL Compilation)","Pale of the Ancients","Remilia£®¿Ÿ√◊¿Ú—«£©","Replay The Spire","StSLib","Td1madao Mod","The Cursed","The Jungle","The Servant 0.9.4","vexMod"],"gold_per_floor":[116,128,140,140,158,158,191,191,191,221,278,288,131,131,131,231,231,231,231,231,231,231,231,231,231,231,231,231,231,231,211,211,211,211,211,211,211,211,211],"floor_reached":38,"playtime":2707,"items_purged":["Writhe"],"score":655,"play_id":"b29806fe-4ce5-4a4a-a7d7-86bc519c851b","local_time":"20201224200650","is_ascension_mode":true,"campfire_choices":[{"data":"Whirlwind","floor":6.0,"key":"SMITH"},{"floor":15.0,"key":"DIG"},{"floor":24.0,"key":"DIG"},{"data":"Demon Form","floor":32.0,"key":"SMITH"}],"circlet_count":0,"master_deck":["Strike_R","Strike_R","Strike_R","Strike_R","Strike_R","Defend_R","Defend_R","Defend_R","Defend_R","Bash","Run Through","ReplayTheSpireMod:Muscle Training","Whirlwind+1","Clash","Flex","Bludgeon","Dropkick","Armaments+1","Offering","Headbutt+1","hubris:StunningStrike","Demon Form+1","Heavy Blade","True Grit","Reaper","Shrug It Off+1"],"relics":["Sizzling Blood","NeowsBlessing","Shovel","infinitespire:Cubic Diamond","conspire:DecoderRing","conspire:Boomerang","Kunai","vexMod:GhostlyGear","hubris:BundleOfHerbs","Ectoplasm","SlaversCollar","infinitespire:CursedDice","Shuriken","Lizard Tail","hubris:TenFootPole","Pantograph","Replay:Bottled Flurry","hubris:FunFungus","ReplayTheSpireMod:Shallot","hubris:Backtick","Chemical X"],"acts_visited":["Exordium","Exordium","TheBeyond"],"potions_floor_usage":[],"damage_taken":[{"damage":0.0,"enemies":"Cultist","floor":1.0,"turns":1.0},{"damage":0.0,"enemies":"Jaw Worm","floor":2.0,"turns":1.0},{"damage":0.0,"enemies":"2 Louse","floor":3.0,"turns":1.0},{"damage":13.0,"enemies":"Looter","floor":5.0,"turns":3.0},{"damage":16.0,"enemies":"3 Sentries","floor":7.0,"turns":3.0},{"damage":27.0,"enemies":"Lagavulin","floor":10.0,"turns":5.0},{"damage":9.0,"enemies":"Lagavulin Event","floor":11.0,"turns":3.0},{"damage":0.0,"enemies":"3 Louse","floor":12.0,"turns":2.0},{"damage":11.0,"enemies":"Fading Forest","floor":16.0,"turns":11.0},{"damage":12.0,"enemies":"theJungle:MUSHROOMGANG","floor":18.0,"turns":3.0},{"damage":6.0,"enemies":"theJungle:GiantWrat","floor":20.0,"turns":3.0},{"damage":35.0,"enemies":"conspire:MimicChest","floor":21.0,"turns":4.0},{"damage":18.0,"enemies":"theJungle:Lyon","floor":22.0,"turns":3.0},{"damage":49.0,"enemies":"theJungle:2_Phrogs","floor":23.0,"turns":5.0},{"damage":16.0,"enemies":"theJungle:Cassacara","floor":25.0,"turns":4.0},{"damage":2.0,"enemies":"theJungle:MamaSnecko","floor":27.0,"turns":4.0},{"damage":46.0,"enemies":"theJungle:Snecko_Cultist_And_Trap","floor":29.0,"turns":6.0},{"damage":13.0,"enemies":"theJungle:Cassacara","floor":30.0,"turns":3.0},{"damage":87.0,"enemies":"theJungle:TotemBoss","floor":33.0,"turns":6.0},{"damage":28,"enemies":"3 Darklings","floor":35,"turns":4},{"damage":29,"enemies":"infinitespire:Three Voidlings","floor":38,"turns":4},{"damage":61,"enemies":"Nightmare_Alpha","floor":38,"turns":5}],"seed_played":"2859823310861306483","potions_obtained":[{"floor":3.0,"key":"FearPotion"},{"floor":10.0,"key":"LifebloodPotion"},{"floor":16.0,"key":"Fruit Juice"},{"floor":21.0,"key":"Reflective Coating"},{"floor":23.0,"key":"Regen Potion"},{"floor":27.0,"key":"Elixir"},{"floor":31.0,"key":"FairyPotion"},{"floor":33.0,"key":"BlessingOfTheForge"}],"is_trial":false,"path_per_floor":["M","M","M","?","M","R","E","?","T","E","?","M","$","?","R","B",null,"M","AVR","M","?","M","E","R","E","T","E","?","M","E","?","R","B",null,"M","?","AVR","?"],"character_chosen":"IRONCLAD","items_purchased":["vexMod:GhostlyGear"],"campfire_rested":0,"item_purchase_floors":[13],"current_hp_per_floor":[78,80,80,85,78,78,68,68,68,45,40,44,44,44,44,71,85,77,77,75,44,30,36,36,36,36,38,38,48,40,40,40,26,74,68,68,68,0,0],"gold":211,"neow_bonus":"THREE_ENEMY_KILL","is_daily":false,"chose_seed":false,"campfire_upgraded":2,"win_rate":0.0,"timestamp":1608811610,"path_taken":["M","M","?","?","M","R","E","?","T","E","?","M","$","?","R","BOSS","M","AVR","M","?","M","E","R","E","T","E","?","?","E","?","R","BOSS","M","?","AVR","?"],"items_purchased_type":["Relic"],"build_version":"2020-12-22","purchased_purges":1,"victory":false,"max_hp_per_floor":[80,80,80,85,85,85,85,85,85,85,85,85,85,85,85,90,90,90,90,90,90,90,90,90,90,90,90,90,90,90,90,90,90,90,90,90,90,90,90],"card_choices":[{"not_picked":["Thunderclap","Sword Boomerang"],"picked":"Run Through","floor":1.0},{"not_picked":["ReplayTheSpireMod:LeadingStrike","Sword Boomerang"],"picked":"ReplayTheSpireMod:Muscle Training","floor":2.0},{"not_picked":["Life Link","Pommel Strike"],"picked":"Whirlwind","floor":3.0},{"not_picked":["Wild Strike","Heavy Blade"],"picked":"Clash","floor":5.0},{"not_picked":["Sword Boomerang","Warcry"],"picked":"Flex","floor":7.0},{"not_picked":["Iron Wave","Wild Strike"],"picked":"Bludgeon","floor":10.0},{"not_picked":["ReplayTheSpireMod:Strike From Hell","ReplayReversal"],"picked":"Dropkick","floor":11.0},{"not_picked":["Intimidate","Abandon"],"picked":"Armaments","floor":12.0},{"not_picked":["Exhume","Bludgeon"],"picked":"Offering","floor":16.0},{"not_picked":["ReplayTheSpireMod:Strike From Hell","Sword Boomerang","Body Slam"],"picked":"SKIP","floor":18.0},{"not_picked":["Run Through+1","Carnage+1"],"picked":"Headbutt+1","floor":20.0},{"not_picked":["Burning Pact","Warcry+1"],"picked":"hubris:StunningStrike","floor":22.0},{"not_picked":["Armaments","True Grit"],"picked":"Demon Form","floor":23.0},{"not_picked":["Clothesline","Flex","Intimidate"],"picked":"SKIP","floor":25.0},{"not_picked":["Warcry","Wild Strike"],"picked":"Heavy Blade","floor":27.0},{"not_picked":["Wild Strike","hubris:ReadiedAction"],"picked":"True Grit","floor":29.0},{"not_picked":["Pummel+1","Burning Pact","Hemokinesis+1"],"picked":"SKIP","floor":30.0},{"not_picked":["Demonic Infusion","Juggernaut"],"picked":"Reaper","floor":33.0},{"not_picked":["Headbutt+1","Burning Pact"],"picked":"Shrug It Off+1","floor":35}],"player_experience":138482,"relics_obtained":[{"floor":7.0,"key":"Shovel"},{"floor":9.0,"key":"conspire:DecoderRing"},{"floor":10.0,"key":"conspire:Boomerang"},{"floor":11.0,"key":"Kunai"},{"floor":15.0,"key":"hubris:BundleOfHerbs"},{"floor":21.0,"key":"Shuriken"},{"floor":23.0,"key":"Lizard Tail"},{"floor":24.0,"key":"hubris:TenFootPole"},{"floor":25.0,"key":"Pantograph"},{"floor":26.0,"key":"Replay:Bottled Flurry"},{"floor":27.0,"key":"hubris:FunFungus"},{"floor":30.0,"key":"ReplayTheSpireMod:Shallot"}],"event_choices":[{"damage_healed":0.0,"max_hp_gain":5.0,"max_hp_loss":0.0,"gold_gain":0.0,"event_name":"Big Fish","player_choice":"Donut","floor":4.0,"gold_loss":0.0,"damage_taken":0.0},{"damage_healed":0.0,"max_hp_gain":0.0,"max_hp_loss":0.0,"gold_gain":30.0,"event_name":"Dead Adventurer","player_choice":"Searched \u00273\u0027 times","floor":11.0,"gold_loss":0.0,"damage_taken":0.0},{"damage_healed":0.0,"max_hp_gain":0.0,"max_hp_loss":0.0,"gold_gain":0.0,"event_name":"The Woman in Blue","player_choice":"Bought 1 Potion","floor":31.0,"gold_loss":0.0,"damage_taken":0.0},{"damage_healed":0,"gold_gain":0,"player_choice":"Ignored","damage_taken":0,"max_hp_gain":0,"max_hp_loss":0,"event_name":"Tomb of Lord Red Mask","floor":36,"gold_loss":0}],"is_beta":false,"boss_relics":[{"not_picked":["Astrolabe","Busted Crown"],"picked":"Ectoplasm"},{"not_picked":["conspire:RoyalGoblet","Replay:Drink Me"],"picked":"hubris:Backtick"}],"items_purged_floors":[37],"is_endless":false,"potions_floor_spawned":[3,10,16,21,23,27,33],"killed_by":"Nightmare_Alpha","ascension_level":7}}