{"host":"95wyl20yxqdpjbr6","time":1608809572,"event":{"mods":["2.2 Compatiblity","Act Like it!","BaseMod","Better Third Choice","BetterRewards","Colored Map","Conspire","Downfall","Gensokyo","Hallownest","Hermit","Highlight Path","Hubris","Infinite Spire","Jorbs\u0027s Wanderer Trilogy","Marisa????????","Minty Spire (QoL Compilation)","Rare Cards Sparkle","Replay The Spire","StSLib","The Construct","The Cursed","The Disciple","The Hierophant","The Runesmith"],"gold_per_floor":[99,110,122,137,137,137,188,188,93,108,120,120,120,137,147,243,243,243,243,243,153,57,68,68,96,123,153,181,193,205,247,276,385,397,334,356,383,357,357,373,373,406,406,417,427,440,365,415,425,425],"floor_reached":51,"playtime":4652,"items_purged":["Shame","Hallownest:curseDreamersLament"],"score":611,"play_id":"102ece47-1fbc-4a7c-addb-5167f2e7e92a","local_time":"20201224123252","is_ascension_mode":false,"campfire_choices":[{"data":"Replay:Dark Deal","floor":1,"key":"SMITH"},{"data":"Guardian:VentSteam","floor":8,"key":"SMITH"},{"floor":13,"key":"REST"},{"data":"Guardian:TwinSlam","floor":18,"key":"SMITH"},{"data":"Guardian:SpikerProtocol","floor":30,"key":"SMITH"},{"data":"ReplayTheSpireMod:??????????????????????","floor":35,"key":"SMITH"},{"floor":47,"key":"RECALL"}],"circlet_count":0,"master_deck":["Guardian:Strike_Guardian","Guardian:Strike_Guardian+1","Guardian:Strike_Guardian","Guardian:Defend_Guardian+1","Guardian:Defend_Guardian+1","Guardian:Defend_Guardian","Guardian:Defend_Guardian","Guardian:CurlUp+1","Guardian:TwinSlam+1","Replay:Dark Deal+1","Guardian:VentSteam+1","Guardian:Recover","Guardian:SpikerProtocol+1","Guardian:PiercingHide","Guardian:Preprogram","Gensokyo:AllTheWorldsEvil","Guardian:TemporalStrike+1","ReplayTheSpireMod:??????????????????????+1","Guardian:GuardianWhirl+1","Guardian:StasisField+1","Guardian:Suspension+1","Guardian:Gem_Lightblue","Guardian:FuturePlans+1","infinitespire:TheBestDefense","Guardian:TemporalStrike+1","Guardian:ChargeUp","Guardian:Gem_Fragmented","Guardian:SpikerProtocol"],"relics":["Guardian:ModeShifter","hubris:TenFootPole","construct:WeddingRing","WarpedTongs","Hallownest:StagBellRelic1","ReplayTheSpireMod:CursedCoin","ReplayTheSpireMod:TigerMarble","Golden Egg","Meat on the Bone","MawBank","Hallownest:WatcherSealRelic","Garlic","Sozu","downfall:HeartBlessingGreen","Art of War","Lantern","Replay:WaspNest","downfall:HeartBlessingBlue","Replay:Kaleidoscope"],"acts_visited":["Exordium","Hallownest:CityofTears","TheBeyond"],"potions_floor_usage":[9,28],"damage_taken":[{"damage":0,"enemies":"conspire:RoseBush","floor":2,"turns":3},{"damage":6,"enemies":"2 Louse","floor":3,"turns":4},{"damage":11,"enemies":"Jaw Worm","floor":4,"turns":2},{"damage":2,"enemies":"downfall:FleeingMerchant","floor":9,"turns":4},{"damage":13,"enemies":"Lots of Slimes","floor":10,"turns":4},{"damage":0,"enemies":"2 Fungi Beasts","floor":11,"turns":2},{"damage":7,"enemies":"conspire:2 RoseBushes","floor":14,"turns":4},{"damage":0,"enemies":"Large Slime","floor":15,"turns":4},{"damage":14,"enemies":"downfall:Silent","floor":16,"turns":8},{"damage":0,"enemies":"downfall:FleeingMerchant","floor":22,"turns":4},{"damage":10,"enemies":"Hallownest:2_Mistakes","floor":23,"turns":4},{"damage":0,"enemies":"Hallownest:eliteWatcherKnight","floor":25,"turns":13},{"damage":1,"enemies":"Hallownest:3_Youths","floor":27,"turns":5},{"damage":0,"enemies":"Hallownest:Warrior_and_Youth","floor":28,"turns":5},{"damage":4,"enemies":"Nightmare","floor":31,"turns":8},{"damage":0,"enemies":"Hallownest:2_Husk_Sentries","floor":32,"turns":1},{"damage":0,"enemies":"downfall:Defect","floor":33,"turns":1},{"damage":0,"enemies":"Orb Walker","floor":36,"turns":3},{"damage":0,"enemies":"3 Shapes","floor":37,"turns":2},{"damage":0,"enemies":"downfall:FleeingMerchant","floor":38,"turns":1},{"damage":5,"enemies":"Maw","floor":40,"turns":7},{"damage":0,"enemies":"Nemesis","floor":42,"turns":4},{"damage":0,"enemies":"Sphere and 2 Shapes","floor":44,"turns":4},{"damage":0,"enemies":"Jaw Worm Horde","floor":45,"turns":3},{"damage":3,"enemies":"Writhing Mass","floor":46,"turns":5},{"damage":10,"enemies":"Mind Bloom Boss Battle","floor":48,"turns":6},{"damage":7,"enemies":"Sphere and 2 Shapes","floor":49,"turns":1},{"damage":9,"enemies":"downfall:Watcher","floor":50,"turns":5}],"seed_played":"-7596579397520325832","potions_obtained":[{"floor":2,"key":"infinitespire:BlackPotion"},{"floor":4,"key":"SteroidPotion"},{"floor":11,"key":"Swift Potion"},{"floor":16,"key":"BlessingOfTheForge"},{"floor":28,"key":"Toxic Potion"}],"is_trial":false,"path_per_floor":["R","M","M","M","?","?","T","R","$","M","M","?","R","M","M","B",null,"R","?","?","?","$","M","T","E","T","M","M","?","R","NM","M","B",null,"R","M","M","$","?","M","T","E","T","M","M","M","R","?","M","B",null],"character_chosen":"GUARDIAN","items_purchased":["Guardian:Gem_White","ReplayTheSpireMod:CursedCoin","ReplayTheSpireMod:TigerMarble","Guardian:Gem_Cyan","Guardian:FuturePlans","Art of War"],"campfire_rested":1,"item_purchase_floors":[9,22,22,38,38,38],"current_hp_per_floor":[56,56,60,49,49,49,49,49,47,34,34,34,58,51,51,37,80,80,80,80,80,80,70,70,70,70,69,69,69,69,65,65,65,80,80,80,80,80,70,65,65,65,65,65,73,70,80,70,63,54],"gold":425,"neow_bonus":"RANDOM_COLORLESS_2","is_daily":false,"chose_seed":false,"campfire_upgraded":5,"win_rate":0.0,"timestamp":1608809572,"path_taken":["R","M","M","M","?","?","T","R","?","?","M","?","R","M","M","BOSS","R","?","?","?","$","?","T","E","?","?","M","?","R","NM","M","BOSS","R","M","M","$","?","M","T","E","?","M","M","?","R","?","M","BOSS"],"items_purchased_type":["Card","Relic","Relic","Card","Card","Relic"],"build_version":"2020-12-22","purchased_purges":2,"victory":true,"max_hp_per_floor":[80,80,80,80,80,80,80,80,80,80,80,80,80,80,80,80,80,80,80,80,80,80,80,80,80,80,80,80,80,80,80,80,80,80,80,80,80,80,80,80,80,80,80,80,80,80,90,90,90,90],"card_choices":[{"not_picked":["expansioncontent:Corrupt","Secret Technique"],"picked":"Replay:Dark Deal","floor":0},{"not_picked":["Guardian:RollAttack","Guardian:CrystalBeam"],"picked":"Guardian:VentSteam","floor":2},{"not_picked":["Guardian:Planning","Guardian:PrimingBeam"],"picked":"Guardian:Gem_Lightblue","floor":3},{"not_picked":["Guardian:Repulse","Guardian:TemporalStrike"],"picked":"Guardian:Gem_Green","floor":4},{"not_picked":["Guardian:Emergency","Guardian:FierceBash"],"picked":"Guardian:Gem_Cyan","floor":9},{"not_picked":["Guardian:Planning","Guardian:RefractedBeam"],"picked":"Guardian:Gem_White","floor":10},{"not_picked":["Guardian:ChargeCore","Guardian:Gem_Green"],"picked":"Guardian:Recover","floor":11},{"not_picked":["Guardian:WalkerClaw","Guardian:Gem_Red"],"picked":"Guardian:SpikerProtocol","floor":14},{"not_picked":["Guardian:Suspension","Guardian:ChargeCore"],"picked":"Guardian:PiercingHide","floor":15},{"not_picked":["Guardian:HyperBeam_Guardian","Guardian:FastForward"],"picked":"Guardian:Gem_Synthetic","floor":16},{"not_picked":["Guardian:Gem_Lightblue","Guardian:ShieldSpikes"],"picked":"Guardian:Preprogram","floor":22},{"not_picked":["Guardian:Reroute","Guardian:Incinerate+1"],"picked":"Guardian:Gem_Lightblue","floor":23},{"not_picked":["Guardian:TemporalStrike","Guardian:PrimingBeam","Guardian:ChargeCore"],"picked":"SKIP","floor":25},{"not_picked":["Guardian:Preprogram+1","Guardian:CrystalBeam+1"],"picked":"Guardian:Gem_Red","floor":27},{"not_picked":["Guardian:TimeBomb","Guardian:TemporalShield"],"picked":"Guardian:TemporalStrike+1","floor":28},{"not_picked":["infinitespire:SevenWalls","ReplayTheSpireMod:Black Plague"],"picked":"ReplayTheSpireMod:??????????????????????","floor":31},{"not_picked":["Guardian:ShieldCharger","Guardian:PrimingBeam"],"picked":"Guardian:GuardianWhirl+1","floor":31},{"not_picked":["Guardian:ArmoredProtocol","Guardian:ShieldCharger","Guardian:TemporalStrike+1"],"picked":"SKIP","floor":32},{"not_picked":["Guardian:CompilePackage","Guardian:ExploitGems"],"picked":"Guardian:StasisField","floor":33},{"not_picked":["Guardian:RollAttack","Guardian:Planning"],"picked":"Guardian:Suspension+1","floor":36},{"not_picked":["Guardian:Planning","Guardian:TemporalShield+1"],"picked":"Guardian:Gem_Lightblue","floor":37},{"not_picked":["Guardian:Gem_Green","Guardian:PrismaticBarrier"],"picked":"Guardian:Gem_Purple","floor":38},{"not_picked":["infinitespire:FinalStrike","hubris:InfiniteBlow+8"],"picked":"infinitespire:TheBestDefense","floor":39},{"not_picked":["Guardian:MultiBeam+1","Guardian:PrismaticBarrier+1"],"picked":"Guardian:Gem_Crimson","floor":40},{"not_picked":["Guardian:PrimingBeam+1","Guardian:Planning+1","Guardian:Suspension"],"picked":"SKIP","floor":42},{"not_picked":["Guardian:ChargeCore","Guardian:WalkerClaw"],"picked":"Guardian:TemporalStrike+1","floor":44},{"not_picked":["Guardian:RollAttack+1","Guardian:Planning"],"picked":"Guardian:ChargeUp","floor":45},{"not_picked":["Guardian:BronzeOrb+1","Guardian:ChargeCore","Guardian:PiercingHide"],"picked":"SKIP","floor":46},{"not_picked":["Guardian:TemporalShield+1","Guardian:Preprogram+1"],"picked":"Guardian:Gem_Fragmented","floor":48},{"not_picked":["Guardian:ChargeCore","Guardian:TimeBomb"],"picked":"Guardian:SpikerProtocol","floor":49}],"player_experience":501621,"relics_obtained":[{"floor":7,"key":"hubris:TenFootPole"},{"floor":24,"key":"Golden Egg"},{"floor":25,"key":"Meat on the Bone"},{"floor":26,"key":"MawBank"},{"floor":31,"key":"Garlic"},{"floor":42,"key":"Lantern"},{"floor":43,"key":"Replay:WaspNest"},{"floor":48,"key":"Replay:Kaleidoscope"}],"event_choices":[{"cards_removed":["Regret"],"damage_healed":0,"gold_gain":0,"player_choice":"Forget","damage_taken":0,"max_hp_gain":0,"max_hp_loss":0,"event_name":"Living Wall","floor":6,"gold_loss":0}],"is_beta":false,"boss_relics":[{"not_picked":["hubris:GrandSneckoEye","Busted Crown"],"picked":"construct:WeddingRing"},{"not_picked":["Guardian:ModeShifterPlus","Abe\u0027s Treasure"],"picked":"Sozu"}],"items_purged_floors":[22,38],"is_endless":false,"potions_floor_spawned":[2,4,11,16,23,28,32,33,36,37,45,49],"ascension_level":0}}