{"host":"j204k34h42bd6fas","time":1608779868,"event":{"mods":["Aspiration","BaseMod","Colored Map","Colored Powertips","Conspire","Energized Spire","Hubris","Infinite Spire","JesterMod","Mimic Mod","Minty Spire (QoL Compilation)","Rare Cards Sparkle","Relic Stats","Replay The Spire","Say the Spire","StSLib","The Cursed","The Marked"],"gold_per_floor":[117,117,117,117,136,166,180,193,226,14,14,39,57,57,57,158,158,173,173,188,188,188],"floor_reached":21,"playtime":1056,"items_purged":["Pain"],"score":355,"play_id":"1f313613-3d15-44b5-9c88-f83db131c0e1","local_time":"20201223221748","is_ascension_mode":true,"campfire_choices":[{"data":"Rebound","floor":11,"key":"SMITH"},{"floor":15,"key":"REST"}],"circlet_count":0,"master_deck":["conspire:GhostlyStrike","conspire:GhostlyStrike","conspire:GhostlyStrike","conspire:GhostlyStrike","conspire:GhostlyDefend","conspire:GhostlyDefend+1","conspire:GhostlyDefend","Zap","Dualcast","Sweeping Beam","Pot Of Greed","Pot Of Greed+1","Gash","Gash","Skim","Sunder","Rebound+1","conspire:Banana","Beam Cell","ReplaySort","conspire:Rain","All For One","ReplayGash","Beam Cell","Pot Of Greed"],"relics":["Cracked Core","NeowsBlessing","Grinning Jar","WarpedTongs","Torii","Question Card","conspire:RunicOctahedron"],"acts_visited":["Exordium","TheCity"],"potions_floor_usage":[16,16],"damage_taken":[{"damage":0,"enemies":"Jaw Worm","floor":1,"turns":1},{"damage":0,"enemies":"2 Louse","floor":5,"turns":1},{"damage":0,"enemies":"Gremlin Nob","floor":6,"turns":1},{"damage":0,"enemies":"Small Slimes","floor":7,"turns":1},{"damage":7,"enemies":"Exordium Thugs","floor":8,"turns":3},{"damage":7,"enemies":"Lots of Slimes","floor":9,"turns":4},{"damage":11,"enemies":"3 Sentries","floor":12,"turns":4},{"damage":8,"enemies":"Lots of Slimes","floor":13,"turns":3},{"damage":0,"enemies":"Slime Boss","floor":16,"turns":5},{"damage":33,"enemies":"2 Thieves","floor":18,"turns":3},{"damage":21,"enemies":"Shell Parasite","floor":20,"turns":4},{"damage":23,"enemies":"Sentry and Sphere","floor":21,"turns":3}],"seed_played":"3078885886417688166","potions_obtained":[{"floor":5,"key":"SteroidPotion"},{"floor":7,"key":"Adrenaline Potion"},{"floor":12,"key":"FearPotion"},{"floor":16,"key":"Block Potion"},{"floor":20,"key":"DistilledChaos"}],"is_trial":false,"path_per_floor":["M","?","?","?","M","E","M","M","MIM","$","R","E","M","?","R","B",null,"M","?","M","M"],"character_chosen":"DEFECT","items_purchased":["conspire:Banana","Beam Cell"],"campfire_rested":1,"item_purchase_floors":[10,10],"current_hp_per_floor":[75,68,68,68,68,68,68,61,54,54,54,44,38,22,45,46,71,39,39,19,0,0],"gold":188,"neow_bonus":"THREE_ENEMY_KILL","is_daily":false,"chose_seed":false,"campfire_upgraded":1,"win_rate":0.0,"timestamp":1608779868,"path_taken":["M","?","?","?","M","E","M","?","MIM","?","R","E","M","?","R","BOSS","M","?","M","M"],"items_purchased_type":["Card","Card"],"build_version":"2020-12-22","purchased_purges":1,"victory":false,"max_hp_per_floor":[75,75,75,75,75,75,75,75,75,75,75,76,78,78,78,79,79,80,80,81,82,82],"relic_stats":{"Torii":18,"counters":[12,33],"Question Card":5,"obtain_stats":[{"NeowsBlessing":0,"Torii":6,"conspire:RunicOctahedron":17,"Grinning Jar":2,"Cracked Core":0,"Question Card":12,"WarpedTongs":4},{"NeowsBlessing":0,"Torii":3,"conspire:RunicOctahedron":9,"Grinning Jar":1,"Cracked Core":0,"Question Card":7,"WarpedTongs":1},{"NeowsBlessing":0,"Torii":3,"conspire:RunicOctahedron":23,"Grinning Jar":1,"Cracked Core":0,"Question Card":15,"WarpedTongs":1}],"WarpedTongs":[32]},"card_choices":[{"not_picked":["Ball Lightning","Redo"],"picked":"Sweeping Beam","floor":1},{"not_picked":["Coolheaded","BasicCrystalCard"],"picked":"Gash","floor":5},{"not_picked":["Coolheaded","Rebound"],"picked":"Gash","floor":6},{"not_picked":["Sweeping Beam","Ball Lightning"],"picked":"Skim","floor":7},{"not_picked":["hubris:PowerSurge","All For One"],"picked":"Sunder","floor":8},{"not_picked":["Panic Button","Compile Driver"],"picked":"Rebound","floor":9},{"not_picked":["ReplayTheSpireMod:GoodbyeWorld","ReplayTheSpireMod:Repulse"],"picked":"ReplaySort","floor":12},{"not_picked":["Panic Button","Streamline","Recycle"],"picked":"conspire:Rain","floor":13},{"not_picked":["Hyperbeam","Thunder Strike","Seek"],"picked":"All For One","floor":16},{"not_picked":["Chaos","Leap+1","Consume"],"picked":"ReplayGash","floor":18},{"not_picked":["Leap","BasicCrystalCard","ReplayTheSpireMod:System Scan+1"],"picked":"Beam Cell","floor":20}],"player_experience":290759,"relics_obtained":[{"floor":6,"key":"Torii"},{"floor":12,"key":"Question Card"}],"event_choices":[{"damage_healed":0,"gold_gain":0,"player_choice":"Success","damage_taken":7,"relics_obtained":["Grinning Jar"],"max_hp_gain":0,"max_hp_loss":0,"event_name":"Scrap Ooze","floor":2,"gold_loss":0},{"damage_healed":0,"gold_gain":0,"player_choice":"Agree","damage_taken":0,"max_hp_gain":0,"max_hp_loss":0,"event_name":"conspire:LoneGhost","floor":3,"gold_loss":0},{"damage_healed":0,"gold_gain":0,"player_choice":"Rummage","damage_taken":0,"relics_obtained":["WarpedTongs"],"max_hp_gain":0,"max_hp_loss":0,"event_name":"Accursed Blacksmith","floor":4,"gold_loss":0,"cards_obtained":["Pain"]},{"damage_healed":0,"gold_gain":0,"player_choice":"Entered Light","damage_taken":16,"max_hp_gain":0,"max_hp_loss":0,"event_name":"Shining Light","floor":14,"gold_loss":0,"cards_upgraded":["conspire:GhostlyDefend","Pot Of Greed"]},{"cards_removed":["conspire:GhostlyDefend"],"damage_healed":0,"gold_gain":0,"player_choice":"Purged","damage_taken":0,"max_hp_gain":0,"max_hp_loss":0,"event_name":"Purifier","floor":19,"gold_loss":0}],"is_beta":false,"boss_relics":[{"not_picked":["aspiration:SecretTechniqueScroll","Coffee Dripper"],"picked":"conspire:RunicOctahedron"}],"items_purged_floors":[10],"is_endless":false,"potions_floor_spawned":[5,7,12,16,20],"killed_by":"Sentry and Sphere","ascension_level":5}}