{"host":"5bdt6s51dmpd4l3v","time":1608782767,"event":{"mods":["AchievementEnabler","BaseMod","Colored Map","Colored Powertips","Highlight Path","Minty Spire (QoL Compilation)","Quick Restart","Rare Cards Sparkle","StSLib"],"gold_per_floor":[118,138,56,56,68,68,87,87,113,128,140,140,190,220,220,293,293,311,17,35,35,47,47,47,47],"floor_reached":24,"playtime":599,"items_purged":["Clash"],"score":347,"play_id":"5388c7f4-d03a-4291-8715-8e1b10f91513","local_time":"20201224120607","is_ascension_mode":true,"campfire_choices":[{"data":"Spot Weakness","floor":6,"key":"SMITH"},{"data":"Rupture","floor":8,"key":"SMITH"},{"data":"Hemokinesis","floor":12,"key":"SMITH"},{"data":"Armaments","floor":15,"key":"SMITH"},{"floor":23,"key":"REST"}],"circlet_count":0,"master_deck":["AscendersBane","Strike_R","Strike_R","Strike_R","Strike_R","Strike_R","Defend_R","Defend_R","Defend_R+1","Defend_R","Bash","Spot Weakness+1","Rupture+1","Hemokinesis+1","Armaments+1","Limit Break+1","CurseOfTheBell","Thunderclap","Flex+1","Combust"],"relics":["Burning Blood","NeowsBlessing","Tiny Chest","Bag of Preparation","Calling Bell","War Paint","Mercury Hourglass","Ginger","Membership Card","Blood Vial","MutagenicStrength"],"acts_visited":["Exordium","TheCity"],"potions_floor_usage":[14,16,16,20,22],"damage_taken":[{"damage":0,"enemies":"2 Louse","floor":1,"turns":1},{"damage":0,"enemies":"Small Slimes","floor":2,"turns":1},{"damage":0,"enemies":"Cultist","floor":5,"turns":1},{"damage":16,"enemies":"2 Fungi Beasts","floor":7,"turns":3},{"damage":17,"enemies":"Looter","floor":10,"turns":4},{"damage":2,"enemies":"Large Slime","floor":11,"turns":4},{"damage":24,"enemies":"Gremlin Nob","floor":14,"turns":4},{"damage":32,"enemies":"Slime Boss","floor":16,"turns":9},{"damage":23,"enemies":"Spheric Guardian","floor":18,"turns":5},{"damage":22,"enemies":"2 Thieves","floor":20,"turns":3},{"damage":30,"enemies":"3 Cultists","floor":22,"turns":5},{"damage":41,"enemies":"Shelled Parasite and Fungi","floor":24,"turns":3}],"seed_played":"3865726653029735560","potions_obtained":[{"floor":2,"key":"BlessingOfTheForge"},{"floor":11,"key":"ElixirPotion"},{"floor":14,"key":"SteroidPotion"},{"floor":20,"key":"SneckoOil"}],"is_trial":false,"path_per_floor":["M","M","$","?","M","R","M","R","T","M","M","R","?","E","R","B",null,"M","$","M","?","M","R","M"],"character_chosen":"IRONCLAD","items_purchased":["Rupture","Membership Card","Blood Vial","SteroidPotion"],"campfire_rested":1,"item_purchase_floors":[3,19,19,19],"current_hp_per_floor":[74,75,75,80,80,80,70,70,70,59,63,63,55,37,37,11,63,46,46,32,32,10,34,0,0],"gold":47,"neow_bonus":"THREE_ENEMY_KILL","is_daily":false,"chose_seed":false,"campfire_upgraded":4,"win_rate":0.0,"timestamp":1608782767,"path_taken":["M","M","$","?","M","R","M","R","T","M","M","R","?","E","R","BOSS","M","$","M","?","M","R","M"],"items_purchased_type":["Card","Relic","Relic","Potion"],"build_version":"2020-12-22","purchased_purges":1,"victory":false,"max_hp_per_floor":[75,75,75,80,80,80,80,80,80,80,80,80,80,80,80,80,80,80,80,80,80,80,80,80,80],"card_choices":[{"not_picked":["Iron Wave","Blood for Blood"],"picked":"Spot Weakness","floor":1},{"not_picked":["Body Slam","Uppercut","Havoc"],"picked":"SKIP","floor":2},{"not_picked":["Anger","True Grit"],"picked":"Clash","floor":5},{"not_picked":["Clothesline","Entrench","Intimidate"],"picked":"SKIP","floor":7},{"not_picked":["Iron Wave","Flex"],"picked":"Hemokinesis","floor":10},{"not_picked":["Body Slam","Uppercut","Anger"],"picked":"SKIP","floor":11},{"not_picked":["Corruption","Entrench"],"picked":"Armaments","floor":14},{"not_picked":["Fiend Fire","Demon Form"],"picked":"Limit Break","floor":16},{"not_picked":["Clash","Feel No Pain"],"picked":"Thunderclap","floor":18},{"not_picked":["Anger","Havoc"],"picked":"Flex+1","floor":20},{"not_picked":["Shrug It Off","Dual Wield"],"picked":"Combust","floor":22}],"player_experience":210866,"relics_obtained":[{"floor":9,"key":"Tiny Chest"},{"floor":14,"key":"Bag of Preparation"},{"floor":17,"key":"War Paint"},{"floor":17,"key":"Mercury Hourglass"},{"floor":17,"key":"Ginger"}],"event_choices":[{"damage_healed":0,"gold_gain":0,"player_choice":"Donut","damage_taken":0,"max_hp_gain":5,"max_hp_loss":0,"event_name":"Big Fish","floor":4,"gold_loss":0},{"damage_healed":0,"gold_gain":50,"player_choice":"Touch","damage_taken":8,"max_hp_gain":0,"max_hp_loss":0,"event_name":"FaceTrader","floor":13,"gold_loss":0},{"damage_healed":0,"gold_gain":0,"player_choice":"Inject Mutagens","damage_taken":0,"relics_obtained":["MutagenicStrength"],"max_hp_gain":0,"max_hp_loss":0,"event_name":"Drug Dealer","floor":21,"gold_loss":0}],"is_beta":false,"boss_relics":[{"not_picked":["Black Blood","Runic Cube"],"picked":"Calling Bell"}],"items_purged_floors":[19],"is_endless":false,"potions_floor_spawned":[2,11,14,20],"killed_by":"Shelled Parasite and Fungi","ascension_level":15}}