{"host":"52spii0kb8jjtblu","time":1608776577,"event":{"mods":["Act Like it!","BaseMod","Conspire","Dota2Spire","Elementarium","Gensokyo","Hubris","JesterMod","Jorbs\u0027s Wanderer Trilogy","Luminous","Marisa????????","Menagerie","Minty Spire (QoL Compilation)","Quick Restart","Replay The Spire","Spicy Shops","StSLib","The Animator","The Cursed","TheHeartMod"],"gold_per_floor":[112,123,79,79,109,109,109,109,109,130,158,158,240,294,294,415,415,438,0,26,72,72,72,182,203,203,212,253,274,294,45,45,45,45],"floor_reached":33,"playtime":2225,"items_purged":[],"score":325,"play_id":"adea5c9c-023d-443c-9d3c-3e9f057ab8e0","local_time":"20201223212257","is_ascension_mode":false,"campfire_choices":[{"floor":6.0,"key":"RECALL"},{"data":"EnergyRecoil","floor":8.0,"key":"SMITH"},{"floor":15.0,"key":"REST"},{"data":"FinalSpark","floor":23.0,"key":"SMITH"},{"floor":32.0,"key":"REST"}],"circlet_count":0,"master_deck":["Strike_MRS","Strike_MRS+1","Strike_MRS","Strike_MRS","Defend_MRS","Defend_MRS","Defend_MRS+1","Defend_MRS","MasterSpark+1","UpSweep","IllusionStar","EnergyRecoil+1","GravityBeat","WitchOfGreed+1","NonDirectionalLaser+1","FinalSpark+1","GalacticHalo+1","LuminesStrike","GravityBeat+1","NonDirectionalLaser","BlazeAway+1","Acceleration+1","BlazeAway+1","ChargeUpSpray","MilkyWay+1","GalacticHalo+1","Gensokyo:ScrapIron","Gensokyo:DepletedGenerator","Gensokyo:TarnishedGold"],"relics":["MiniHakkero","Dota2Spire:BladeMail","Gensokyo:NagashiBinaDoll","hubris:Teleporter","hubris:Icosahedron","CeramicFish","Gensokyo:OccultBall","Toxic Egg 2","BreadOfAWashokuLover","ExperimentalFamiliar","hubris:Towel","Centennial Puzzle","The Courier","Pet Ghost","SimpleLauncher"],"acts_visited":["Gensokyo:Gensokyo","Gensokyo:Gensokyoer"],"potions_floor_usage":[],"damage_taken":[{"damage":0.0,"enemies":"Gensokyo:2_Kodama","floor":1.0,"turns":3.0},{"damage":0.0,"enemies":"Gensokyo:3_Fairies","floor":2.0,"turns":4.0},{"damage":12.0,"enemies":"Gensokyo:Mamizou","floor":5.0,"turns":4.0},{"damage":4.0,"enemies":"Gensokyo:Gryphon","floor":10.0,"turns":4.0},{"damage":6.0,"enemies":"Gensokyo:Kitsune","floor":11.0,"turns":3.0},{"damage":12.0,"enemies":"Gensokyo:Aya","floor":14.0,"turns":3.0},{"damage":14.0,"enemies":"Gensokyo:Reimu","floor":16.0,"turns":10.0},{"damage":2.0,"enemies":"Gensokyo:2_Gloops","floor":18.0,"turns":3.0},{"damage":0.0,"enemies":"Gensokyo:Chomper","floor":20.0,"turns":3.0},{"damage":4.0,"enemies":"Gensokyo:Swordslinger","floor":21.0,"turns":3.0},{"damage":0.0,"enemies":"Gensokyo:Wraith","floor":25.0,"turns":3.0},{"damage":0.0,"enemies":"Gensokyo:Tenshi","floor":28.0,"turns":1.0},{"damage":20.0,"enemies":"Gensokyo:Slime_Group","floor":29.0,"turns":3.0},{"damage":4.0,"enemies":"Gensokyo:Mirror_and_Dog","floor":30.0,"turns":3.0},{"damage":54,"enemies":"Gensokyo:Kaguya","floor":33,"turns":7}],"seed_played":"-1150074083525368514","potions_obtained":[{"floor":1.0,"key":"Death Potion"},{"floor":2.0,"key":"FearPotion"},{"floor":10.0,"key":"SkillPotion"},{"floor":14.0,"key":"LiquidMemories"},{"floor":16.0,"key":"LiquidBronze"},{"floor":18.0,"key":"EntropicBrew"},{"floor":20.0,"key":"EssenceOfSteel"},{"floor":25.0,"key":"Adrenaline Potion"}],"is_trial":false,"path_per_floor":["M","M","COS","?","?","R","?","R","T","M","M","?","T","E","R","B",null,"M","?","M","M","?","R","?","M","T","?","E","M","M","COS","R","B"],"character_chosen":"MARISA","items_purchased":[],"campfire_rested":2,"item_purchase_floors":[],"current_hp_per_floor":[75,75,75,75,63,63,63,63,63,59,53,53,53,41,63,54,75,73,73,73,69,69,69,39,39,39,39,39,19,15,15,37,0,0],"gold":45,"neow_bonus":"RANDOM_COMMON_RELIC","is_daily":false,"chose_seed":false,"campfire_upgraded":2,"win_rate":0.0,"timestamp":1608776577,"path_taken":["M","M","COS","?","?","R","?","R","T","?","?","?","?","E","R","BOSS","M","?","M","M","?","R","?","?","T","?","E","M","M","COS","R","BOSS"],"items_purchased_type":[],"build_version":"2020-12-22","purchased_purges":0,"victory":false,"max_hp_per_floor":[75,75,75,75,75,75,75,75,75,75,75,75,75,75,75,75,75,75,75,75,75,75,75,75,75,75,75,75,75,75,75,75,75,75],"card_choices":[{"not_picked":["ShootingEcho","WitchLeyline"],"picked":"IllusionStar","floor":1.0},{"not_picked":["AsteroidBelt","Robbery"],"picked":"EnergyRecoil","floor":2.0},{"not_picked":["GrandCross","ShootingEcho"],"picked":"GravityBeat","floor":5.0},{"not_picked":["AsteroidBelt","Orbital"],"picked":"TreasureHunter","floor":10.0},{"not_picked":["IllusionStar","Occultation"],"picked":"WitchOfGreed","floor":11.0},{"not_picked":["AsteroidBelt+1","Occultation+1"],"picked":"NonDirectionalLaser","floor":14.0},{"not_picked":["SatelliteIllusion","SuperNova"],"picked":"FinalSpark","floor":16.0},{"not_picked":["UnstableBomb","DarkMatter+1"],"picked":"GalacticHalo+1","floor":18.0},{"not_picked":["GalacticHalo+1","Singularity"],"picked":"LuminesStrike","floor":20.0},{"not_picked":["IllusionStar+1","WitchOfGreed"],"picked":"GravityBeat+1","floor":21.0},{"not_picked":["WitchOfGreed","WitchLeyline"],"picked":"NonDirectionalLaser","floor":24.0},{"not_picked":["Acceleration+1","BigCrunch+1"],"picked":"BlazeAway+1","floor":24.0},{"not_picked":["ShootingEcho","IllusionStar+1"],"picked":"Acceleration+1","floor":25.0},{"not_picked":["Orbital+1","MagicChant+1"],"picked":"ChargeUpSpray","floor":28.0},{"not_picked":["LuminesStrike","NonDirectionalLaser"],"picked":"MilkyWay+1","floor":29.0},{"not_picked":["ShootingEcho","WitchOfGreed+1"],"picked":"GalacticHalo+1","floor":30.0}],"player_experience":262579,"relics_obtained":[{"floor":5.0,"key":"hubris:Teleporter"},{"floor":13.0,"key":"Toxic Egg 2"},{"floor":14.0,"key":"BreadOfAWashokuLover"},{"floor":16.0,"key":"Gensokyo:OccultBall"},{"floor":24.0,"key":"Centennial Puzzle"},{"floor":26.0,"key":"The Courier"},{"floor":28.0,"key":"Gensokyo:OccultBall"},{"floor":28.0,"key":"Pet Ghost"}],"event_choices":[],"is_beta":false,"boss_relics":[{"not_picked":["ChewingGum","Replay:Grab Bag"],"picked":"ExperimentalFamiliar"}],"items_purged_floors":[],"is_endless":false,"potions_floor_spawned":[1,2,10,18,20,25],"killed_by":"Gensokyo:Kaguya","ascension_level":0}}