{"host":"x92orqe4der2wm1o","time":1608796099,"event":{"mods":["2.2 Compatiblity","Astrologer","BaseMod","Beaked The Cultist","BetterRewards","Challenge The Spire","Downfall","GifTheSpireLib","Hermit","Infinite Spire","Minty Spire (QoL Compilation)","Relic Stats","Replay The Spire","Shade Mod","Shop Mod","StSLib","everything is the same but u backflip on backflip","slay the spire mod where everything is the same but ironclad has a cowboy hat","vexMod"],"gold_per_floor":[99,118,198,32,32,60,136,136,152,152,172,322,322,79,95,197,197,197,211,231,231,231,231,231,231,248,55,74,74,74,74,90,190,190,190,204,304,319,336,336,413,429,429,445,445,445,445],"floor_reached":45,"playtime":2575,"items_purged":["Slimebound:Icky","hexamod:Defend"],"score":484,"play_id":"0bfa4478-094d-4567-985c-f2405c0a4a02","local_time":"20201224014819","is_ascension_mode":true,"campfire_choices":[{"data":"hexamod:Float","floor":1.0,"key":"SMITH"},{"floor":8,"key":"REST"},{"data":"hexamod:TimeOfNeed","floor":13,"key":"SMITH"},{"floor":18,"key":"DIG"},{"floor":23,"key":"DIG"},{"floor":29,"key":"DIG"},{"floor":35,"key":"DIG"},{"floor":43,"key":"REST"}],"circlet_count":0,"master_deck":["hexamod:Strike","hexamod:Strike","hexamod:Defend","hexamod:Defend","hexamod:Defend","hexamod:Sear","hexamod:Float+1","hexamod:TimeOfNeed+1","hexamod:InspiringFlames","hexamod:ExtraCrispy+1","hexamod:SpectralSpark","expansioncontent:DefensiveStance","hexamod:RainOfEmbers","hexamod:Firestarter","hexamod:WildfireWeapon","AbeCurse","hexamod:Hexaguard","hexamod:ThirdSeal","hexamod:RainOfEmbers","hexamod:FirstSeal","hexamod:HeatMetal","hexamod:FirstSeal","hexamod:Firestarter","RitualDagger","hexamod:Incineration","hexamod:VolcanoVisage","hexamod:TimeWarp","hexamod:ThermalTransfer","hexamod:ThermalTransfer","hexamod:SpectralAdrenaline","hexamod:Hexaguard+1","hexamod:BurningTouch+1"],"relics":["hexamod:SpiritBrand","downfall:ShatteredFragment","Shovel","infinitespire:Bottled Soul","hexamod:MatchstickCase","Abe\u0027s Treasure","Pen Nib","infinitespire:Satchel","Bottled Tornado","Toy Ornithopter","SlaversCollar","Mango","Potion Belt","Replay:Bottled Snecko"],"acts_visited":["Exordium","TheCity","TheBeyond"],"potions_floor_usage":[33,36,39,40,40,42,45,45,45,45,45,45],"damage_taken":[{"damage":1.0,"enemies":"Jaw Worm","floor":2.0,"turns":3.0},{"damage":0,"enemies":"downfall:FleeingMerchant","floor":4,"turns":4},{"damage":39,"enemies":"Gremlin Nob","floor":6,"turns":6},{"damage":1,"enemies":"Small Slimes","floor":9,"turns":3},{"damage":8,"enemies":"2 Louse","floor":11,"turns":2},{"damage":0,"enemies":"downfall:FleeingMerchant","floor":14,"turns":4},{"damage":0,"enemies":"Large Slime","floor":15,"turns":3},{"damage":11,"enemies":"downfall:Silent","floor":16,"turns":9},{"damage":22,"enemies":"3 Byrds","floor":19,"turns":6},{"damage":0,"enemies":"Snecko","floor":20,"turns":4},{"damage":6,"enemies":"Snake Plant","floor":26,"turns":3},{"damage":9,"enemies":"downfall:FleeingMerchant","floor":27,"turns":4},{"damage":15,"enemies":"Sentry and Sphere","floor":28,"turns":6},{"damage":0,"enemies":"Snecko","floor":32,"turns":3},{"damage":25,"enemies":"downfall:Ironclad","floor":33,"turns":7},{"damage":39,"enemies":"3 Shapes","floor":36,"turns":4},{"damage":4,"enemies":"downfall:LadyInBlue","floor":37,"turns":3},{"damage":14,"enemies":"3 Darklings","floor":38,"turns":4},{"damage":40,"enemies":"Sphere and 2 Shapes","floor":39,"turns":5},{"damage":27,"enemies":"Maw","floor":40,"turns":5},{"damage":13,"enemies":"4 Shapes","floor":42,"turns":4},{"damage":26,"enemies":"Jaw Worm Horde","floor":44,"turns":5},{"damage":85,"enemies":"Transient","floor":45,"turns":5}],"seed_played":"9020488625130909612","potions_obtained":[{"floor":2.0,"key":"Flashbang"},{"floor":11,"key":"Weak Potion"},{"floor":15,"key":"FearPotion"},{"floor":19,"key":"Fire Potion"},{"floor":25,"key":"ColorlessPotion"},{"floor":33,"key":"Elixir"},{"floor":37,"key":"EntropicBrew"},{"floor":37,"key":"Regen Potion"},{"floor":37,"key":"SmokeBomb"},{"floor":42,"key":"Explosive Potion"}],"is_trial":false,"path_per_floor":["R","M","?","$","?","E","T","R","M","?","M","?","R","$","M","B",null,"R","M","M","?","?","R","T","?","M","$","M","R","?","?","M","B",null,"R","M","?","M","M","M","T","M","R","M","M"],"character_chosen":"THE_SPIRIT","items_purchased":["hexamod:SpectralSpark","expansioncontent:DefensiveStance","hexamod:MatchstickCase","hexamod:HeatMetal"],"campfire_rested":2,"item_purchase_floors":[4,4,14,27],"current_hp_per_floor":[70,69,69,69,48,9,9,30,29,29,21,21,21,21,21,10,70,70,48,48,48,48,48,48,48,42,33,25,25,19,19,33,27,70,84,57,53,46,25,15,15,19,44,32,0,0,0],"gold":445,"neow_bonus":"ONE_RANDOM_RARE_CARD","is_daily":false,"chose_seed":false,"campfire_upgraded":2,"win_rate":0.0,"timestamp":1608796099,"path_taken":["R","M","?","$","?","E","T","R","M","?","M","?","R","?","M","BOSS","R","M","M","?","?","R","T","?","?","?","M","R","?","?","M","BOSS","R","M","?","M","M","M","T","?","R","M","M"],"items_purchased_type":["Card","Card","Relic","Card"],"build_version":"2020-12-22","purchased_purges":2,"victory":false,"max_hp_per_floor":[70,70,70,70,70,70,70,70,70,70,70,70,70,70,70,70,70,70,70,70,70,70,70,70,70,70,70,70,70,70,70,70,70,70,84,84,84,84,84,84,84,84,84,84,84,84,84],"relic_stats":{"Shovel":4,"counters":[23,102],"Pen Nib":[16],"obtain_stats":[{"Potion Belt":37,"downfall:ShatteredFragment":5,"Mango":35,"Pen Nib":18,"Bottled Tornado":24,"hexamod:MatchstickCase":14,"SlaversCollar":34,"Shovel":6,"infinitespire:Bottled Soul":7,"infinitespire:Satchel":23,"Replay:Bottled Snecko":41,"hexamod:SpiritBrand":0,"Abe\u0027s Treasure":17,"Toy Ornithopter":29},{"Potion Belt":17,"downfall:ShatteredFragment":2,"Mango":15,"Pen Nib":8,"Bottled Tornado":10,"hexamod:MatchstickCase":6,"SlaversCollar":15,"Shovel":3,"infinitespire:Bottled Soul":3,"infinitespire:Satchel":10,"Replay:Bottled Snecko":20,"hexamod:SpiritBrand":0,"Abe\u0027s Treasure":8,"Toy Ornithopter":13},{"Potion Belt":74,"downfall:ShatteredFragment":7,"Mango":67,"Pen Nib":34,"Bottled Tornado":44,"hexamod:MatchstickCase":22,"SlaversCollar":67,"Shovel":13,"infinitespire:Bottled Soul":13,"infinitespire:Satchel":44,"Replay:Bottled Snecko":88,"hexamod:SpiritBrand":0,"Abe\u0027s Treasure":34,"Toy Ornithopter":57}],"Toy Ornithopter":55},"card_choices":[{"not_picked":["hexamod:Haunt","hexamod:BacktrackSmack"],"picked":"hexamod:InspiringFlames","floor":2.0},{"not_picked":["hexamod:FastForward","hexamod:Firestarter"],"picked":"hexamod:ExtraCrispy","floor":4},{"not_picked":["hexamod:HauntingEcho","hexamod:SpectersWail"],"picked":"hexamod:RainOfEmbers","floor":6},{"not_picked":["hexamod:InspiringFlames","hexamod:GhostLash"],"picked":"hexamod:Firestarter","floor":9},{"not_picked":["hexamod:FlamesFromBeyond","hexamod:AdvancingGuard"],"picked":"hexamod:GhostShield","floor":11},{"not_picked":["hexamod:BacktrackSmack","hexamod:RainOfEmbers"],"picked":"hexamod:WildfireWeapon","floor":14},{"not_picked":["hexamod:NightmareStrike","hexamod:SuperheatedStrike","hexamod:HauntingEcho"],"picked":"SKIP","floor":15},{"not_picked":["hexamod:SwordOfDarkness","hexamod:AdvancingGuard"],"picked":"hexamod:Hexaguard","floor":19},{"not_picked":["hexamod:GhostLash","hexamod:SuperheatedStrike","hexamod:AdvancingGuard"],"picked":"SKIP","floor":20},{"not_picked":["hexamod:Haunt","hexamod:Again"],"picked":"hexamod:RainOfEmbers","floor":26},{"not_picked":["hexamod:BacktrackSmack+1","hexamod:RetreatToShadows","hexamod:GhostShield+1"],"picked":"SKIP","floor":26},{"not_picked":["hexamod:Hexaguard","hexamod:RainOfEmbers"],"picked":"hexamod:FirstSeal","floor":27},{"not_picked":["hexamod:NightmareGuise+1","hexamod:ChargedBarrage"],"picked":"hexamod:FirstSeal","floor":28},{"not_picked":["hexamod:FastForward+1","hexamod:RainOfEmbers"],"picked":"hexamod:Firestarter","floor":28},{"not_picked":["hexamod:GhostOfSpirePast+1","hexamod:RetreatToShadows+1"],"picked":"hexamod:Incineration","floor":32},{"not_picked":["hexamod:SixthSeal","hexamod:TurnItUp"],"picked":"hexamod:VolcanoVisage","floor":33},{"not_picked":["hexamod:CrushingStance","hexamod:Toasty"],"picked":"hexamod:TimeWarp","floor":33},{"not_picked":["hexamod:FastForward+1","hexamod:HeatMetal+1"],"picked":"hexamod:ThermalTransfer","floor":36},{"not_picked":["hexamod:NightmareStrike+1","hexamod:SpectralAdrenaline"],"picked":"hexamod:ThermalTransfer","floor":36},{"not_picked":["hexamod:FastForward+1","hexamod:RainOfEmbers"],"picked":"hexamod:SpectralAdrenaline","floor":38},{"not_picked":["hexamod:SkipABeat","hexamod:EmpoweredFlame+1"],"picked":"hexamod:Hexaguard+1","floor":38},{"not_picked":["hexamod:CatchUp+1","hexamod:SkipABeat","hexamod:UnleashSpirits"],"picked":"SKIP","floor":39},{"not_picked":["hexamod:FirstSeal","hexamod:GhostShield"],"picked":"hexamod:BurningTouch+1","floor":42},{"not_picked":["hexamod:Rewind+1","hexamod:InspiringFlames","hexamod:HeatMetal"],"picked":"SKIP","floor":44},{"not_picked":["hexamod:HeatCrush+1","hexamod:Again+1","hexamod:FastForward+1"],"picked":"SKIP","floor":44}],"player_experience":405390,"relics_obtained":[{"floor":6,"key":"Shovel"},{"floor":7,"key":"infinitespire:Bottled Soul"},{"floor":18,"key":"Pen Nib"},{"floor":23,"key":"infinitespire:Satchel"},{"floor":24,"key":"Bottled Tornado"},{"floor":29,"key":"Toy Ornithopter"},{"floor":35,"key":"Mango"},{"floor":37,"key":"Potion Belt"},{"floor":41,"key":"Replay:Bottled Snecko"}],"event_choices":[{"damage_healed":0,"gold_gain":0,"player_choice":"Got Potions","damage_taken":0,"max_hp_gain":0,"max_hp_loss":0,"event_name":"Lab","floor":25,"gold_loss":0},{"cards_removed":["hexamod:Strike"],"damage_healed":0,"gold_gain":0,"player_choice":"Card Removal","damage_taken":0,"max_hp_gain":0,"max_hp_loss":0,"event_name":"Wheel of Change","floor":31,"gold_loss":0}],"is_beta":false,"boss_relics":[{"not_picked":["Replay:Ancient Bell","Replay:Wanted Poster"],"picked":"Abe\u0027s Treasure"},{"not_picked":["Sozu","Astrolabe"],"picked":"SlaversCollar"}],"items_purged_floors":[14,27],"is_endless":false,"potions_floor_spawned":[2,11,15,16,19,20,33,38,40,42],"killed_by":"Transient","ascension_level":2}}