{"host":"m43qbt7ev7xwh87f","time":1608788593,"event":{"mods":["Act Like it!","BaseMod","Better Third Choice","BetterRewards","Colored Powertips","Conspire","Downfall","Googly Eyes","Hermit","Hubris","Infinite Spire","Minty Spire (QoL Compilation)","Replay The Spire","StSLib","The Jungle"],"gold_per_floor":[118,118,118,128,142,142,176,247,272,28,43,53,53,53,65,84,84,189,289,308,308,327,327,327,327,347,365,365,397,75,75,87,87,87,207,207,256,293,233,233,233,284,330,389,436,436,461,461,461,461,461,461],"floor_reached":53,"playtime":1629,"items_purged":["Strike_G"],"score":812,"play_id":"9c35a633-be24-4fc9-8492-b9a356ccbac0","local_time":"20201224004313","is_ascension_mode":false,"campfire_choices":[{"data":"Neutralize","floor":6.0,"key":"SMITH"},{"data":"infinitespire:Neurotoxin","floor":25.0,"key":"SMITH"},{"data":"Catalyst","floor":31.0,"key":"SMITH"},{"floor":34.0,"key":"REST"},{"floor":46,"key":"REST"},{"floor":48,"key":"REST"}],"circlet_count":0,"master_deck":["Strike_G","Strike_G","Strike_G","Defend_G","Defend_G","Defend_G","Defend_G","Defend_G","Survivor","Neutralize+1","Die Die Die+1","Poisoned Stab","Poisoned Stab","infinitespire:Neurotoxin+1","Noxious Fumes","Purity","Footwork","Burst","Leg Sweep","hexamod:Hexaguard","Catalyst+1","After Image","Replay:Bag of Tricks","Catalyst","Catalyst","Replay:Poison Smokescreen+1","ReplayTheSpireMod:Necrosis"],"relics":["Ring of the Snake","Durian","Replay:Towering Pillar of Hats","Iron Hammer","PreservedInsect","Replay:Wanted Poster","hubris:DisguiseKit","infinitespire:Midas Blood","hubris:BottledRain","infinitespire:EvilPickle","conspire:SlowCooker","hubris:Icosahedron","infinitespire:Lucky Rock","Bottled Flame","Nunchaku"],"acts_visited":["Exordium","TheCity","TheBeyond"],"potions_floor_usage":[35,44],"damage_taken":[{"damage":0.0,"enemies":"2 Louse","floor":1.0,"turns":2.0},{"damage":3.0,"enemies":"Jaw Worm","floor":4.0,"turns":2.0},{"damage":0.0,"enemies":"Cultist","floor":5.0,"turns":3.0},{"damage":14.0,"enemies":"3 Sentries","floor":7.0,"turns":7.0},{"damage":4.0,"enemies":"Exordium Thugs","floor":11.0,"turns":4.0},{"damage":5.0,"enemies":"Exordium Wildlife","floor":12.0,"turns":4.0},{"damage":0.0,"enemies":"3 Louse","floor":15.0,"turns":1.0},{"damage":0.0,"enemies":"Blue Slaver","floor":16.0,"turns":2.0},{"damage":27.0,"enemies":"Fading Forest","floor":18.0,"turns":11.0},{"damage":21.0,"enemies":"2 Thieves","floor":20.0,"turns":5.0},{"damage":0.0,"enemies":"Chosen","floor":22.0,"turns":6.0},{"damage":4.0,"enemies":"Snecko","floor":26.0,"turns":6.0},{"damage":0.0,"enemies":"conspire:HollyBat","floor":27.0,"turns":5.0},{"damage":0.0,"enemies":"conspire:Head Lice","floor":29.0,"turns":2.0},{"damage":2.0,"enemies":"Centurion and Healer","floor":32.0,"turns":4.0},{"damage":23,"enemies":"Pondfish","floor":35,"turns":6},{"damage":46,"enemies":"3 Darklings","floor":37,"turns":5},{"damage":4,"enemies":"Orb Walker","floor":38,"turns":4},{"damage":3,"enemies":"Giant Head","floor":42,"turns":5},{"damage":33,"enemies":"Jaw Worm Horde","floor":43,"turns":4},{"damage":12,"enemies":"Reptomancer","floor":44,"turns":3},{"damage":20,"enemies":"Writhing Mass","floor":47,"turns":4},{"damage":0,"enemies":"Donu and Deca","floor":52,"turns":1}],"seed_played":"-7309963260952849146","potions_obtained":[{"floor":7.0,"key":"Regen Potion"},{"floor":11.0,"key":"CunningPotion"},{"floor":16.0,"key":"EssenceOfSteel"},{"floor":20.0,"key":"SteroidPotion"},{"floor":24.0,"key":"GhostInAJar"},{"floor":24.0,"key":"Venom Potion"},{"floor":42,"key":"Elixir"}],"is_trial":false,"path_per_floor":["M","?","T","M","M","R","E","T","T","$","M","M","PTL","PTL","M","M","R","B",null,"M","?","M","?","?","R","M","M","T","E","$","R","M","AVR","R","B",null,"M","M","$","?","?","E","M","E","T","R","M","R","AVR","$","R","B",null],"character_chosen":"THE_SILENT","items_purchased":["Noxious Fumes","Purity","After Image","hubris:BottledRain","Catalyst"],"campfire_rested":3,"item_purchase_floors":[10,10,30,30,39],"current_hp_per_floor":[70,70,75,72,72,72,58,58,58,58,54,49,49,49,49,49,42,25,75,54,54,54,54,54,54,50,50,50,50,50,50,48,48,70,47,75,29,25,25,25,66,63,30,30,30,49,29,48,48,48,66,66],"gold":461,"neow_bonus":"ONE_RANDOM_RARE_CARD","is_daily":false,"chose_seed":false,"campfire_upgraded":3,"win_rate":0.0,"timestamp":1608788593,"path_taken":["M","?","?","?","M","R","E","?","T","?","M","M","PTL","PTL","M","M","R","BOSS","M","?","M","?","?","R","M","M","T","E","$","R","?","AVR","R","BOSS","M","M","$","?","?","E","M","E","T","R","M","R","AVR","?","R","BOSS"],"items_purchased_type":["Card","Card","Card","Relic","Card"],"build_version":"2020-12-22","purchased_purges":1,"victory":true,"max_hp_per_floor":[70,70,75,75,75,75,75,75,75,75,75,75,75,75,75,75,75,75,75,75,75,75,75,75,75,75,75,75,75,75,75,75,75,75,75,75,75,75,75,75,66,66,66,66,66,66,66,66,66,66,66,66],"card_choices":[{"not_picked":["Deflect","Reflex"],"picked":"Poisoned Stab","floor":1.0},{"not_picked":["hubris:SlightOfHand","Acrobatics"],"picked":"Poisoned Stab","floor":4.0},{"not_picked":["Caltrops","Sneak Up","Backflip"],"picked":"SKIP","floor":5.0},{"not_picked":["Endless Agony","hubris:SlightOfHand"],"picked":"infinitespire:Neurotoxin","floor":7.0},{"not_picked":["Reflex","Dagger Spray","Slice"],"picked":"SKIP","floor":11.0},{"not_picked":["Sucker Punch","ReplayTheSpireMod:From All Sides","conspire:DoublingDagger"],"picked":"SKIP","floor":12.0},{"not_picked":["Hidden Blade","Concentrate","Night Terror"],"picked":"SKIP","floor":15.0},{"not_picked":["ReplayTheSpireMod:Shiv Toss","hubris:Sniper","Footwork"],"picked":"SKIP","floor":16.0},{"not_picked":["ReplayTheSpireMod:Shiv Toss","hubris:Sniper"],"picked":"Footwork","floor":16.0},{"not_picked":["infinitespire:Neurotoxin","Glass Knife"],"picked":"Burst","floor":18.0},{"not_picked":["hubris:SlightOfHand","Flying Knee+1"],"picked":"Leg Sweep","floor":20.0},{"not_picked":["Heel Hook","Dagger Throw","Backflip"],"picked":"SKIP","floor":22.0},{"not_picked":["Poisoned Stab","Backflip"],"picked":"Catalyst","floor":26.0},{"not_picked":["PiercingWail","ReplayTheSpireMod:Speed Training","Blade Dance"],"picked":"SKIP","floor":27.0},{"not_picked":["Dodge and Roll","Dagger Spray","Bane+1","hermit:Enervate"],"picked":"SKIP","floor":29.0},{"not_picked":["Eviscerate","hubris:Counter+1","Bane+1","hermit:ItchyTrigger"],"picked":"SKIP","floor":32.0},{"not_picked":["Bullet Time","Malaise","hermit:Dissolve"],"picked":"Replay:Bag of Tricks","floor":35},{"not_picked":["Dodge and Roll","Deadly Poison","Flying Knee+1","hermit:Manifest"],"picked":"SKIP","floor":37},{"not_picked":["ReplayTheSpireMod:Exploit Weakness+1","All Out Attack+1","Caltrops+1","hermit:Glare"],"picked":"SKIP","floor":38},{"not_picked":["Prepared","Venomology","hermit:Desperado"],"picked":"Replay:Poison Smokescreen","floor":42},{"not_picked":["Dodge and Roll","Dash","Poisoned Stab+1","hermit:Coalescence"],"picked":"SKIP","floor":43},{"not_picked":["hubris:SlightOfHand+1","Hidden Blade+1","Acrobatics+1","hermit:HoleUp"],"picked":"SKIP","floor":44},{"not_picked":["Outmaneuver+1","Underhanded Strike","hermit:Horror"],"picked":"ReplayTheSpireMod:Necrosis","floor":47}],"player_experience":143806,"relics_obtained":[{"floor":3.0,"key":"Durian"},{"floor":7.0,"key":"Replay:Towering Pillar of Hats"},{"floor":8.0,"key":"Iron Hammer"},{"floor":9.0,"key":"PreservedInsect"},{"floor":28.0,"key":"hubris:DisguiseKit"},{"floor":29.0,"key":"infinitespire:Midas Blood"},{"floor":42,"key":"infinitespire:Lucky Rock"},{"floor":44,"key":"Bottled Flame"},{"floor":45,"key":"Nunchaku"}],"event_choices":[{"cards_removed":["Strike_G"],"damage_healed":0.0,"max_hp_gain":0.0,"max_hp_loss":0.0,"gold_gain":0.0,"event_name":"Golden Wing","player_choice":"Card Removal","floor":17.0,"gold_loss":0.0,"damage_taken":7.0},{"damage_healed":0.0,"max_hp_gain":0.0,"max_hp_loss":0.0,"gold_gain":0.0,"event_name":"The Library","player_choice":"Read","floor":23.0,"gold_loss":0.0,"damage_taken":0.0,"cards_obtained":["hexamod:Hexaguard"]},{"damage_healed":0.0,"max_hp_gain":0.0,"max_hp_loss":0.0,"gold_gain":0.0,"event_name":"Lab","player_choice":"Got Potions","floor":24.0,"gold_loss":0.0,"damage_taken":0.0},{"damage_healed":66,"gold_gain":0,"player_choice":"Heal","damage_taken":0,"max_hp_gain":0,"max_hp_loss":9,"event_name":"The Moai Head","floor":41,"gold_loss":0}],"is_beta":false,"boss_relics":[{"not_picked":["Ring of the Serpent","Snecko Scales"],"picked":"Replay:Wanted Poster"},{"not_picked":["hubris:Stopwatch","Calling Bell"],"picked":"conspire:SlowCooker"}],"items_purged_floors":[10],"is_endless":false,"potions_floor_spawned":[7,11,16,18,20,42,43],"ascension_level":0}}