{"host":"55yei7x27djrlaep","time":1608816369,"event":{"mods":["Act Like it!","BaseMod","Better Altar","Better Match","Better Note","Better Sensory Stone","Better Skull","Better Third Choice","BetterRewards","Colored Map","Downfall","Friendly Minions","GifTheSpireLib","JesterMod","Minty Spire (QoL Compilation)","Replay The Spire","StSLib","The Cursed","The Marked","TheSwordswoman"],"gold_per_floor":[111,127,127,138,149,149,183,27,27,27,41,57,57,57,57,155,155,169,169,186,285,304,304,333,343,370,370,383,124,141,159,159,255,255,270,296,308,55,66,96,96,121,121,121,121,152,167,181,181,181,181,181,21,48,48,48],"floor_reached":55,"playtime":2430,"items_purged":["Hallucinations","theMarked:Aftermath"],"score":1081,"play_id":"544bcc50-392a-452b-a4b0-e756da502fcd","local_time":"20201224162609","is_ascension_mode":false,"campfire_choices":[{"data":"theMarked:EternalStudent","floor":6,"key":"SMITH"},{"data":"Adrenaline","floor":10,"key":"SMITH"},{"data":"theMarked:SoldierOfQuellstein","floor":13,"key":"SMITH"},{"data":"Pain","floor":15,"key":"PURGE"},{"data":"theMarked:EternalStudent","floor":23,"key":"SMITH"},{"floor":32,"key":"REST"},{"data":"theMarked:Levitate","floor":41,"key":"SMITH"},{"floor":45,"key":"RECALL"},{"data":"theMarked:Panic","floor":49,"key":"SMITH"},{"data":"theMarked:TakeOffHeels","floor":52,"key":"SMITH"}],"circlet_count":0,"master_deck":["theMarked:Defend","theMarked:Defend","theMarked:Defend+1","theMarked:SoldierOfQuellstein+1","theMarked:Defy","theMarked:ChannelForce","theMarked:MaelstromOfLightning+1","theMarked:EternalStudent+1","Adrenaline+1","theMarked:Overcharge","theMarked:Panic+1","theMarked:FavorableWinds","theMarked:EternalStudent+1","theMarked:EmpowerWeapon","theMarked:EnhancedHearing","Bite","Bite","Bite","Bite","Bite","theMarked:PowerFlow","theMarked:EnhanceMovement+1","theMarked:TakeOffHeels+1","theMarked:Levitate+1","theMarked:RogueSparks+1","theMarked:EmpowerWeapon+1","theMarked:Convert+1","theMarked:ResourceFulStrike+1","theMarked:GodGivenPower","theMarked:ComboAttacks+1","theMarked:RepellingDischarge+1","theMarked:SwordAndMagic+1"],"relics":["theMarked:ArtifactOfAir","War Paint","Sundial","Membership Card","Bronze Scales","Ring of Searing","Ring of Panic","Philosopher\u0027s Stone","Orichalcum","Pen Nib","TheAbacus","Turnip","jesterMod:MachoBrace","Replay:Kaleidoscope","Mummified Hand","ClockworkSouvenir","ReplayFunnel","Golden Egg","Lantern","Strawberry","ReplayTheSpireMod:Shallot"],"acts_visited":["Exordium","TheCity","TheBeyond","TheEnding"],"potions_floor_usage":[7,7,11,24,33,46,50,54,54,55,55],"damage_taken":[{"damage":6,"enemies":"Jaw Worm","floor":1,"turns":4},{"damage":1,"enemies":"2 Louse","floor":2,"turns":2},{"damage":2,"enemies":"Cultist","floor":4,"turns":3},{"damage":7,"enemies":"2 Fungi Beasts","floor":5,"turns":2},{"damage":10,"enemies":"3 Sentries","floor":7,"turns":3},{"damage":0,"enemies":"Blue Slaver","floor":11,"turns":2},{"damage":11,"enemies":"Looter","floor":12,"turns":2},{"damage":16,"enemies":"Hexaghost","floor":16,"turns":7},{"damage":13,"enemies":"Shell Parasite","floor":18,"turns":3},{"damage":11,"enemies":"2 Thieves","floor":20,"turns":2},{"damage":0,"enemies":"Centurion and Healer","floor":22,"turns":3},{"damage":22,"enemies":"Slavers","floor":24,"turns":2},{"damage":5,"enemies":"Cultist and Chosen","floor":25,"turns":3},{"damage":3,"enemies":"Snecko","floor":28,"turns":3},{"damage":9,"enemies":"Shelled Parasite and Fungi","floor":30,"turns":3},{"damage":0,"enemies":"3 Cultists","floor":31,"turns":3},{"damage":31,"enemies":"Pondfish","floor":33,"turns":5},{"damage":8,"enemies":"Orb Walker","floor":35,"turns":2},{"damage":0,"enemies":"3 Darklings","floor":37,"turns":2},{"damage":8,"enemies":"Writhing Mass","floor":39,"turns":2},{"damage":0,"enemies":"Giant Head","floor":40,"turns":3},{"damage":5,"enemies":"Reptomancer","floor":42,"turns":2},{"damage":0,"enemies":"R_Hoarder","floor":46,"turns":2},{"damage":18,"enemies":"4 Shapes","floor":47,"turns":3},{"damage":0,"enemies":"Maw","floor":48,"turns":2},{"damage":12,"enemies":"Donu and Deca","floor":50,"turns":3},{"damage":19,"enemies":"Shield and Spear","floor":54,"turns":3},{"damage":50,"enemies":"The Heart","floor":55,"turns":3}],"seed_played":"-4300320219244470034","potions_obtained":[{"floor":2,"key":"PowerPotion"},{"floor":5,"key":"Block Potion"},{"floor":7,"key":"Swift Potion"},{"floor":20,"key":"theMarked:ChargePotion"},{"floor":22,"key":"DistilledChaos"},{"floor":28,"key":"Strength Potion"},{"floor":31,"key":"PowerPotion"},{"floor":37,"key":"AttackPotion"},{"floor":40,"key":"Fire Potion"},{"floor":42,"key":"theMarked:SummonPotion"},{"floor":46,"key":"theMarked:ChargePotion"},{"floor":54,"key":"BlessingOfTheForge"}],"is_trial":false,"path_per_floor":["M","M","?","M","M","R","E","$","T","R","M","M","R","?","R_BF","B",null,"M","?","M","?","M","R","E","M","T","?","M","$","M","M","R","B",null,"M","?","M","$","M","E","R","E","T","?","R","E","M","M","R_BF","B",null,"R","$","E","B"],"character_chosen":"THE_DEFAULT","items_purchased":["Membership Card","TheAbacus","Turnip","Mummified Hand","ClockworkSouvenir","theMarked:ComboAttacks","Strawberry","theMarked:RepellingDischarge","Strength Potion"],"campfire_rested":1,"item_purchase_floors":[8,29,29,38,38,53,53,53,53],"current_hp_per_floor":[64,63,55,53,46,46,36,36,36,36,36,25,25,25,25,9,70,57,57,46,46,46,46,24,19,19,19,22,22,19,23,37,16,49,43,31,35,35,29,33,33,32,32,32,32,38,24,28,28,20,49,49,56,41,0,0],"gold":48,"neow_bonus":"TRANSFORM_TWO_CARDS","is_daily":false,"chose_seed":false,"campfire_upgraded":7,"win_rate":0.0,"timestamp":1608816369,"path_taken":["M","M","?","M","M","R","E","$","T","R","M","M","R","?","R_BF","BOSS","M","?","M","?","M","R","E","M","T","?","M","$","M","?","R","BOSS","M","?","M","$","M","E","R","E","T","?","R","E","M","M","R_BF","BOSS","R","$","E","BOSS"],"items_purchased_type":["Relic","Relic","Relic","Relic","Relic","Card","Relic","Card","Potion"],"build_version":"2020-12-22","purchased_purges":2,"victory":false,"max_hp_per_floor":[70,70,70,70,70,70,70,70,70,70,70,70,70,70,70,70,70,70,70,70,70,70,70,70,70,70,49,49,49,49,49,49,49,49,49,49,49,49,49,49,49,49,49,49,49,49,49,49,49,49,49,49,56,56,56,56],"card_choices":[{"not_picked":["theMarked:DeterminationOfTheMarked","theMarked:Electrocute"],"picked":"theMarked:MaelstromOfLightning","floor":1},{"not_picked":["theMarked:BanishingStrike","theMarked:Parkour"],"picked":"theMarked:EternalStudent","floor":2},{"not_picked":["theMarked:RepellingDischarge","theMarked:MagicAdept"],"picked":"theMarked:Aftermath","floor":4},{"not_picked":["theMarked:ElectricStrings","theMarked:ResourceFulStrike"],"picked":"theMarked:Overcharge","floor":5},{"not_picked":["theMarked:EnhanceMovement","theMarked:ContemptForTheProud"],"picked":"theMarked:Panic","floor":7},{"not_picked":["theMarked:Static","theMarked:WastefulAttack","theMarked:SwordAndMagic"],"picked":"SKIP","floor":11},{"not_picked":["theMarked:GodGivenPower","theMarked:Parkour"],"picked":"theMarked:FavorableWinds","floor":12},{"not_picked":["theMarked:UnarmedFury","theMarked:DispelDoubt"],"picked":"theMarked:EternalStudent","floor":16},{"not_picked":["theMarked:ChainLightning+1","theMarked:WastefulAttack","theMarked:HeightenedSenses"],"picked":"SKIP","floor":18},{"not_picked":["theMarked:Frustration+1","theMarked:Convert"],"picked":"theMarked:EmpowerWeapon","floor":20},{"not_picked":["theMarked:Electrocute","theMarked:SwordAndMagic"],"picked":"theMarked:EnhancedHearing","floor":22},{"not_picked":["theMarked:HeightenedSenses","theMarked:ElectricStrings","theMarked:MaelstromOfLightning"],"picked":"SKIP","floor":24},{"not_picked":["theMarked:CreepingChasm","theMarked:ElectricStrings","theMarked:BanishingStrike"],"picked":"SKIP","floor":25},{"not_picked":["theMarked:LightningStrikesTwice","theMarked:GodGivenPower"],"picked":"theMarked:PowerFlow","floor":28},{"not_picked":["theMarked:MysticalArsenal","theMarked:ElectricStrings"],"picked":"theMarked:EnhanceMovement+1","floor":30},{"not_picked":["theMarked:Improvise","theMarked:EmpowerWeapon"],"picked":"theMarked:TakeOffHeels","floor":31},{"not_picked":["theMarked:ChannelForce","theMarked:TakeOffHeels"],"picked":"theMarked:Levitate","floor":33},{"not_picked":["theMarked:Parkour+1","theMarked:Overcharge"],"picked":"theMarked:RogueSparks+1","floor":35},{"not_picked":["theMarked:LightningStrikesTwice+1","theMarked:Static","theMarked:BanishingStrike"],"picked":"SKIP","floor":37},{"not_picked":["theMarked:WastefulAttack+1","theMarked:HeightenedSenses+1"],"picked":"theMarked:EmpowerWeapon+1","floor":39},{"not_picked":["theMarked:GodGivenPower","theMarked:Electrify"],"picked":"theMarked:Convert+1","floor":40},{"not_picked":["theMarked:EternalStudent","theMarked:PowerFlow"],"picked":"theMarked:ResourceFulStrike+1","floor":42},{"not_picked":["theMarked:MysticalArsenal+1","theMarked:BanishingWave","theMarked:Static"],"picked":"SKIP","floor":46},{"not_picked":["theMarked:Improvise","theMarked:Convert","theMarked:Frustration"],"picked":"SKIP","floor":47},{"not_picked":["theMarked:HeightenedSenses+1","theMarked:BanishingStrike","theMarked:StartUp+1"],"picked":"SKIP","floor":48},{"not_picked":["theMarked:HeightenedSenses+1","theMarked:Opportunist+1"],"picked":"theMarked:SwordAndMagic+1","floor":54}],"player_experience":345523,"relics_obtained":[{"floor":7,"key":"Sundial"},{"floor":9,"key":"Bronze Scales"},{"floor":14,"key":"Ring of Searing"},{"floor":14,"key":"Ring of Panic"},{"floor":24,"key":"Orichalcum"},{"floor":26,"key":"Pen Nib"},{"floor":36,"key":"Replay:Kaleidoscope"},{"floor":40,"key":"ReplayFunnel"},{"floor":42,"key":"Golden Egg"},{"floor":46,"key":"Lantern"},{"floor":54,"key":"ReplayTheSpireMod:Shallot"}],"event_choices":[{"cards_removed":["theMarked:EternalStudent"],"damage_healed":0,"gold_gain":0,"player_choice":"Give","damage_taken":0,"max_hp_gain":0,"max_hp_loss":0,"event_name":"betterNote:BetterNote","floor":19,"gold_loss":0,"cards_obtained":["theMarked:UnarmedFury"]},{"damage_healed":0,"gold_gain":99,"player_choice":"Steal","damage_taken":0,"max_hp_gain":0,"max_hp_loss":0,"event_name":"betterThird:BetterNest","floor":21,"gold_loss":0},{"damage_healed":0,"gold_gain":0,"player_choice":"Became a vampire","damage_taken":0,"max_hp_gain":0,"max_hp_loss":21,"event_name":"Vampires","floor":27,"gold_loss":0,"cards_obtained":["Bite","Bite","Bite","Bite","Bite"]},{"damage_healed":0,"gold_gain":0,"cards_transformed":["theMarked:Defend"],"player_choice":"Transformed","damage_taken":0,"max_hp_gain":0,"max_hp_loss":0,"event_name":"Transmorgrifier","floor":44,"gold_loss":0,"cards_obtained":["theMarked:GodGivenPower"]}],"is_beta":false,"boss_relics":[{"not_picked":["Calling Bell","Velvet Choker"],"picked":"Philosopher\u0027s Stone"},{"not_picked":["Painkiller Herb","Astrolabe"],"picked":"jesterMod:MachoBrace"}],"items_purged_floors":[29,38],"is_endless":false,"potions_floor_spawned":[2,5,7,20,22,28,31,37,40,42,46,54],"killed_by":"The Heart","ascension_level":0}}