{"host":"az8lnyxx7l5ect6t","time":1608849819,"event":{"mods":["2.2 Compatiblity","AchievementEnabler","Aspiration","BaseMod","Bestiary","Better Third Choice","Block Reminder","Challenge The Spire","Curses Come First","Defuse TimeMaze Blight","Displayed Cursed Tome","Downfall","Halation","Hubris","Infinite Spire","Keyboard Shortcuts","Minty Spire (QoL Compilation)","MonsterHotkey","Quick Restart","Relic Stats","Replay The Spire","Spicy Shops","StSLib","The Blue Laboratory","Thieving Mod","Treasure Hunter","Uncapped","Unknown Chances","Wandering Minibosses"],"gold_per_floor":[109,126,126,126,126,126,150,169,169,169,169,214,160,185,185,315,315,369,385,385,410,454,454,454,494,494,494,515,529,729,729,729,729,729,854,854,875,889,933,956,600,632,632,377,407,433,433,433,433,433,433],"floor_reached":49,"playtime":3694,"items_purged":[],"score":601,"play_id":"3515d1e0-8b67-4e0c-85c8-0de7dd5e57b9","local_time":"20201224174339","is_ascension_mode":false,"campfire_choices":[{"data":"Guardian:TwinSlam","floor":6.0,"key":"SMITH"},{"data":"TH:TreasureMap","floor":15.0,"key":"SMITH"},{"data":"infinitespire:SevenWalls","floor":24.0,"key":"SMITH"},{"data":"Guardian:SentryBeam","floor":26.0,"key":"SMITH"},{"data":"infinitespire:Execution","floor":33.0,"key":"SMITH"},{"data":"Guardian:PrismaticBeam","floor":43.0,"key":"SMITH"}],"circlet_count":0,"master_deck":["Guardian:Strike_Guardian","Guardian:Strike_Guardian","Guardian:Defend_Guardian+1","Guardian:Defend_Guardian","Guardian:Defend_Guardian+1","Guardian:Defend_Guardian","Guardian:TwinSlam+1","Guardian:PiercingHide","Guardian:CurlUp+1","Guardian:SentryBeam+1","TH:TreasureMap+1","Pot Of Greed","Pot Of Greed","Guardian:Recover","Guardian:Recover","TH:TreasureMap","Guardian:TemporalStrike+1","Guardian:DecasProtection+1","Guardian:Suspension+1","infinitespire:Execution+1","infinitespire:SevenWalls+1","Pot Of Greed+1","infinitespire:Gouge","Guardian:SentryBeam+1","Guardian:PrismaticBeam+1","Leg Sweep","Guardian:ShieldSpikes","Guardian:DecasProtection+1","Guardian:TimeCapacitor","Guardian:PolyBeam+1","Guardian:Gem_Purple","Guardian:Aged"],"relics":["Guardian:ModeShifter","Golden Idol","Grinning Jar","hubris:Icosahedron","SlaversCollar","hubris:Towel","hubris:DeckOfHolding","expansioncontent:StudyCardRelic","Singing Bowl","Durian","hubris:Backtick","aspiration:TomeofQuesting","halation:IllGainedPizza","halation:QuantumPhysicsTextbook","Shuriken","War Paint","Guardian:StasisEgg"],"acts_visited":["Exordium","TheCity","TheBeyond"],"potions_floor_usage":[],"damage_taken":[{"damage":0.0,"enemies":"2 Louse","floor":1.0,"turns":3.0},{"damage":0.0,"enemies":"Cultist","floor":2.0,"turns":3.0},{"damage":0.0,"enemies":"Small Slimes","floor":7.0,"turns":4.0},{"damage":10.0,"enemies":"Exordium Wildlife","floor":8.0,"turns":7.0},{"damage":0.0,"enemies":"Lots of Slimes","floor":12.0,"turns":6.0},{"damage":0.0,"enemies":"Large Slime","floor":14.0,"turns":7.0},{"damage":0.0,"enemies":"The Guardian","floor":16.0,"turns":14.0},{"damage":0.0,"enemies":"Chosen","floor":18.0,"turns":8.0},{"damage":5.0,"enemies":"Shell Parasite","floor":19.0,"turns":7.0},{"damage":0.0,"enemies":"Snake Plant","floor":21.0,"turns":5.0},{"damage":7.0,"enemies":"Centurion and Healer","floor":22.0,"turns":10.0},{"damage":21.0,"enemies":"Replay:Snechameleon","floor":25.0,"turns":4.0},{"damage":8.0,"enemies":"Shelled Parasite and Fungi","floor":28.0,"turns":3.0},{"damage":0.0,"enemies":"Cultist and Chosen","floor":29.0,"turns":4.0},{"damage":0.0,"enemies":"Centurion and Healer","floor":30.0,"turns":7.0},{"damage":6.0,"enemies":"Collector","floor":35.0,"turns":4.0},{"damage":0.0,"enemies":"3 Darklings","floor":37.0,"turns":4.0},{"damage":0.0,"enemies":"3 Shapes","floor":38.0,"turns":3.0},{"damage":9.0,"enemies":"Jaw Worm Horde","floor":40.0,"turns":5.0},{"damage":0.0,"enemies":"Sphere and 2 Shapes","floor":42.0,"turns":4.0},{"damage":0.0,"enemies":"Transient","floor":45.0,"turns":5.0},{"damage":0,"enemies":"Writhing Mass","floor":49,"turns":1}],"seed_played":"4241386129075323352","potions_obtained":[{"floor":8.0,"key":"blueLaboratory:HorrorPotion"},{"floor":12.0,"key":"champ:CounterPotion"},{"floor":16.0,"key":"Reflective Coating"},{"floor":22.0,"key":"blueLaboratory:BottledHope"},{"floor":37.0,"key":"SkillPotion"},{"floor":39.0,"key":"blueLaboratory:SavagePotion"},{"floor":40.0,"key":"DuplicationPotion"}],"is_trial":false,"path_per_floor":["M","M","?","?","?","R","M","M","T","?","$","M","$","M","R","B",null,"M","M","?","M","M","AVR","R","E","R","T","M","M","M","?","?","R","R","B",null,"M","M","?","M","$","M","R","$","M","T","?","?","M"],"character_chosen":"GUARDIAN","items_purchased":["Guardian:Recover","Guardian:TimeCapacitor","halation:QuantumPhysicsTextbook","Shuriken"],"campfire_rested":0,"item_purchase_floors":[13,41,41,44],"current_hp_per_floor":[88,88,81,59,59,59,59,49,49,49,49,49,49,49,49,49,88,88,83,83,83,76,76,76,57,57,64,56,56,58,58,58,58,87,83,101,103,103,64,57,57,57,57,57,57,59,59,59,59,59,59],"gold":433,"neow_bonus":"TEN_PERCENT_HP_BONUS","is_daily":false,"chose_seed":false,"campfire_upgraded":6,"win_rate":0.0,"timestamp":1608849819,"path_taken":["M","M","?","?","?","R","M","?","T","?","?","M","$","M","R","BOSS","M","M","?","M","M","AVR","R","E","R","T","M","M","M","?","?","R","R","BOSS","M","M","?","M","?","M","R","$","?","T","?","?","M"],"items_purchased_type":["Card","Card","Relic","Relic"],"build_version":"2020-12-22","purchased_purges":0,"victory":false,"max_hp_per_floor":[88,88,88,88,88,88,88,88,88,88,88,88,88,88,88,88,88,88,88,88,88,88,88,88,90,90,97,97,97,99,99,99,99,99,101,101,103,103,105,107,107,107,107,107,107,109,109,109,109,109,109],"relic_stats":{"Singing Bowl":16,"counters":[22,118],"Golden Idol":132,"Shuriken":[2],"War Paint":["Guardian:Defend_Guardian","Guardian:Defend_Guardian"],"obtain_stats":[{"Singing Bowl":25,"halation:QuantumPhysicsTextbook":41,"Golden Idol":4,"Guardian:StasisEgg":47,"Guardian:ModeShifter":0,"halation:IllGainedPizza":39,"aspiration:TomeofQuesting":36,"expansioncontent:StudyCardRelic":23,"hubris:Towel":20,"War Paint":46,"SlaversCollar":17,"hubris:Icosahedron":10,"hubris:Backtick":36,"Shuriken":44,"hubris:DeckOfHolding":23,"Durian":27,"Grinning Jar":9},{"Singing Bowl":12,"halation:QuantumPhysicsTextbook":19,"Golden Idol":2,"Guardian:StasisEgg":21,"Guardian:ModeShifter":0,"halation:IllGainedPizza":18,"aspiration:TomeofQuesting":16,"expansioncontent:StudyCardRelic":11,"hubris:Towel":9,"War Paint":21,"SlaversCollar":7,"hubris:Icosahedron":4,"hubris:Backtick":16,"Shuriken":20,"hubris:DeckOfHolding":11,"Durian":12,"Grinning Jar":4},{"Singing Bowl":78,"halation:QuantumPhysicsTextbook":108,"Golden Idol":6,"Guardian:StasisEgg":117,"Guardian:ModeShifter":0,"halation:IllGainedPizza":103,"aspiration:TomeofQuesting":96,"expansioncontent:StudyCardRelic":74,"hubris:Towel":59,"War Paint":117,"SlaversCollar":44,"hubris:Icosahedron":17,"hubris:Backtick":96,"Shuriken":112,"hubris:DeckOfHolding":74,"Durian":78,"Grinning Jar":17}]},"card_choices":[{"not_picked":["Guardian:ChargeCore","Guardian:GuardianWhirl"],"picked":"Guardian:PiercingHide","floor":1.0},{"not_picked":["Guardian:CrystalBeam","Guardian:ShieldCharger","Guardian:TemporalShield"],"picked":"SKIP","floor":2.0},{"not_picked":["Guardian:Gem_Red","Guardian:RollAttack"],"picked":"Guardian:Gem_Green","floor":7.0},{"not_picked":["Guardian:ChargeUp","Guardian:Gem_Cyan"],"picked":"Guardian:SentryBeam","floor":8.0},{"not_picked":["TH:DeckOfManyThings"],"picked":"TH:TreasureMap","floor":9.0},{"not_picked":["Guardian:Reroute","Guardian:Incinerate"],"picked":"Guardian:Gem_Blue","floor":12.0},{"not_picked":["Guardian:Planning","Guardian:Gem_Cyan"],"picked":"Guardian:Recover","floor":14.0},{"not_picked":["TH:Mimic"],"picked":"TH:TreasureMap","floor":16.0},{"not_picked":["Guardian:TimeSifter","Guardian:HyperBeam_Guardian"],"picked":"Guardian:Gem_Synthetic","floor":16.0},{"not_picked":["Guardian:Gem_White","Guardian:Reroute+1"],"picked":"Guardian:TemporalStrike+1","floor":18.0},{"not_picked":["Guardian:VentSteam","Guardian:TemporalStrike"],"picked":"Guardian:DecasProtection+1","floor":19.0},{"not_picked":["Guardian:Emergency","Guardian:TemporalShield"],"picked":"Guardian:Gem_Lightblue","floor":21.0},{"not_picked":["Guardian:TimeBomb+1","Guardian:WalkerClaw"],"picked":"Guardian:Suspension+1","floor":22.0},{"not_picked":["TH:Mimic","TH:TreasureMap"],"picked":"Singing Bowl","floor":25.0},{"not_picked":["Guardian:RefractedBeam","Guardian:Gem_White"],"picked":"Guardian:SentryBeam+1","floor":25.0},{"not_picked":["TH:Mimic","TH:TreasureMap"],"picked":"Singing Bowl","floor":27.0},{"not_picked":["Guardian:Gem_Fragmented","Guardian:ChargeUp"],"picked":"Guardian:PrismaticBeam","floor":28.0},{"not_picked":["Guardian:SentryBeam+1","Guardian:Preprogram"],"picked":"Guardian:Gem_Green","floor":29.0},{"not_picked":["Guardian:Reroute","Guardian:Suspension+1","Guardian:ChargeCore"],"picked":"Singing Bowl","floor":30.0},{"not_picked":["TH:CopperCoins","TH:PixieDust"],"picked":"Singing Bowl","floor":35.0},{"not_picked":["Guardian:ConstructionForm","Guardian:BaubleBeam"],"picked":"Guardian:Gem_Synthetic","floor":35.0},{"not_picked":["Guardian:RollAttack+1","Guardian:PrimingBeam","Guardian:Gem_Blue"],"picked":"Singing Bowl","floor":37.0},{"not_picked":["Guardian:Recover","Guardian:Planning"],"picked":"Guardian:ShieldSpikes","floor":38.0},{"not_picked":["Guardian:FuturePlans","Guardian:Gem_Cyan"],"picked":"Guardian:DecasProtection+1","floor":39.0},{"not_picked":["Guardian:MultiBeam","Guardian:Gem_Lightblue","Guardian:Recover+1"],"picked":"Singing Bowl","floor":39.0},{"not_picked":["Guardian:Gem_Lightblue","Guardian:TemporalShield","Guardian:ChargeCore"],"picked":"Singing Bowl","floor":40.0},{"not_picked":["Guardian:FuturePlans","Guardian:Gem_Fragmented"],"picked":"Guardian:PolyBeam+1","floor":42.0},{"not_picked":["Guardian:Gem_Red","Guardian:TemporalStrike"],"picked":"Guardian:Gem_Purple","floor":45.0},{"not_picked":["TH:EnergyPotion","TH:PixieDust"],"picked":"Singing Bowl","floor":46.0}],"player_experience":687958,"relics_obtained":[{"floor":9.0,"key":"Grinning Jar"},{"floor":25.0,"key":"Singing Bowl"},{"floor":27.0,"key":"Durian"},{"floor":39.0,"key":"halation:IllGainedPizza"},{"floor":46.0,"key":"War Paint"}],"event_choices":[{"cards_removed":["Guardian:Strike_Guardian"],"damage_healed":0.0,"max_hp_gain":0.0,"max_hp_loss":0.0,"gold_gain":0.0,"event_name":"Golden Wing","player_choice":"Card Removal","floor":3.0,"gold_loss":0.0,"damage_taken":7.0},{"damage_healed":0.0,"max_hp_gain":0.0,"max_hp_loss":0.0,"gold_gain":0.0,"event_name":"Golden Idol","player_choice":"Take Damage","floor":4.0,"gold_loss":0.0,"damage_taken":22.0,"relics_obtained":["Golden Idol"]},{"cards_removed":["Guardian:CurlUp"],"damage_healed":0.0,"max_hp_gain":0.0,"max_hp_loss":0.0,"gold_gain":0.0,"event_name":"NoteForYourself","player_choice":"Took Card","floor":5.0,"gold_loss":0.0,"damage_taken":0.0,"cards_obtained":["Guardian:CurlUp"]},{"damage_healed":0.0,"max_hp_gain":0.0,"max_hp_loss":0.0,"gold_gain":0.0,"event_name":"The Library","player_choice":"Read","floor":31.0,"gold_loss":0.0,"damage_taken":0.0,"cards_obtained":["Leg Sweep"]},{"cards_removed":["Pot Of Greed"],"damage_healed":0,"gold_gain":0,"player_choice":"Removed Skill","damage_taken":0,"max_hp_gain":0,"max_hp_loss":0,"event_name":"Falling","floor":48,"gold_loss":0}],"is_beta":false,"boss_relics":[{"not_picked":["hubris:BlackHole","aspiration:RitualDagger"],"picked":"SlaversCollar"},{"not_picked":["halation:LoveArrow","ReplayTheSpireMod:DimensionalGlitch"],"picked":"hubris:Backtick"}],"items_purged_floors":[],"is_endless":false,"potions_floor_spawned":[8,12,16,21,22,30,37,40,45],"killed_by":"Writhing Mass","ascension_level":0}}