{"host":"hfxp6ue4pvwo3fit","time":1608792705,"event":{"mods":["AchievementEnabler","BaseMod","Colored Map","Colored Powertips","Highlight Path","Minty Spire (QoL Compilation)","StSLib","SuperFastMode"],"gold_per_floor":[112,112,126,138,138,166,59,59,59,72,72,104,104,136,136,215,215,233,233,102,121,121,146,158,200,212,224,263,308,333,345,345],"floor_reached":31,"playtime":2259,"items_purged":["Strike_B"],"score":603,"play_id":"ff4c8bf6-96c7-4985-9419-50c876352b43","local_time":"20201224005145","is_ascension_mode":true,"campfire_choices":[{"data":"Doom and Gloom","floor":8,"key":"SMITH"},{"floor":11,"key":"REST"},{"data":"Seek","floor":13,"key":"SMITH"},{"data":"Coolheaded","floor":15,"key":"SMITH"},{"floor":24,"key":"REST"},{"floor":27,"key":"REST"}],"circlet_count":0,"master_deck":["AscendersBane","Strike_B","Strike_B","Strike_B","Defend_B","Defend_B","Defend_B","Defend_B","Zap+1","Dualcast","Chill","Gash","Cold Snap","Seek+1","Conserve Battery","Doom and Gloom+1","Beam Cell","Glacier","Coolheaded+1","Echo Form","Leap","Gash","Loop","RitualDagger","Glacier","Self Repair+1"],"relics":["SlaversCollar","Pantograph","DataDisk","WingedGreaves","Potion Belt","Velvet Choker","MutagenicStrength","MawBank","Juzu Bracelet","Bottled Flame","Red Mask","Frozen Egg 2"],"acts_visited":["Exordium","TheCity"],"potions_floor_usage":[23,29,31],"damage_taken":[{"damage":9,"enemies":"Jaw Worm","floor":1,"turns":6},{"damage":0,"enemies":"Small Slimes","floor":3,"turns":5},{"damage":10,"enemies":"Cultist","floor":4,"turns":4},{"damage":18,"enemies":"Lagavulin","floor":6,"turns":8},{"damage":0,"enemies":"3 Louse","floor":10,"turns":3},{"damage":5,"enemies":"3 Sentries","floor":12,"turns":6},{"damage":23,"enemies":"Gremlin Nob","floor":14,"turns":4},{"damage":26,"enemies":"The Guardian","floor":16,"turns":13},{"damage":1,"enemies":"Shell Parasite","floor":18,"turns":5},{"damage":15,"enemies":"3 Byrds","floor":21,"turns":5},{"damage":14,"enemies":"Slavers","floor":23,"turns":6},{"damage":16,"enemies":"Gremlin Leader","floor":25,"turns":7},{"damage":4,"enemies":"Masked Bandits","floor":28,"turns":5},{"damage":7,"enemies":"Slavers","floor":29,"turns":5},{"damage":5,"enemies":"3 Cultists","floor":30,"turns":6},{"damage":54,"enemies":"Book of Stabbing","floor":31,"turns":7}],"seed_played":"-9035468273265208904","potions_obtained":[{"floor":1,"key":"DuplicationPotion"},{"floor":4,"key":"BlessingOfTheForge"},{"floor":18,"key":"SpeedPotion"},{"floor":28,"key":"EssenceOfSteel"}],"is_trial":false,"path_per_floor":["M","?","M","M","?","E","$","R","T","M","R","E","R","E","R","B",null,"M","?","$","M","?","E","R","E","T","R","?","E","M","E"],"character_chosen":"DEFECT","items_purchased":["Conserve Battery","Doom and Gloom","Gash"],"campfire_rested":3,"item_purchase_floors":[7,7,20],"current_hp_per_floor":[55,55,55,45,45,27,27,27,27,27,48,43,43,20,20,19,58,57,57,57,42,36,22,43,27,27,48,44,37,52,0,0],"gold":345,"neow_bonus":"BOSS_RELIC","is_daily":false,"chose_seed":false,"campfire_upgraded":3,"win_rate":0.0,"timestamp":1608792705,"path_taken":["M","?","M","M","?","E","?","R","T","?","R","E","R","E","R","BOSS","M","?","$","M","?","E","R","E","T","R","?","E","M","E"],"items_purchased_type":["Card","Card","Card"],"build_version":"2020-12-22","purchased_purges":1,"victory":false,"max_hp_per_floor":[71,71,71,71,71,71,71,71,71,71,71,71,71,71,71,71,71,71,71,71,71,71,71,71,71,71,71,71,71,71,71,71],"card_choices":[{"not_picked":["Storm","Hologram"],"picked":"Chill","floor":1},{"not_picked":["Consume","Force Field"],"picked":"Gash","floor":3},{"not_picked":["Go for the Eyes","Beam Cell"],"picked":"Cold Snap","floor":4},{"not_picked":["Rebound","Chaos"],"picked":"Seek","floor":6},{"not_picked":["Heatsinks","Redo"],"picked":"Beam Cell","floor":10},{"not_picked":["Static Discharge","Creative AI"],"picked":"Glacier","floor":12},{"not_picked":["Turbo","Ball Lightning"],"picked":"Coolheaded","floor":14},{"not_picked":["Creative AI","Rainbow"],"picked":"Echo Form","floor":16},{"not_picked":["Steam","Turbo"],"picked":"Leap","floor":18},{"not_picked":["Compile Driver+1","Double Energy+1"],"picked":"Loop","floor":21},{"not_picked":["Rebound+1","Ball Lightning"],"picked":"Glacier","floor":23},{"not_picked":["Hello World","Redo","Steam"],"picked":"SKIP","floor":25},{"not_picked":["Force Field","Stack"],"picked":"Self Repair+1","floor":29},{"not_picked":["Hologram","Ball Lightning","Storm+1"],"picked":"SKIP","floor":30}],"player_experience":424632,"relics_obtained":[{"floor":6,"key":"Pantograph"},{"floor":9,"key":"DataDisk"},{"floor":12,"key":"WingedGreaves"},{"floor":14,"key":"Potion Belt"},{"floor":23,"key":"MawBank"},{"floor":25,"key":"Juzu Bracelet"},{"floor":26,"key":"Bottled Flame"},{"floor":28,"key":"Red Mask"},{"floor":29,"key":"Frozen Egg 2"}],"event_choices":[{"damage_healed":0,"gold_gain":0,"player_choice":"Grow","damage_taken":0,"max_hp_gain":0,"max_hp_loss":0,"event_name":"Living Wall","floor":2,"gold_loss":0,"cards_upgraded":["Zap"]},{"damage_healed":0,"gold_gain":0,"player_choice":"Ignored","damage_taken":0,"max_hp_gain":0,"max_hp_loss":0,"event_name":"Liars Game","floor":5,"gold_loss":0},{"damage_healed":0,"gold_gain":0,"player_choice":"Inject Mutagens","damage_taken":0,"relics_obtained":["MutagenicStrength"],"max_hp_gain":0,"max_hp_loss":0,"event_name":"Drug Dealer","floor":19,"gold_loss":0},{"damage_healed":0,"gold_gain":0,"player_choice":"Joined the Cult","damage_taken":6,"max_hp_gain":0,"max_hp_loss":0,"event_name":"Nest","floor":22,"gold_loss":0,"cards_obtained":["RitualDagger"]},{"damage_healed":0,"gold_gain":0,"player_choice":"Fought Bandits","damage_taken":0,"max_hp_gain":0,"max_hp_loss":0,"event_name":"Masked Bandits","floor":28,"gold_loss":0}],"is_beta":false,"boss_relics":[{"not_picked":["Empty Cage","Sozu"],"picked":"Velvet Choker"}],"items_purged_floors":[20],"is_endless":false,"potions_floor_spawned":[1,4,6,18,28],"killed_by":"Book of Stabbing","ascension_level":19}}