{"host":"w4b7hmige5bnqipq","time":1608771669,"event":{"mods":["BaseMod","Minty Spire (QoL Compilation)","Rare Cards Sparkle","SuperFastMode","everything is the same but u backflip on backflip","slay the spire mod where everything is the same but ironclad has a cowboy hat"],"gold_per_floor":[116,126,51,51,51,82,98,173,173,201,44,72,72,83,83,162,162,162,162],"floor_reached":18,"playtime":440,"items_purged":["Defend_R"],"score":386,"play_id":"bedeab98-1242-4669-9c55-59c070cf1583","local_time":"20201224100109","is_ascension_mode":true,"campfire_choices":[{"data":"Havoc","floor":13,"key":"SMITH"},{"data":"Limit Break","floor":15,"key":"SMITH"}],"circlet_count":0,"master_deck":["AscendersBane","Strike_R","Strike_R","Strike_R","Strike_R","Defend_R","Defend_R","Defend_R","Bash","Headbutt","Shrug It Off","Havoc+1","Cleave","Limit Break+1","Second Wind","Corruption+1"],"relics":["Burning Blood","NeowsBlessing","Centennial Puzzle","Frozen Egg 2","Vajra","Medical Kit","Happy Flower","Cursed Key"],"acts_visited":["TheCity"],"potions_floor_usage":[12,16,16],"damage_taken":[{"damage":0.0,"enemies":"2 Louse","floor":1.0,"turns":1.0},{"damage":0,"enemies":"Small Slimes","floor":2,"turns":1},{"damage":0,"enemies":"Lagavulin","floor":6,"turns":1},{"damage":6,"enemies":"Cultist","floor":7,"turns":3},{"damage":36,"enemies":"Gremlin Nob","floor":10,"turns":4},{"damage":16,"enemies":"3 Sentries","floor":12,"turns":8},{"damage":1,"enemies":"Large Slime","floor":14,"turns":5},{"damage":10,"enemies":"Slime Boss","floor":16,"turns":7},{"damage":7,"enemies":"3 Byrds","floor":18,"turns":2}],"seed_played":"-2948144618034406286","potions_obtained":[{"floor":1,"key":"SpeedPotion"},{"floor":10,"key":"Swift Potion"},{"floor":12,"key":"Swift Potion"},{"floor":16,"key":"Ancient Potion"}],"is_trial":false,"path_per_floor":["M","M","$","?","?","E","M","?","T","E","$","E","R","M","R","B",null,"M"],"character_chosen":"IRONCLAD","items_purchased":["Medical Kit"],"campfire_rested":0,"item_purchase_floors":[11],"current_hp_per_floor":[74,75,75,75,75,75,75,64,64,34,34,24,24,29,29,25,63,56,56],"gold":162,"neow_bonus":"THREE_ENEMY_KILL","is_daily":false,"chose_seed":false,"campfire_upgraded":2,"win_rate":0.0,"timestamp":1608771669,"path_taken":["M","M","$","?","?","E","?","?","T","E","$","E","R","M","R","BOSS","M"],"items_purchased_type":["Relic"],"build_version":"2020-12-22","purchased_purges":1,"victory":false,"max_hp_per_floor":[75,75,75,75,75,75,75,75,75,75,75,75,75,75,75,75,75,75,75],"card_choices":[{"not_picked":["Fire Breathing","Anger"],"picked":"Headbutt","floor":1},{"not_picked":["Perfected Strike","Entrench","Combust"],"picked":"SKIP","floor":2},{"not_picked":["Rupture","Bloodletting"],"picked":"Shrug It Off","floor":6},{"not_picked":["Thunderclap","Sentinel"],"picked":"Havoc","floor":7},{"not_picked":["Shrug It Off","Thunderclap"],"picked":"Cleave","floor":10},{"not_picked":["Heavy Blade","Clothesline"],"picked":"Limit Break","floor":12},{"not_picked":["Combust+1","Body Slam"],"picked":"Second Wind","floor":14},{"not_picked":["Juggernaut+1","Fiend Fire"],"picked":"Corruption+1","floor":16}],"player_experience":421238,"relics_obtained":[{"floor":6,"key":"Centennial Puzzle"},{"floor":9,"key":"Frozen Egg 2"},{"floor":10,"key":"Vajra"},{"floor":12,"key":"Happy Flower"}],"event_choices":[{"damage_healed":0,"gold_gain":0,"player_choice":"Ignored","damage_taken":0,"max_hp_gain":0,"max_hp_loss":0,"event_name":"Liars Game","floor":4,"gold_loss":0},{"cards_removed":["Strike_R"],"damage_healed":0,"gold_gain":0,"player_choice":"Purged","damage_taken":0,"max_hp_gain":0,"max_hp_loss":0,"event_name":"Purifier","floor":5,"gold_loss":0},{"damage_healed":0,"gold_gain":75,"player_choice":"Gather Gold","damage_taken":11,"max_hp_gain":0,"max_hp_loss":0,"event_name":"World of Goop","floor":8,"gold_loss":0}],"is_beta":false,"boss_relics":[{"not_picked":["Runic Dome","Calling Bell"],"picked":"Cursed Key"}],"items_purged_floors":[3],"is_endless":false,"potions_floor_spawned":[1,10,12,16],"killed_by":"3 Byrds","ascension_level":18}}