{"host":"qjr2x8lg4bxz99yh","time":1608794407,"event":{"mods":["Act Like it!","BaseMod","Colored Powertips","Downfall","Friendly Minions","Hallownest","Hermit","Minty Spire (QoL Compilation)","Replay The Spire","StSLib","The Bug Knight","The Cursed","The Disciple","The Hierophant","The Jungle","The Necromancer","The Runesmith","everything is the same but u backflip on backflip"],"gold_per_floor":[111,111,111,125,141,141,176,176,256,256,292,122,122,122,137,172,172,301,301,324,324,224,247,162,205,205,224,224,245,112,112,6,21,21,146,146,164,187,1,14,14,38,38,51,124,124,140,140,153,194,194,194,194],"floor_reached":52,"playtime":4445,"items_purged":[],"score":722,"play_id":"098cc9d7-cfb3-4ee9-8b5a-713bd79c256c","local_time":"20201224012007","is_ascension_mode":false,"campfire_choices":[{"data":"Feed","floor":6,"key":"SMITH"},{"data":"Flex","floor":10,"key":"SMITH"},{"data":"1","floor":17,"key":"LIFT"},{"data":"2","floor":26,"key":"LIFT"},{"data":"Armaments","floor":31,"key":"SMITH"},{"floor":34,"key":"REST"},{"data":"3","floor":43,"key":"LIFT"},{"floor":46,"key":"REST"},{"floor":51,"key":"REST"}],"circlet_count":0,"master_deck":["Strike_R+1","Strike_R+1","Strike_R+1","Strike_R+1","Strike_R+1","Defend_R+1","Defend_R+1","Defend_R+1","Defend_R+1","Bash","Feed+1","Twin Strike","Perfected Strike","Entrench","Flex+1","Power Through","Cleave","Armaments+1","Bandage Up","Anger","Flame Barrier","Demon Form","Iron Wave+1","ReplayTheSpireMod:LeadingStrike","Anger+1","Thunderclap","ReplayTheSpireMod:Strike From Hell+1","Discovery","Rupture","Armaments","Infernal Blade","Fire Breathing","Barricade","Slimebound:Icky","Injury","CommonCold","Metallicize","Headbutt+1","Mayhem","Iron Wave+1","Doubt","Dual Wield+1","Perfected Strike+1","Parasite","Power Through","Uppercut+1","Clash+1"],"relics":["Burning Blood","Golden Idol","Juzu Bracelet","Replay:Ringing Soul","Kunai","MealTicket","Girya","Potion Belt","Lizard Tail","Garlic","Bottled Lightning","Replay:Ancient Bell","Happy Flower","Molten Egg 2","CaptainsWheel","Quantum Egg","Paper Frog"],"acts_visited":["Exordium","TheCity","TheBeyond"],"potions_floor_usage":[7,11,18,27,27,33,35,52,52],"damage_taken":[{"damage":0,"enemies":"Small Slimes","floor":1,"turns":4},{"damage":1,"enemies":"2 Louse","floor":4,"turns":3},{"damage":0,"enemies":"Cultist","floor":5,"turns":2},{"damage":4,"enemies":"Replay:BlueRogue","floor":7,"turns":6},{"damage":17,"enemies":"Gremlin Nob","floor":11,"turns":3},{"damage":11,"enemies":"Large Slime","floor":15,"turns":7},{"damage":10,"enemies":"Replay:BlueRogue","floor":16,"turns":4},{"damage":67,"enemies":"Fading Forest","floor":18,"turns":11},{"damage":42,"enemies":"3 Byrds","floor":20,"turns":8},{"damage":23,"enemies":"2 Thieves","floor":23,"turns":4},{"damage":28,"enemies":"Replay:Snechameleon","floor":25,"turns":9},{"damage":32,"enemies":"Chosen and Byrds","floor":27,"turns":5},{"damage":11,"enemies":"Snake Plant","floor":29,"turns":4},{"damage":28,"enemies":"Snecko","floor":33,"turns":5},{"damage":126,"enemies":"Collector","floor":35,"turns":14},{"damage":13,"enemies":"Orb Walker","floor":37,"turns":4},{"damage":9,"enemies":"3 Shapes","floor":38,"turns":6},{"damage":66,"enemies":"Sphere and 2 Shapes","floor":40,"turns":6},{"damage":10,"enemies":"4 Shapes","floor":42,"turns":6},{"damage":20,"enemies":"3 Darklings","floor":44,"turns":8},{"damage":25,"enemies":"Writhing Mass","floor":47,"turns":8},{"damage":32,"enemies":"Jaw Worm Horde","floor":49,"turns":9},{"damage":68,"enemies":"Nemesis","floor":50,"turns":7},{"damage":192,"enemies":"Awakened One","floor":52,"turns":15}],"seed_played":"-7504906657407940913","potions_obtained":[{"floor":1,"key":"SteroidPotion"},{"floor":5,"key":"HeartOfIron"},{"floor":11,"key":"Slimebound:ThreeZeroPotion"},{"floor":15,"key":"DuplicationPotion"},{"floor":16,"key":"Reflective Coating"},{"floor":23,"key":"Fire Potion"},{"floor":25,"key":"EssenceOfSteel"},{"floor":35,"key":"Doom Potion"},{"floor":37,"key":"Venom Potion"},{"floor":44,"key":"Death Potion"},{"floor":49,"key":"FairyPotion"}],"is_trial":false,"path_per_floor":["M","?","?","M","M","R","E","?","T","R","E","$","PTL","PTL","M","E","R","B",null,"M","?","?","M","?","E","R","M","T","M","$","R","$","M","R","B",null,"M","M","$","M","?","M","R","M","T","R","M","?","M","E","R","B"],"character_chosen":"IRONCLAD","items_purchased":["Cleave","Armaments","Bandage Up","Discovery","Rupture","Armaments","Infernal Blade","Mayhem"],"campfire_rested":3,"item_purchase_floors":[12,12,12,30,30,32,32,39],"current_hp_per_floor":[65,45,45,53,59,59,65,68,68,68,60,78,78,78,84,91,91,47,116,91,91,91,81,81,66,66,51,51,57,75,75,93,74,119,85,158,158,158,171,114,117,116,116,109,109,163,151,151,132,73,130,0,0],"gold":194,"neow_bonus":"THREE_RARE_CARDS","is_daily":false,"chose_seed":false,"campfire_upgraded":3,"win_rate":0.0,"timestamp":1608794407,"path_taken":["M","?","?","?","?","R","E","?","T","R","E","$","PTL","PTL","M","E","R","BOSS","M","?","?","M","?","E","R","M","T","M","$","R","$","M","R","BOSS","M","M","$","M","?","M","R","M","T","R","M","?","M","E","R","BOSS"],"items_purchased_type":["Card","Card","Card","Card","Card","Card","Card","Card"],"build_version":"2020-12-22","purchased_purges":0,"victory":false,"max_hp_per_floor":[83,83,83,86,86,86,90,93,93,93,96,99,99,99,106,113,113,116,116,123,123,123,126,126,129,129,136,136,143,146,146,149,152,152,155,158,165,168,171,174,177,180,180,183,183,183,186,186,189,192,192,192,192],"card_choices":[{"not_picked":["Hemogenesis","Offering"],"picked":"Feed","floor":0},{"not_picked":["Battle Trance","Body Slam"],"picked":"Twin Strike","floor":1},{"not_picked":["Reckless Charge","Body Slam"],"picked":"Perfected Strike","floor":4},{"not_picked":["Warcry","Intimidate"],"picked":"Entrench","floor":5},{"not_picked":["Eclipse","ReplayTheSpireMod:Corrosion Curse"],"picked":"Flex","floor":7},{"not_picked":["Sword Boomerang","Inflame"],"picked":"Power Through","floor":11},{"not_picked":["Infernal Blade","Clothesline"],"picked":"Anger","floor":15},{"not_picked":["Run Through","Feel No Pain"],"picked":"Flame Barrier","floor":16},{"not_picked":["Corruption","Hemogenesis"],"picked":"Demon Form","floor":18},{"not_picked":["Sword Boomerang","Replay:Undeath\u0027s Touch"],"picked":"Iron Wave+1","floor":20},{"not_picked":["Perfected Strike","Clash"],"picked":"ReplayTheSpireMod:LeadingStrike","floor":23},{"not_picked":["Burning Pact","Thunderclap+1"],"picked":"Anger+1","floor":25},{"not_picked":["True Grit","Pommel Strike"],"picked":"Thunderclap","floor":27},{"not_picked":["Sword Boomerang","Hemokinesis"],"picked":"ReplayTheSpireMod:Strike From Hell+1","floor":29},{"not_picked":["Twin Strike","Headbutt"],"picked":"Fire Breathing","floor":33},{"not_picked":["Double Tap","Berserk"],"picked":"Barricade","floor":35},{"not_picked":["Looming Evil","Voices"],"picked":"Slimebound:Icky","floor":36},{"not_picked":["ReplayTheSpireMod:IOU","Overencumbered"],"picked":"Injury","floor":36},{"not_picked":["Replay:Hysterical Blindness","TheCursedMod:Dregs"],"picked":"CommonCold","floor":36},{"not_picked":["ReplayTheSpireMod:Strike From Hell+1","Cleave+1"],"picked":"Metallicize","floor":37},{"not_picked":["Anger+1","Rupture"],"picked":"Headbutt+1","floor":38},{"not_picked":["Burning Pact","Thunderclap+1"],"picked":"Iron Wave+1","floor":40},{"not_picked":["Combust+1","Offering"],"picked":"Dual Wield+1","floor":42},{"not_picked":["True Grit","Thunderclap+1"],"picked":"Perfected Strike+1","floor":44},{"not_picked":["Warcry+1","True Grit+1"],"picked":"Power Through","floor":47},{"not_picked":["Sword Boomerang+1","Pummel+1"],"picked":"Uppercut+1","floor":49},{"not_picked":["Headbutt+1","Rupture+1"],"picked":"Clash+1","floor":50}],"player_experience":14608,"relics_obtained":[{"floor":7,"key":"Juzu Bracelet"},{"floor":9,"key":"Kunai"},{"floor":11,"key":"MealTicket"},{"floor":16,"key":"Girya"},{"floor":25,"key":"Garlic"},{"floor":28,"key":"Bottled Lightning"},{"floor":45,"key":"Quantum Egg"},{"floor":50,"key":"Paper Frog"}],"event_choices":[{"damage_healed":0,"gold_gain":0,"player_choice":"Take Damage","damage_taken":20,"relics_obtained":["Golden Idol"],"max_hp_gain":0,"max_hp_loss":0,"event_name":"Golden Idol","floor":2,"gold_loss":0},{"damage_healed":0,"gold_gain":0,"player_choice":"Ignored","damage_taken":0,"max_hp_gain":0,"max_hp_loss":0,"event_name":"Purifier","floor":3,"gold_loss":0},{"damage_healed":0,"gold_gain":0,"player_choice":"Box","damage_taken":0,"relics_obtained":["Replay:Ringing Soul"],"max_hp_gain":0,"max_hp_loss":0,"event_name":"Big Fish","floor":8,"gold_loss":0,"cards_obtained":["Regret"]},{"damage_healed":0,"gold_gain":0,"player_choice":"Simplicity","damage_taken":0,"max_hp_gain":0,"max_hp_loss":0,"event_name":"Back to Basics","floor":21,"gold_loss":0,"cards_upgraded":["Strike_R","Strike_R","Strike_R","Strike_R","Strike_R","Defend_R","Defend_R","Defend_R","Defend_R"]},{"damage_healed":0,"gold_gain":0,"player_choice":"Paid Gold","damage_taken":0,"relics_obtained":["Potion Belt"],"max_hp_gain":0,"max_hp_loss":0,"event_name":"WeMeetAgain","floor":22,"gold_loss":100},{"damage_healed":0,"gold_gain":0,"player_choice":"Obtained Relic","damage_taken":0,"relics_obtained":["Lizard Tail"],"max_hp_gain":0,"max_hp_loss":0,"event_name":"Addict","floor":24,"gold_loss":85},{"cards_removed":["Regret"],"damage_healed":0,"gold_gain":0,"player_choice":"Took Card","damage_taken":0,"max_hp_gain":0,"max_hp_loss":0,"event_name":"NoteForYourself","floor":41,"gold_loss":0,"cards_obtained":["Doubt"]},{"damage_healed":0,"gold_gain":0,"player_choice":"Ignored","damage_taken":0,"max_hp_gain":0,"max_hp_loss":0,"event_name":"Tomb of Lord Red Mask","floor":48,"gold_loss":0}],"is_beta":false,"boss_relics":[{"not_picked":["Runic Dome","Replay:Grab Bag","Runesmith:UraniumAnvil"]},{"not_picked":["ReplayTheSpireMod:DimensionalGlitch","Snecko Eye"],"picked":"Replay:Ancient Bell"},{"not_picked":["PreservedInsect","Dream Catcher"],"picked":"Happy Flower"},{"not_picked":["Frozen Egg 2","Pear"],"picked":"Molten Egg 2"},{"not_picked":["Replay:Multitool","Replay:PocketPolymizer"],"picked":"CaptainsWheel"}],"items_purged_floors":[],"is_endless":false,"potions_floor_spawned":[1,5,11,15,16,23,25,35,37,44,49],"killed_by":"Awakened One","ascension_level":0}}