{"host":"sum4dy402bbv9y4o","time":1608840826,"event":{"mods":["Aspiration","BaseMod","Conspire","Highlight Path","Minty Spire (QoL Compilation)","StSLib"],"gold_per_floor":[17,29,29,79,4,4,37,37,91,91,126,18,28,78,78,154,154,169,184,184,184],"floor_reached":20,"playtime":593,"items_purged":["Strike_G"],"score":460,"play_id":"41059e1a-abec-4c63-b3bc-4bb056a74a80","local_time":"20201224231346","is_ascension_mode":true,"campfire_choices":[{"data":"Corpse Explosion","floor":6,"key":"SMITH"},{"data":"Noxious Fumes","floor":8,"key":"SMITH"},{"floor":10,"key":"REST"},{"data":"Bouncing Flask","floor":15,"key":"SMITH"}],"circlet_count":0,"master_deck":["AscendersBane","Strike_G","Strike_G","Strike_G","Strike_G","Defend_G","Defend_G","Defend_G","Defend_G","Defend_G","Survivor","Neutralize","Corpse Explosion+1","Noxious Fumes+1","Dagger Spray","Sucker Punch","Bouncing Flask+1","Blur","Cloak And Dagger+1"],"relics":["Ring of the Snake","PreservedInsect","Snake Skull","FossilizedHelix","Black Star"],"acts_visited":["Exordium","TheCity"],"potions_floor_usage":[7,11,16,16,18,19,20],"damage_taken":[{"damage":4,"enemies":"Small Slimes","floor":1,"turns":3},{"damage":1,"enemies":"Cultist","floor":2,"turns":4},{"damage":30,"enemies":"3 Sentries","floor":7,"turns":6},{"damage":26,"enemies":"Gremlin Nob","floor":11,"turns":4},{"damage":0,"enemies":"2 Louse","floor":13,"turns":2},{"damage":0,"enemies":"Hexaghost","floor":16,"turns":6},{"damage":33,"enemies":"2 Thieves","floor":18,"turns":4},{"damage":9,"enemies":"Shell Parasite","floor":19,"turns":7},{"damage":12,"enemies":"Sentry and Sphere","floor":20,"turns":3}],"seed_played":"-2843789201987871297","potions_obtained":[{"floor":1,"key":"SneckoOil"},{"floor":2,"key":"FearPotion"},{"floor":16,"key":"BlessingOfTheForge"},{"floor":18,"key":"CunningPotion"},{"floor":19,"key":"CunningPotion"}],"is_trial":false,"path_per_floor":["M","M","$","?","$","R","E","R","T","R","E","$","M","?","R","B",null,"M","M","M"],"character_chosen":"THE_SILENT","items_purchased":["PowerPotion","PowerPotion"],"campfire_rested":1,"item_purchase_floors":[12,12],"current_hp_per_floor":[55,54,54,48,48,48,18,18,18,37,11,11,11,11,11,11,52,19,10,0,0],"gold":184,"neow_bonus":"THREE_RARE_CARDS","is_daily":false,"chose_seed":false,"campfire_upgraded":3,"win_rate":0.0,"timestamp":1608840826,"path_taken":["M","M","$","?","?","R","E","R","T","R","E","$","M","?","R","BOSS","M","?","M"],"items_purchased_type":["Potion","Potion"],"build_version":"2020-12-22","purchased_purges":1,"victory":false,"max_hp_per_floor":[66,66,66,66,66,66,66,66,66,66,66,66,66,66,66,66,66,66,66,66,66],"card_choices":[{"not_picked":["Night Terror","A Thousand Cuts"],"picked":"Corpse Explosion","floor":0},{"not_picked":["Crippling Poison","Outmaneuver"],"picked":"Noxious Fumes","floor":1},{"not_picked":["Deadly Poison","Backflip"],"picked":"Dagger Spray","floor":2},{"not_picked":["Riddle With Holes","Skewer"],"picked":"Sucker Punch","floor":7},{"not_picked":["Crippling Poison","Malaise"],"picked":"Bouncing Flask","floor":11},{"not_picked":["Acrobatics","Backflip","Blade Dance"],"picked":"SKIP","floor":13},{"not_picked":["Blade Dance","Slice"],"picked":"Blur","floor":18},{"not_picked":["Deflect","Sucker Punch+1"],"picked":"Cloak And Dagger+1","floor":19}],"player_experience":2840651,"relics_obtained":[{"floor":7,"key":"PreservedInsect"},{"floor":9,"key":"Snake Skull"},{"floor":11,"key":"FossilizedHelix"}],"event_choices":[{"damage_healed":0,"gold_gain":50,"player_choice":"Touch","damage_taken":6,"max_hp_gain":0,"max_hp_loss":0,"event_name":"FaceTrader","floor":4,"gold_loss":0},{"damage_healed":0,"gold_gain":50,"player_choice":"Pray","damage_taken":0,"max_hp_gain":0,"max_hp_loss":0,"event_name":"Golden Shrine","floor":14,"gold_loss":0}],"is_beta":false,"boss_relics":[{"not_picked":["aspiration:RandomNobGenerator","Tiny House"],"picked":"Black Star"}],"items_purged_floors":[5],"is_endless":false,"potions_floor_spawned":[1,2,16,18,19],"killed_by":"Sentry and Sphere","ascension_level":20}}