{"host":"ufl0k2so27eic2iy","time":1608834704,"event":{"mods":["BaseMod","Minty Spire (QoL Compilation)","StSLib","The Animator"],"gold_per_floor":[123,135,147,147,162,162,190,190,190,190,219,232,266,295,295,303,303],"floor_reached":16,"playtime":730,"items_purged":[],"score":214,"play_id":"a5cca6f7-82fd-4d7c-9ad4-1154d034aee3","local_time":"20201224183144","is_ascension_mode":true,"campfire_choices":[{"data":"animator:YunYun","floor":6.0,"key":"SMITH"},{"data":"animator:Aqua","floor":8.0,"key":"SMITH"},{"data":"animator:Vanir","floor":10.0,"key":"SMITH"},{"data":"animator:Kazuma","floor":15.0,"key":"SMITH"}],"circlet_count":0,"master_deck":["AscendersBane","animator:Strike_Konosuba","animator:Defend_Konosuba","animator:Strike","animator:Defend","animator:Defend","animator:Defend","animator:Kazuma+1","animator:Aqua+1","animator:Vanir+1","animator:YaoHaDucy","animator:AcuraTooru","animator:YunYun+1","animator:YunYun","animator:Kyubey","animator:YuiTsuruno","animator:Gillette","animator:Chris"],"relics":["animator:LivingPicture","animator:TheMissingPiece","animator:PurpleTeddyBear","CloakClasp","Sundial","Question Card"],"acts_visited":["Exordium"],"potions_floor_usage":[16],"damage_taken":[{"damage":0.0,"enemies":"Cultist","floor":1.0,"turns":6.0},{"damage":1.0,"enemies":"Jaw Worm","floor":2.0,"turns":6.0},{"damage":1.0,"enemies":"2 Louse","floor":3.0,"turns":3.0},{"damage":2.0,"enemies":"Looter","floor":5.0,"turns":3.0},{"damage":16.0,"enemies":"Gremlin Nob","floor":7.0,"turns":4.0},{"damage":14.0,"enemies":"Lagavulin","floor":11.0,"turns":8.0},{"damage":0.0,"enemies":"3 Louse","floor":12.0,"turns":1.0},{"damage":16.0,"enemies":"Gremlin Nob","floor":13.0,"turns":4.0},{"damage":0.0,"enemies":"Exordium Thugs","floor":14.0,"turns":2.0},{"damage":35,"enemies":"Slime Boss","floor":16,"turns":9}],"seed_played":"5532704543608112147","potions_obtained":[{"floor":1.0,"key":"SkillPotion"},{"floor":2.0,"key":"DuplicationPotion"},{"floor":5.0,"key":"Fire Potion"},{"floor":12.0,"key":"LiquidBronze"}],"is_trial":false,"path_per_floor":["M","M","M","?","M","R","E","R","T","R","E","M","E","M","R","B"],"character_chosen":"THE_ANIMATOR","items_purchased":[],"campfire_rested":0,"item_purchase_floors":[],"current_hp_per_floor":[56,57,58,58,59,59,45,45,45,45,34,34,21,24,24,0,0],"gold":303,"neow_bonus":"REMOVE_CARD","is_daily":false,"chose_seed":false,"campfire_upgraded":4,"win_rate":0.0,"timestamp":1608834704,"path_taken":["M","?","M","?","M","R","E","R","T","R","E","?","E","M","R","BOSS"],"items_purchased_type":[],"build_version":"2020-12-22","purchased_purges":0,"victory":false,"max_hp_per_floor":[60,60,60,60,61,61,61,61,61,61,61,61,61,61,61,61,61],"card_choices":[{"not_picked":["animator:MamiTomoe","animator:NagisaMomoe"],"picked":"animator:Vanir","floor":1.0},{"not_picked":["animator:Vesta","animator:NagisaMomoe"],"picked":"animator:YaoHaDucy","floor":2.0},{"not_picked":["animator:Guy","animator:SwordMaiden"],"picked":"animator:AcuraTooru","floor":3.0},{"not_picked":["animator:Verdia","animator:Mitsurugi"],"picked":"animator:YunYun","floor":5.0},{"not_picked":["animator:AcuraAkari","animator:CowGirl"],"picked":"animator:YunYun","floor":7.0},{"not_picked":["animator:Viivi","animator:Verdia"],"picked":"animator:Kyubey","floor":11.0},{"not_picked":["animator:Hakurou","animator:DwarfShaman"],"picked":"animator:YuiTsuruno","floor":12.0},{"not_picked":["animator:AcuraAkari","animator:Guy"],"picked":"animator:Gillette","floor":13.0},{"not_picked":["animator:Guy","animator:Pride","animator:Millim"],"picked":"animator:Chris","floor":14.0}],"player_experience":2365736,"relics_obtained":[{"floor":7.0,"key":"animator:PurpleTeddyBear"},{"floor":9.0,"key":"CloakClasp"},{"floor":11.0,"key":"Sundial"},{"floor":13.0,"key":"Question Card"}],"event_choices":[{"cards_removed":["animator:Strike"],"damage_healed":0.0,"max_hp_gain":0.0,"max_hp_loss":0.0,"gold_gain":0.0,"event_name":"Wheel of Change","player_choice":"Card Removal","floor":4.0,"gold_loss":0.0,"damage_taken":0.0}],"is_beta":false,"boss_relics":[],"items_purged_floors":[],"is_endless":false,"potions_floor_spawned":[1,2,5,12],"killed_by":"Slime Boss","ascension_level":15}}