{"host":"2lrkmsuh7nz013qb","time":1608802982,"event":{"mods":["BaseMod","Colored Map","DeckTracker","Minty Spire (QoL Compilation)","SuperFastMode","everything is the same but u backflip on backflip"],"gold_per_floor":[132,166,220,238,253,304,304,332,358,358,401,243,243,14,14,118,118,129,129,60,99,99,99,165,184,184,201,53,53,98,98,98,98,98],"floor_reached":33,"playtime":941,"items_purged":["Strike_B","Strike_B"],"score":363,"play_id":"fd0a847a-4ee4-48be-a885-8913a6e0cf15","local_time":"20201224184302","is_ascension_mode":true,"campfire_choices":[{"data":"HandOfGreed","floor":7,"key":"SMITH"},{"data":"Static Discharge","floor":13,"key":"SMITH"},{"data":"Biased Cognition","floor":15,"key":"SMITH"},{"data":"Heatsinks","floor":23,"key":"SMITH"},{"data":"Dualcast","floor":29,"key":"SMITH"},{"floor":32,"key":"REST"}],"circlet_count":0,"master_deck":["Strike_B","Strike_B","Defend_B","Defend_B","Defend_B","Defend_B","Zap","Dualcast+1","HandOfGreed+1","Self Repair","Beam Cell","Static Discharge+1","Storm","Coolheaded+1","Chaos+1","Panacea+1","Biased Cognition+1","Fission+1","Conserve Battery+1","Heatsinks+1","Fusion+1","Tempest+1","Coolheaded+1","Compile Driver+1","Pain"],"relics":["Cracked Core","Mummified Hand","Toxic Egg 2","MealTicket","SacredBark","WarpedTongs"],"acts_visited":["Exordium","TheCity"],"potions_floor_usage":[6,6,16,27,27,33,33],"damage_taken":[{"damage":0,"enemies":"Cultist","floor":1,"turns":4},{"damage":7,"enemies":"Jaw Worm","floor":2,"turns":3},{"damage":0,"enemies":"Small Slimes","floor":3,"turns":3},{"damage":13,"enemies":"Red Slaver","floor":4,"turns":3},{"damage":17,"enemies":"Looter","floor":5,"turns":3},{"damage":6,"enemies":"Lagavulin","floor":6,"turns":6},{"damage":34,"enemies":"Gremlin Nob","floor":8,"turns":4},{"damage":8,"enemies":"Blue Slaver","floor":11,"turns":2},{"damage":12,"enemies":"Slime Boss","floor":16,"turns":5},{"damage":13,"enemies":"2 Thieves","floor":18,"turns":3},{"damage":0,"enemies":"Chosen","floor":21,"turns":5},{"damage":17,"enemies":"Centurion and Healer","floor":24,"turns":6},{"damage":24,"enemies":"Snake Plant","floor":25,"turns":2},{"damage":16,"enemies":"Shelled Parasite and Fungi","floor":27,"turns":3},{"damage":17,"enemies":"Sentry and Sphere","floor":30,"turns":3},{"damage":67,"enemies":"Collector","floor":33,"turns":6}],"seed_played":"6560554948945703803","potions_obtained":[{"floor":3,"key":"DistilledChaos"},{"floor":4,"key":"Dexterity Potion"},{"floor":8,"key":"Ancient Potion"},{"floor":11,"key":"SkillPotion"},{"floor":16,"key":"GamblersBrew"},{"floor":21,"key":"Fire Potion"},{"floor":30,"key":"Dexterity Potion"}],"is_trial":false,"path_per_floor":["M","M","M","M","M","E","R","E","T","?","M","$","R","$","R","B",null,"M","?","$","M","$","R","M","M","T","M","$","R","M","?","R","B"],"character_chosen":"DEFECT","items_purchased":["Panacea+1","Biased Cognition","DuplicationPotion","Heatsinks","Coolheaded+1"],"campfire_rested":1,"item_purchase_floors":[12,14,14,20,28],"current_hp_per_floor":[68,61,61,55,45,46,46,19,19,19,18,33,33,48,48,43,62,56,61,68,68,68,68,58,34,34,25,40,40,30,30,50,0,0],"gold":98,"neow_bonus":"RANDOM_COLORLESS_2","is_daily":false,"chose_seed":false,"campfire_upgraded":5,"win_rate":0.0,"timestamp":1608802982,"path_taken":["M","M","M","?","M","E","R","E","T","?","M","$","R","$","R","BOSS","M","?","$","M","?","R","M","M","T","M","$","R","M","?","R","BOSS"],"items_purchased_type":["Card","Card","Potion","Card","Card"],"build_version":"2020-12-22","purchased_purges":2,"victory":false,"max_hp_per_floor":[68,68,68,68,68,68,68,68,68,68,68,68,68,68,68,68,68,68,68,68,68,68,68,68,68,68,68,68,68,68,68,68,68,68],"card_choices":[{"not_picked":["Sadistic Nature","Panache"],"picked":"HandOfGreed","floor":0},{"not_picked":["Compile Driver","Lockon"],"picked":"Sweeping Beam","floor":1},{"not_picked":["Tempest","Redo","Steam"],"picked":"SKIP","floor":2},{"not_picked":["White Noise","Storm"],"picked":"Self Repair","floor":3},{"not_picked":["Rip and Tear","Sweeping Beam"],"picked":"Beam Cell","floor":4},{"not_picked":["Beam Cell","Steam"],"picked":"Static Discharge","floor":5},{"not_picked":["Barrage","Hologram"],"picked":"Storm","floor":6},{"not_picked":["Streamline","BootSequence+1"],"picked":"Coolheaded+1","floor":8},{"not_picked":["Stack+1","Leap+1"],"picked":"Chaos+1","floor":11},{"not_picked":["Multi-Cast+1","All For One"],"picked":"Fission+1","floor":16},{"not_picked":["Streamline","White Noise+1"],"picked":"Conserve Battery+1","floor":18},{"not_picked":["Beam Cell+1","Genetic Algorithm+1"],"picked":"Fusion+1","floor":21},{"not_picked":["Sweeping Beam","Cold Snap+1","Doom and Gloom"],"picked":"SKIP","floor":24},{"not_picked":["Double Energy+1","Consume+1","Lockon"],"picked":"SKIP","floor":25},{"not_picked":["Double Energy+1","Consume+1","Lockon"],"picked":"SKIP","floor":25},{"not_picked":["Aggregate+1","Ball Lightning+1"],"picked":"Tempest+1","floor":27},{"not_picked":["Cold Snap","Consume+1"],"picked":"Compile Driver+1","floor":30}],"player_experience":691227,"relics_obtained":[{"floor":6,"key":"Mummified Hand"},{"floor":8,"key":"Toxic Egg 2"},{"floor":9,"key":"MealTicket"}],"event_choices":[{"damage_healed":0,"gold_gain":0,"player_choice":"0 cards matched","damage_taken":0,"max_hp_gain":0,"max_hp_loss":0,"event_name":"Match and Keep!","floor":10,"gold_loss":0,"cards_obtained":[]},{"cards_removed":["Sweeping Beam"],"damage_healed":5,"gold_gain":0,"player_choice":"Offered Common","damage_taken":0,"max_hp_gain":0,"max_hp_loss":0,"event_name":"Bonfire Elementals","floor":19,"gold_loss":0},{"cards_removed":["Sweeping Beam"],"damage_healed":5,"gold_gain":0,"player_choice":"Offered Special","damage_taken":0,"max_hp_gain":0,"max_hp_loss":0,"event_name":"Bonfire Elementals","floor":19,"gold_loss":0},{"damage_healed":0,"gold_gain":0,"player_choice":"Rummage","damage_taken":0,"relics_obtained":["WarpedTongs"],"max_hp_gain":0,"max_hp_loss":0,"event_name":"Accursed Blacksmith","floor":31,"gold_loss":0,"cards_obtained":["Pain"]}],"is_beta":false,"boss_relics":[{"not_picked":["Pandora\u0027s Box","Velvet Choker"],"picked":"SacredBark"}],"items_purged_floors":[12,28],"is_endless":false,"potions_floor_spawned":[3,4,8,11,16,21,25,30],"killed_by":"Collector","ascension_level":8}}