{"host":"6to8m083wj0ro91z","time":1608816724,"event":{"mods":["BaseMod","Better Third Choice","BetterRewards","CatGirl Mod","Friendly Minions","Hubris","Mad Scientist","Marisa????????","Minty Spire (QoL Compilation)","Reimu??????","Shade Mod","Spicy Shops","StSLib","The Blackbeard","The Caster","The Death Knight","The Gatherer","The Mystic","The Necromancer","The Servant 0.9.4","TheVacant"],"gold_per_floor":[115,115,127,144,163,197,227,270,282,323,370,382,394,446,458,598,610,662,674,674],"floor_reached":19,"playtime":1126,"items_purged":["blackbeard:BlackbeardStrike","blackbeard:BlackbeardStrike"],"score":306,"play_id":"0a9ed925-29ae-4f96-bec2-e220bb0e1145","local_time":"20201224143204","is_ascension_mode":true,"campfire_choices":[{"data":"blackbeard:Fencing","floor":12.0,"key":"SMITH"},{"floor":15.0,"key":"REST"}],"circlet_count":0,"master_deck":["blackbeard:BlackbeardStrike","blackbeard:BlackbeardStrike","blackbeard:IntimidatingStrike","blackbeard:BlackbeardDefend","blackbeard:BlackbeardDefend","blackbeard:BlackbeardDefend","blackbeard:BlackbeardDefend","blackbeard:Cutlass","blackbeard:BlindAttacks","blackbeard:Rum","blackbeard:WiseDefense","blackbeard:Fencing","blackbeard:Fencing+1","blackbeard:BlindAttacks","blackbeard:Bandana"],"relics":["blackbeard:LoadTheCannons","Torii","Juzu Bracelet","Toy Ornithopter","hubris:GlazedTorus","hubris:Zylophone","MawBank","Regal Pillow","Bag of Preparation","Black Star"],"acts_visited":[],"potions_floor_usage":[],"damage_taken":[{"damage":0.0,"enemies":"Jaw Worm","floor":1.0,"turns":3.0},{"damage":0.0,"enemies":"Cultist","floor":3.0,"turns":4.0},{"damage":0.0,"enemies":"2 Louse","floor":4.0,"turns":1.0},{"damage":0.0,"enemies":"Blue Slaver","floor":5.0,"turns":5.0},{"damage":1.0,"enemies":"Lagavulin","floor":6.0,"turns":5.0},{"damage":0.0,"enemies":"Large Slime","floor":7.0,"turns":5.0},{"damage":5.0,"enemies":"3 Sentries","floor":8.0,"turns":6.0},{"damage":7.0,"enemies":"Lagavulin","floor":10.0,"turns":5.0},{"damage":0.0,"enemies":"2 Fungi Beasts","floor":11.0,"turns":3.0},{"damage":0.0,"enemies":"Gremlin Gang","floor":14.0,"turns":5.0},{"damage":1.0,"enemies":"The Guardian","floor":16.0,"turns":8.0},{"damage":2.0,"enemies":"Spheric Guardian","floor":18.0,"turns":4.0},{"damage":0,"enemies":"Masked Bandits","floor":19,"turns":1}],"seed_played":"6599246933933536785","potions_obtained":[{"floor":1.0,"key":"Swift Potion"},{"floor":7.0,"key":"LiquidBronze"},{"floor":10.0,"key":"Block Potion"},{"floor":16.0,"key":"blackbeard:RumPotion"}],"is_trial":false,"path_per_floor":["M","?","M","M","M","E","M","E","T","E","M","R","?","M","R","B",null,"M","?"],"character_chosen":"BLACKBEARD_CLASS","items_purchased":["blackbeard:BlindAttacks","Torii","Juzu Bracelet","Toy Ornithopter","blackbeard:Rum","hubris:GlazedTorus","blackbeard:WiseDefense"],"campfire_rested":1,"item_purchase_floors":[0,0,0,0,0,0,0],"current_hp_per_floor":[28,28,28,28,28,27,27,22,22,15,15,15,3,8,45,44,75,73,73,73],"gold":674,"neow_bonus":"","is_daily":false,"chose_seed":false,"campfire_upgraded":1,"win_rate":0.0,"timestamp":1608816724,"path_taken":["M","?","M","M","M","E","M","E","T","E","M","R","?","M","R","BOSS","M","?"],"items_purchased_type":["Card","Relic","Relic","Relic","Card","Relic","Card"],"build_version":"2020-12-22","purchased_purges":2,"victory":false,"max_hp_per_floor":[75,75,75,75,75,75,75,75,75,75,75,75,75,75,75,75,75,75,75,75,75],"card_choices":[{"not_picked":["blackbeard:BeatUp","blackbeard:Sharpening"],"picked":"blackbeard:Fencing","floor":1.0},{"not_picked":["blackbeard:Sharpening","blackbeard:WiseDefense","blackbeard:RearmingStrike"],"picked":"SKIP","floor":3.0},{"not_picked":["blackbeard:GhostInTheRum","blackbeard:Spear","blackbeard:DeadlyArsenal"],"picked":"SKIP","floor":4.0},{"not_picked":["blackbeard:Revenge","blackbeard:Boarding"],"picked":"blackbeard:Fencing","floor":5.0},{"not_picked":["blackbeard:AgileStrike","blackbeard:DeadlyArsenal"],"picked":"blackbeard:BlindAttacks","floor":6.0},{"not_picked":["blackbeard:RearmingStrike","blackbeard:Upgrade","blackbeard:Sharpening"],"picked":"SKIP","floor":7.0},{"not_picked":["blackbeard:Sharpening","blackbeard:GoldenRain","blackbeard:Fencing"],"picked":"SKIP","floor":8.0},{"not_picked":["blackbeard:InfiniteBarrage","blackbeard:GoldenStrike"],"picked":"blackbeard:Bandana","floor":10.0},{"not_picked":["blackbeard:Shrapnel","blackbeard:RearmingStrike","blackbeard:Fencing"],"picked":"SKIP","floor":11.0},{"not_picked":["blackbeard:FieryDefense","blackbeard:BrownPants","blackbeard:PiratesWill"],"picked":"SKIP","floor":14.0},{"not_picked":["blackbeard:DoubleBottom+1","blackbeard:BlindAttacks","blackbeard:Spear"],"picked":"SKIP","floor":18.0}],"player_experience":1031878,"relics_obtained":[{"floor":6.0,"key":"MawBank"},{"floor":8.0,"key":"Regal Pillow"},{"floor":10.0,"key":"Bag of Preparation"}],"event_choices":[{"damage_healed":0.0,"max_hp_gain":0.0,"max_hp_loss":0.0,"gold_gain":0.0,"event_name":"WeMeetAgain","player_choice":"Gave Potion","floor":2.0,"gold_loss":0.0,"damage_taken":0.0,"relics_obtained":["hubris:Zylophone"]},{"damage_healed":0.0,"max_hp_gain":0.0,"max_hp_loss":0.0,"gold_gain":0.0,"event_name":"betterThird:BetterScrap","player_choice":"LEAVE","floor":13.0,"gold_loss":0.0,"damage_taken":12.0,"cards_obtained":["Eviscerate"]},{"damage_healed":0,"gold_gain":0,"player_choice":"Fought Bandits","damage_taken":0,"max_hp_gain":0,"max_hp_loss":0,"event_name":"Masked Bandits","floor":19,"gold_loss":0}],"is_beta":false,"boss_relics":[{"not_picked":["RedLine:ReiMu","hubris:ScarierMask"],"picked":"Black Star"}],"items_purged_floors":[0,0],"is_endless":false,"potions_floor_spawned":[1,7,10,16],"killed_by":"Masked Bandits","ascension_level":1}}