{"host":"ÇïÍ¥»¨¿ªÃÎÀïÏã","time":1608817770,"event":{"mods":["ATMod(°¢èªMod)","BaseMod","Custom Start","Minty Spire (QoL Compilation)","StSLib","¡¾ÒÅÎï¿¨ÅÆ¡¿REMEMod"],"gold_per_floor":[114,114,169,188,202,202,223,223,223,259,23,37,62,75,75,204,204,222,253,0,0,0,0,0,50,120,20,20,20,54,104,104,193,193,208,221,221,221],"floor_reached":37,"playtime":1016,"items_purged":["Strike_R","Strike_R"],"score":770,"play_id":"a2263ec2-3e91-4e64-a079-0e284684053e","local_time":"20201224214930","is_ascension_mode":true,"campfire_choices":[{"data":"Armaments","floor":6.0,"key":"SMITH"},{"data":"REME_EyeOfCthun","floor":8.0,"key":"SMITH"},{"data":"AT_EmpoweredMortalDraw","floor":15.0,"key":"SMITH"},{"data":"Evolve","floor":23,"key":"SMITH"},{"data":"Power Through","floor":32,"key":"SMITH"}],"circlet_count":0,"master_deck":["AscendersBane","Defend_R","Defend_R","Defend_R","Defend_R","Bash","AT_EmpoweredMortalDraw+1","REME_EyeOfCthun+1","Armaments+1","Shrug It Off","AT_BodySlamDance","AT_EmpoweredMortalDraw","Evolve+1","Power Through+1","Disarm","Disarm"],"relics":["Burning Blood","AT_ATBox","REME_ComplimentaryCards","NeowsBlessing","Golden Idol","AT_RedNoBalance","AT_BladeRuinedKing","Juzu Bracelet","AT_MortalBlade","Red Mask","Medical Kit","Pantograph","Pen Nib","Fusion Hammer"],"acts_visited":["Exordium","TheCity","TheBeyond"],"potions_floor_usage":[33],"damage_taken":[{"damage":0.0,"enemies":"Jaw Worm","floor":1.0,"turns":1.0},{"damage":0.0,"enemies":"Cultist","floor":4.0,"turns":1.0},{"damage":0.0,"enemies":"Small Slimes","floor":5.0,"turns":1.0},{"damage":18.0,"enemies":"3 Louse","floor":7.0,"turns":3.0},{"damage":32.0,"enemies":"Gremlin Nob","floor":10.0,"turns":4.0},{"damage":18.0,"enemies":"Lots of Slimes","floor":12.0,"turns":2.0},{"damage":22.0,"enemies":"Looter","floor":13.0,"turns":3.0},{"damage":15.0,"enemies":"Large Slime","floor":14.0,"turns":3.0},{"damage":28.0,"enemies":"Slime Boss","floor":16.0,"turns":10.0},{"damage":0.0,"enemies":"Shell Parasite","floor":18.0,"turns":1.0},{"damage":0,"enemies":"Masked Bandits","floor":19,"turns":1},{"damage":6,"enemies":"Book of Stabbing","floor":30,"turns":5},{"damage":71,"enemies":"Collector","floor":33,"turns":8},{"damage":0,"enemies":"3 Shapes","floor":35,"turns":1},{"damage":0,"enemies":"Orb Walker","floor":36,"turns":3},{"damage":0,"enemies":"Mind Bloom Boss Battle","floor":37,"turns":2}],"seed_played":"3172129305114975661","potions_obtained":[{"floor":5.0,"key":"ElixirPotion"},{"floor":10.0,"key":"REME_GoldPotion"},{"floor":14.0,"key":"CultistPotion"},{"floor":16.0,"key":"ColorlessPotion"},{"floor":28,"key":"Regen Potion"}],"is_trial":false,"path_per_floor":["M","?","T","M","M","R","M","R","T","E","$","M","M","M","R","B",null,"M","?","$","?","?","R","?","?","T","$","?","?","E","?","R","B",null,"M","M","?"],"character_chosen":"IRONCLAD","items_purchased":["Juzu Bracelet","Medical Kit","Evolve"],"campfire_rested":0,"item_purchase_floors":[11,20,20],"current_hp_per_floor":[74,68,68,68,68,68,56,56,56,8,8,22,18,25,25,12,54,40,40,40,40,40,40,21,21,21,21,21,21,36,36,36,10,57,42,48,73,73],"gold":221,"neow_bonus":"THREE_ENEMY_KILL","is_daily":false,"chose_seed":false,"campfire_upgraded":5,"win_rate":0.0,"timestamp":1608817770,"path_taken":["M","?","?","M","?","R","M","R","T","E","$","M","M","M","R","BOSS","M","?","$","?","?","R","?","?","T","$","?","?","E","?","R","BOSS","M","M","?"],"items_purchased_type":["Relic","Relic","Card"],"build_version":"2020-12-18","purchased_purges":2,"victory":false,"max_hp_per_floor":[75,68,68,68,68,68,68,68,68,68,68,68,68,68,68,68,68,68,68,68,68,68,68,73,73,73,73,73,73,73,73,73,73,73,73,73,73,73],"card_choices":[{"not_picked":["REME_SingleHolding","Iron Wave","Pommel Strike"],"picked":"SKIP","floor":1.0},{"not_picked":["AT_IchimonjiDouble","Pommel Strike"],"picked":"Armaments","floor":4.0},{"not_picked":["Wild Strike","AT_IchimonjiDouble"],"picked":"Shrug It Off","floor":5.0},{"not_picked":["Second Wind","Ghostly Armor","AT_Dispersion"],"picked":"SKIP","floor":7.0},{"not_picked":["Thunderclap","Combust","Uppercut"],"picked":"SKIP","floor":10.0},{"not_picked":["Shrug It Off","Armaments","AT_DiedThrough"],"picked":"SKIP","floor":12.0},{"not_picked":["Disarm","Body Slam","AT_IchimonjiDouble"],"picked":"SKIP","floor":13.0},{"not_picked":["Body Slam","Anger"],"picked":"AT_BodySlamDance","floor":14.0},{"not_picked":["Seeing Red+1","Inflame","Thunderclap"],"picked":"SKIP","floor":18.0},{"not_picked":["True Grit","Thunderclap","Intimidate"],"picked":"SKIP","floor":30},{"not_picked":["Heavy Blade","Armaments","Havoc+1"],"picked":"SKIP","floor":35},{"not_picked":["Bludgeon","Wild Strike","Sever Soul"],"picked":"SKIP","floor":36}],"player_experience":456015,"relics_obtained":[{"floor":9.0,"key":"AT_SilverBalance"},{"floor":10.0,"key":"AT_BladeRuinedKing"},{"floor":19,"key":"Red Mask"},{"floor":26,"key":"Pantograph"},{"floor":30,"key":"Pen Nib"}],"event_choices":[{"damage_healed":0.0,"max_hp_gain":0.0,"max_hp_loss":7.0,"gold_gain":0.0,"event_name":"Golden Idol","player_choice":"Lose Max HP","floor":2.0,"gold_loss":0.0,"damage_taken":0.0,"relics_obtained":["Golden Idol"]},{"damage_healed":0,"gold_gain":0,"player_choice":"Fought Bandits","damage_taken":0,"max_hp_gain":0,"max_hp_loss":0,"event_name":"Masked Bandits","floor":19,"gold_loss":0},{"damage_healed":0,"gold_gain":0,"player_choice":"1 cards matched","damage_taken":0,"max_hp_gain":0,"max_hp_loss":0,"event_name":"Match and Keep!","floor":21,"gold_loss":0,"cards_obtained":["Power Through"]},{"damage_healed":0,"gold_gain":0,"cards_transformed":["Strike_R","Strike_R"],"player_choice":"Became Test Subject","damage_taken":0,"max_hp_gain":0,"max_hp_loss":0,"event_name":"Drug Dealer","floor":22,"gold_loss":0,"cards_obtained":["Disarm","Disarm"]},{"damage_healed":0,"gold_gain":0,"player_choice":"Shed Blood","damage_taken":24,"max_hp_gain":5,"max_hp_loss":0,"event_name":"Forgotten Altar","floor":24,"gold_loss":0},{"damage_healed":0,"gold_gain":50,"player_choice":"Stole From Cult","damage_taken":0,"max_hp_gain":0,"max_hp_loss":0,"event_name":"Nest","floor":25,"gold_loss":0},{"damage_healed":0,"gold_gain":0,"player_choice":"Got Potions","damage_taken":0,"max_hp_gain":0,"max_hp_loss":0,"event_name":"Lab","floor":28,"gold_loss":0},{"cards_removed":["Strike_R"],"damage_healed":0,"gold_gain":0,"player_choice":"Elegance","damage_taken":0,"max_hp_gain":0,"max_hp_loss":0,"event_name":"Back to Basics","floor":29,"gold_loss":0},{"damage_healed":0,"gold_gain":50,"player_choice":"Pray","damage_taken":0,"max_hp_gain":0,"max_hp_loss":0,"event_name":"Golden Shrine","floor":31,"gold_loss":0},{"damage_healed":0,"gold_gain":0,"player_choice":"Fight","damage_taken":0,"max_hp_gain":0,"max_hp_loss":0,"event_name":"MindBloom","floor":37,"gold_loss":0}],"is_beta":true,"boss_relics":[{"not_picked":["Runic Cube","REME_DemonsWealth"],"picked":"AT_MortalBlade"},{"not_picked":["Calling Bell","REME_ChargedStone"],"picked":"Fusion Hammer"}],"items_purged_floors":[11,27],"is_endless":false,"potions_floor_spawned":[5,10,12,14,16,30],"killed_by":"Mind Bloom Boss Battle","ascension_level":20}}