{"host":"0ojbcjhl22e0lupc","time":1608774729,"event":{"mods":["AchievementEnabler","BaseMod","Better Altar","Better Note","Better Sensory Stone","Better Skull","Better Third Choice","BetterRewards","Colored Map","Colored Powertips","Curses Come First","Custom Start","DNKmod","Friendly Minions","Gold Saver","Hermit","Highlight Path","Marked Mod","Minty Spire (QoL Compilation)","Permanent Neow","QueenMod","Random Character Button","Random Character Mod","Replay The Spire","Spicy Shops","StSLib","The Blue Laboratory","The Cursed","The Forsaken","The Hierophant","The Jungle","Transform Curses"],"gold_per_floor":[216,226,226,294,313,313,313],"floor_reached":6,"playtime":349,"items_purged":[],"score":36,"play_id":"10127e4b-9137-4a39-a3de-34e1d53247c4","local_time":"20201223205209","is_ascension_mode":false,"campfire_choices":[],"circlet_count":0,"master_deck":["Strike_R","Strike_R","Strike_R","Strike_R","Strike_R","Defend_R","Defend_R","Defend_R","Defend_R","Bash","Shrug It Off","Spot Weakness","Searing Blow","Regret","Massacre"],"relics":["Burning Blood","Mirror"],"acts_visited":["Exordium"],"potions_floor_usage":[],"damage_taken":[{"damage":0,"enemies":"2 Louse","floor":1,"turns":3},{"damage":0,"enemies":"Small Slimes","floor":2,"turns":3},{"damage":3,"enemies":"Cultist","floor":5,"turns":4},{"damage":89,"enemies":"Gremlin Nob","floor":6,"turns":6}],"seed_played":"-5680950552832677920","potions_obtained":[{"floor":5,"key":"Languid Potion"}],"is_trial":false,"path_per_floor":["M","M","?","?","M","E"],"character_chosen":"IRONCLAD","items_purchased":[],"campfire_rested":0,"item_purchase_floors":[],"current_hp_per_floor":[80,80,80,80,80,0,0],"gold":313,"neow_bonus":"THREE_CARDS","is_daily":false,"chose_seed":false,"campfire_upgraded":0,"win_rate":0.0,"timestamp":1608774729,"path_taken":["M","M","?","?","M","E"],"items_purchased_type":[],"build_version":"2020-12-22","purchased_purges":0,"victory":false,"max_hp_per_floor":[80,80,80,80,80,80,80],"card_choices":[{"not_picked":["Wild Strike","Disarm"],"picked":"Shrug It Off","floor":0},{"not_picked":["Flex","Entrench"],"picked":"Spot Weakness","floor":1},{"not_picked":["Shrug It Off","Rampage"],"picked":"Searing Blow","floor":2},{"not_picked":["Wild Strike","Headbutt"],"picked":"Massacre","floor":5}],"player_experience":314242,"relics_obtained":[],"event_choices":[{"damage_healed":0,"gold_gain":0,"player_choice":"Box","damage_taken":0,"relics_obtained":["Mirror"],"max_hp_gain":0,"max_hp_loss":0,"event_name":"Big Fish","floor":3,"gold_loss":0,"cards_obtained":["Regret"]},{"damage_healed":0,"gold_gain":68,"player_choice":"Gained Gold","damage_taken":0,"max_hp_gain":0,"max_hp_loss":0,"event_name":"Golden Wing","floor":4,"gold_loss":0}],"is_beta":false,"boss_relics":[],"items_purged_floors":[],"is_endless":false,"potions_floor_spawned":[5],"killed_by":"Gremlin Nob","ascension_level":0}}