{"host":"gluah3fg3437e73p","time":1608808996,"event":{"mods":["AchievementEnabler","BaseMod","Highlight Path","Minty Spire (QoL Compilation)"],"gold_per_floor":[110,130,144,144,161,175,200,200,224,224,241,241,274,288,288,391,391,409,429,528,539,132,132,147,69,96,96,113,140,140,153,153,257,257,268,268,268,43,43,43,76,76,76,76,108,118,83,83,83,83,83,83,11,45,45],"floor_reached":56,"playtime":6012,"items_purged":["Strike_B"],"score":1232,"play_id":"57c1a04c-8054-41af-a014-e145e5a774d3","local_time":"20201224192316","is_ascension_mode":true,"campfire_choices":[{"floor":10.0,"key":"RECALL"},{"floor":12.0,"key":"REST"},{"floor":15.0,"key":"REST"},{"floor":23.0,"key":"REST"},{"floor":30.0,"key":"REST"},{"floor":32.0,"key":"REST"},{"floor":42.0,"key":"REST"},{"floor":44.0,"key":"REST"},{"data":"Thunder Strike","floor":49.0,"key":"SMITH"},{"data":"Capacitor","floor":52.0,"key":"SMITH"}],"circlet_count":0,"master_deck":["Strike_B","Strike_B","Defend_B","Defend_B","Defend_B","Defend_B","Zap","Dualcast","Conserve Battery","Conserve Battery","Hello World","Machine Learning","Sweeping Beam","Auto Shields","Defragment","Undo","Reboot","Electrodynamics","Stack","Storm+1","All For One","Streamline","Melter","Seek+1","Gash","Rainbow+1","Coolheaded+1","Thunder Strike+1","Force Field+1","Fission+1","Stack+1","Capacitor+1","Conserve Battery+1"],"relics":["Cracked Core","Omamori","WarpedTongs","PreservedInsect","Bottled Lightning","SacredBark","Sundial","Tiny Chest","Toxic Egg 2","Snecko Eye","Juzu Bracelet","White Beast Statue","Centennial Puzzle","Singing Bowl","Bag of Marbles","Ornamental Fan"],"acts_visited":["Exordium","TheCity","TheBeyond","TheEnding"],"potions_floor_usage":[55,55,55],"damage_taken":[{"damage":5.0,"enemies":"Cultist","floor":1.0,"turns":4.0},{"damage":3.0,"enemies":"Small Slimes","floor":2.0,"turns":3.0},{"damage":0.0,"enemies":"2 Louse","floor":3.0,"turns":3.0},{"damage":21.0,"enemies":"Exordium Thugs","floor":5.0,"turns":6.0},{"damage":1.0,"enemies":"2 Fungi Beasts","floor":6.0,"turns":3.0},{"damage":8.0,"enemies":"3 Sentries","floor":7.0,"turns":7.0},{"damage":0.0,"enemies":"Exordium Wildlife","floor":11.0,"turns":3.0},{"damage":16.0,"enemies":"Gremlin Nob","floor":13.0,"turns":3.0},{"damage":3.0,"enemies":"Exordium Thugs","floor":14.0,"turns":5.0},{"damage":29.0,"enemies":"The Guardian","floor":16.0,"turns":9.0},{"damage":13.0,"enemies":"2 Thieves","floor":18.0,"turns":5.0},{"damage":18.0,"enemies":"Shell Parasite","floor":19.0,"turns":7.0},{"damage":24.0,"enemies":"Snake Plant","floor":21.0,"turns":3.0},{"damage":23.0,"enemies":"Sentry and Sphere","floor":24.0,"turns":6.0},{"damage":0.0,"enemies":"Centurion and Healer","floor":28.0,"turns":3.0},{"damage":14.0,"enemies":"Book of Stabbing","floor":29.0,"turns":4.0},{"damage":0.0,"enemies":"Snake Plant","floor":31.0,"turns":4.0},{"damage":38.0,"enemies":"Champ","floor":33.0,"turns":11.0},{"damage":0.0,"enemies":"3 Shapes","floor":35.0,"turns":2.0},{"damage":50.0,"enemies":"Nemesis","floor":41.0,"turns":9.0},{"damage":41.0,"enemies":"Giant Head","floor":45.0,"turns":9.0},{"damage":10.0,"enemies":"3 Darklings","floor":46.0,"turns":3.0},{"damage":24.0,"enemies":"Awakened One","floor":50.0,"turns":12.0},{"damage":25.0,"enemies":"Shield and Spear","floor":54.0,"turns":4.0},{"damage":41,"enemies":"The Heart","floor":55,"turns":5}],"seed_played":"8231267031001693362","potions_obtained":[{"floor":0.0,"key":"AttackPotion"},{"floor":0.0,"key":"LiquidBronze"},{"floor":0.0,"key":"LiquidMemories"},{"floor":5.0,"key":"Fire Potion"},{"floor":14.0,"key":"LiquidBronze"},{"floor":19.0,"key":"Strength Potion"},{"floor":27.0,"key":"EntropicBrew"},{"floor":27.0,"key":"Energy Potion"},{"floor":28.0,"key":"SteroidPotion"},{"floor":31.0,"key":"SteroidPotion"},{"floor":41.0,"key":"EssenceOfDarkness"},{"floor":45.0,"key":"PowerPotion"},{"floor":46.0,"key":"DistilledChaos"}],"is_trial":false,"path_per_floor":["M","M","M","T","M","M","E","?","T","R","M","R","E","M","R","B",null,"M","M","?","M","$","R","M","$","T","?","M","E","R","M","R","B",null,"M","?","?","$","T","?","E","R","T","R","E","M","$","?","R","B",null,"R","$","E","B",null],"character_chosen":"DEFECT","items_purchased":["All For One","Sundial","DistilledChaos","Juzu Bracelet","DistilledChaos","Capacitor","PotionOfCapacity"],"campfire_rested":7,"item_purchase_floors":[22,22,25,38,38,47,53],"current_hp_per_floor":[70,67,67,67,46,45,37,37,37,37,37,59,43,40,62,33,75,62,44,44,20,20,42,19,19,19,19,19,5,27,27,49,11,75,75,75,75,75,75,75,25,47,47,69,28,18,18,66,66,42,66,66,66,41,66],"gold":45,"neow_bonus":"THREE_SMALL_POTIONS","is_daily":false,"chose_seed":false,"campfire_upgraded":2,"win_rate":0.0,"timestamp":1608808996,"path_taken":["M","?","M","?","M","M","E","?","T","R","M","R","E","?","R","BOSS","M","?","?","M","$","R","M","?","T","?","M","E","R","M","R","BOSS","M","?","?","$","?","?","E","R","T","R","E","M","$","?","R","BOSS","R","$","E","BOSS"],"items_purchased_type":["Card","Relic","Potion","Relic","Potion","Card","Potion"],"build_version":"2020-12-22","purchased_purges":1,"victory":true,"max_hp_per_floor":[75,75,75,75,75,75,75,75,75,75,75,75,75,75,75,75,75,75,75,75,75,75,75,75,75,75,75,75,75,75,75,75,75,75,75,75,75,75,75,75,75,75,75,75,75,75,75,66,66,66,66,66,66,66,66],"card_choices":[{"not_picked":["Cold Snap","Glacier"],"picked":"Conserve Battery","floor":1.0},{"not_picked":["Ball Lightning","Steam"],"picked":"Conserve Battery","floor":2.0},{"not_picked":["Stack","Gash"],"picked":"Hello World","floor":3.0},{"not_picked":["Go for the Eyes","Stack"],"picked":"Machine Learning","floor":5.0},{"not_picked":["Beam Cell","Turbo"],"picked":"Sweeping Beam","floor":6.0},{"not_picked":["Cold Snap","Coolheaded"],"picked":"Auto Shields","floor":7.0},{"not_picked":["FTL","Force Field"],"picked":"Defragment","floor":11.0},{"not_picked":["Compile Driver","Hologram"],"picked":"Undo","floor":13.0},{"not_picked":["Doom and Gloom","Leap"],"picked":"Reboot","floor":14.0},{"not_picked":["Buffer","Machine Learning"],"picked":"Electrodynamics","floor":16.0},{"not_picked":["Conserve Battery","Leap"],"picked":"Stack","floor":18.0},{"not_picked":["Hologram","Glacier"],"picked":"Storm+1","floor":19.0},{"not_picked":["Scrape+1","Go for the Eyes"],"picked":"Turbo","floor":21.0},{"not_picked":["Compile Driver","Leap"],"picked":"Streamline","floor":24.0},{"not_picked":["Hello World","Tempest"],"picked":"Melter","floor":28.0},{"not_picked":["Machine Learning","Chaos+1"],"picked":"Seek+1","floor":29.0},{"not_picked":["Barrage+1","Steam Power+1"],"picked":"Gash","floor":31.0},{"not_picked":["Biased Cognition","Meteor Strike"],"picked":"Rainbow+1","floor":33.0},{"not_picked":["Rebound","Turbo+1"],"picked":"Coolheaded+1","floor":35.0},{"not_picked":["Reprogram+1","Chill+1"],"picked":"Force Field+1","floor":41.0},{"not_picked":["Darkness+1","Static Discharge+1"],"picked":"Fission+1","floor":45.0},{"not_picked":["Aggregate+1","Steam+1"],"picked":"Stack+1","floor":46.0},{"not_picked":["Sweeping Beam","Barrage"],"picked":"Conserve Battery+1","floor":54.0}],"player_experience":82521,"relics_obtained":[{"floor":7.0,"key":"Omamori"},{"floor":9.0,"key":"PreservedInsect"},{"floor":13.0,"key":"Bottled Lightning"},{"floor":26.0,"key":"Tiny Chest"},{"floor":29.0,"key":"Toxic Egg 2"},{"floor":39.0,"key":"White Beast Statue"},{"floor":41.0,"key":"Centennial Puzzle"},{"floor":43.0,"key":"Singing Bowl"},{"floor":45.0,"key":"Bag of Marbles"},{"floor":54.0,"key":"Ornamental Fan"}],"event_choices":[{"damage_healed":0.0,"max_hp_gain":0.0,"max_hp_loss":0.0,"gold_gain":0.0,"event_name":"Accursed Blacksmith","player_choice":"Rummage","floor":8.0,"gold_loss":0.0,"damage_taken":0.0,"relics_obtained":["WarpedTongs"],"cards_obtained":["Pain"]},{"damage_healed":0.0,"max_hp_gain":0.0,"max_hp_loss":0.0,"gold_gain":99.0,"event_name":"Nest","player_choice":"Stole From Cult","floor":20.0,"gold_loss":0.0,"damage_taken":0.0},{"damage_healed":0.0,"max_hp_gain":0.0,"max_hp_loss":0.0,"gold_gain":0.0,"event_name":"Lab","player_choice":"Got Potions","floor":27.0,"gold_loss":0.0,"damage_taken":0.0},{"damage_healed":0.0,"max_hp_gain":0.0,"max_hp_loss":0.0,"gold_gain":0.0,"event_name":"Tomb of Lord Red Mask","player_choice":"Ignored","floor":36.0,"gold_loss":0.0,"damage_taken":0.0},{"cards_removed":["Turbo"],"damage_healed":0.0,"max_hp_gain":0.0,"max_hp_loss":0.0,"gold_gain":0.0,"event_name":"Falling","player_choice":"Removed Skill","floor":37.0,"gold_loss":0.0,"damage_taken":0.0},{"damage_healed":0.0,"max_hp_gain":0.0,"max_hp_loss":0.0,"gold_gain":0.0,"cards_transformed":["Strike_B"],"event_name":"Transmorgrifier","player_choice":"Transformed","floor":40.0,"gold_loss":0.0,"damage_taken":0.0,"cards_obtained":["Thunder Strike"]},{"damage_healed":66.0,"max_hp_gain":0.0,"max_hp_loss":9.0,"gold_gain":0.0,"event_name":"The Moai Head","player_choice":"Heal","floor":48.0,"gold_loss":0.0,"damage_taken":0.0}],"is_beta":false,"boss_relics":[{"not_picked":["Busted Crown","Velvet Choker"],"picked":"SacredBark"},{"not_picked":["FrozenCore","Nuclear Battery"],"picked":"Snecko Eye"}],"items_purged_floors":[22],"is_endless":false,"potions_floor_spawned":[3,5,14,19,28,31,41,45,46,54],"ascension_level":1}}