{"host":"o89ho0cq20bqq7oc","time":1608828243,"event":{"mods":["AchievementEnabler","BaseMod","BetterRewards","Colored Map","Colored Powertips","Downfall","Highlight Path","Hubris","Minty Spire (QoL Compilation)","READ ME - Guardian Mod","StSLib","SuperFastMode"],"gold_per_floor":[99,116,130,205,205,205,232,232,248,348,365,24,44,96,116,211,211,211,222,222,322,15,26,49,34,34,34,54,67,85,85,102,200,200,200,216,6,56,68,68,68,78,92,92,109,109,209,224,235,235,235,235],"floor_reached":50,"playtime":4022,"items_purged":["Pride"],"score":538,"play_id":"7d9396e0-4b74-4fe3-bbd3-2b92a5e626a7","local_time":"20201224174403","is_ascension_mode":false,"campfire_choices":[{"data":"Slimebound:CorrosiveSpit","floor":1.0,"key":"SMITH"},{"data":"Slimebound:Split","floor":18.0,"key":"SMITH"},{"floor":26.0,"key":"REST"},{"data":"Slimebound:DisruptingSlam","floor":35.0,"key":"SMITH"},{"floor":40.0,"key":"REST"},{"floor":44.0,"key":"REST"},{"floor":46.0,"key":"REST"}],"circlet_count":0,"master_deck":["Slimebound:Strike_Slimebound+1","Slimebound:Strike_Slimebound+1","Slimebound:Strike_Slimebound+1","Slimebound:Tackle","Slimebound:Defend_Slimebound+1","Slimebound:Defend_Slimebound+1","Slimebound:Defend_Slimebound+1","Slimebound:Defend_Slimebound+1","Slimebound:Split+1","Slimebound:CorrosiveSpit+1","Slimebound:FinishingTackle","Slimebound:PressTheAttack","Slimebound:SlimeSpikes","Slimebound:RollThrough","Slimebound:LeechEnergy","Slimebound:HauntingLick","Slimebound:Overexert","Slimebound:HauntingLick","Slimebound:SplitLeeching","Slimebound:OozeBath","Slimebound:GoopSpray+1","Slimebound:DisruptingSlam+1","Slimebound:AcidTongue","Slimebound:SpikyOuterGoop","Slimebound:SplitBruiser+1","Slimebound:OneTwoCombo","Slimebound:MegaLick+1","Slimebound:SlimeSpikes+1","Slimebound:GrowthPunch","Slimebound:Repurpose+1","Slimebound:DouseInSlime+1","Slimebound:LeechingTouch+1","Slimebound:RejuvenatingLick+1","Slimebound:Nibble","Slimebound:Schlurp+1","Slimebound:ComboTackle","Slimebound:GoopTackle","Slimebound:SlimeBrawl+1","Slimebound:Chomp","Slimebound:Repurpose+1","Slimebound:Prepare+1","Slimebound:Gluttony","Slimebound:FirmFortitude","Slimebound:ItLooksTasty","Slimebound:LeechingTouch+1","Slimebound:DisruptingSlam+1","Slimebound:FlameTackle+1"],"relics":["Slimebound:AbsorbEndCombat","Anchor","Singing Bowl","Lee\u0027s Waffle","Smiling Mask","SlaversCollar","Toxic Egg 2","Dream Catcher","hubris:HollowSoul","Girya","hubris:TinFlute","Potion Belt"],"acts_visited":["Exordium","TheCity","TheBeyond"],"potions_floor_usage":[50,50,50,50,50,50],"damage_taken":[{"damage":9.0,"enemies":"Jaw Worm","floor":2.0,"turns":4.0},{"damage":8.0,"enemies":"2 Louse","floor":3.0,"turns":2.0},{"damage":4.0,"enemies":"Small Slimes","floor":9.0,"turns":3.0},{"damage":4.0,"enemies":"3 Louse","floor":11.0,"turns":5.0},{"damage":12.0,"enemies":"downfall:FleeingMerchant","floor":12.0,"turns":4.0},{"damage":16.0,"enemies":"Exordium Wildlife","floor":13.0,"turns":5.0},{"damage":7.0,"enemies":"Exordium Thugs","floor":15.0,"turns":4.0},{"damage":76.0,"enemies":"downfall:Ironclad","floor":16.0,"turns":10.0},{"damage":26.0,"enemies":"Spheric Guardian","floor":19.0,"turns":5.0},{"damage":0.0,"enemies":"Chosen","floor":20.0,"turns":1.0},{"damage":16.0,"enemies":"downfall:FleeingMerchant","floor":22.0,"turns":4.0},{"damage":47.0,"enemies":"Shelled Parasite and Fungi","floor":23.0,"turns":6.0},{"damage":29.0,"enemies":"downfall:FleeingMerchant","floor":25.0,"turns":4.0},{"damage":18.0,"enemies":"Sentry and Sphere","floor":28.0,"turns":4.0},{"damage":16.0,"enemies":"Cultist and Chosen","floor":29.0,"turns":5.0},{"damage":24.0,"enemies":"3 Cultists","floor":30.0,"turns":5.0},{"damage":22.0,"enemies":"Shelled Parasite and Fungi","floor":32.0,"turns":4.0},{"damage":18.0,"enemies":"downfall:Defect","floor":33.0,"turns":8.0},{"damage":12.0,"enemies":"3 Shapes","floor":36.0,"turns":5.0},{"damage":33.0,"enemies":"downfall:FleeingMerchant","floor":37.0,"turns":4.0},{"damage":4.0,"enemies":"Mind Bloom Boss Battle","floor":38.0,"turns":4.0},{"damage":56.0,"enemies":"3 Darklings","floor":39.0,"turns":6.0},{"damage":56.0,"enemies":"Transient","floor":42.0,"turns":5.0},{"damage":33.0,"enemies":"Sphere and 2 Shapes","floor":43.0,"turns":5.0},{"damage":21.0,"enemies":"Spire Growth","floor":45.0,"turns":4.0},{"damage":20.0,"enemies":"downfall:LadyInBlue","floor":47.0,"turns":8.0},{"damage":30.0,"enemies":"Jaw Worm Horde","floor":48.0,"turns":6.0},{"damage":12.0,"enemies":"Sphere and 2 Shapes","floor":49.0,"turns":5.0},{"damage":30,"enemies":"downfall:Silent","floor":50,"turns":3}],"seed_played":"7287869768494032511","potions_obtained":[{"floor":9.0,"key":"Strength Potion"},{"floor":15.0,"key":"sneckomod:MuddlingPotion"},{"floor":19.0,"key":"Fire Potion"},{"floor":23.0,"key":"Slimebound:SlimedPotion"},{"floor":28.0,"key":"FearPotion"},{"floor":32.0,"key":"FearPotion"},{"floor":33.0,"key":"EntropicBrew"},{"floor":36.0,"key":"Ancient Potion"},{"floor":47.0,"key":"Slimebound:SpawnSlimePotion"},{"floor":47.0,"key":"Swift Potion"},{"floor":47.0,"key":"Energy Potion"},{"floor":48.0,"key":"Fire Potion"}],"is_trial":false,"path_per_floor":["R","M","M","?","?","?","T","?","M","?","M","$","M","T","M","B",null,"R","M","M","?","$","M","T","$","R","?","M","M","M","?","M","B",null,"R","M","$","?","M","R","T","M","M","R","M","R","?","M","M","B"],"character_chosen":"SLIMEBOUND","items_purchased":["Lee\u0027s Waffle","Slimebound:HauntingLick","Slimebound:Overexert","Toxic Egg 2","Slimebound:SpikyOuterGoop","Slimebound:Nibble","Slimebound:Schlurp+1","Slimebound:ComboTackle"],"campfire_rested":4,"item_purchase_floors":[12,12,12,22,22,37,37,37],"current_hp_per_floor":[66,64,62,62,62,62,62,44,46,46,52,73,67,67,70,10,73,73,63,63,63,67,40,40,33,54,54,48,58,58,58,58,75,75,75,75,66,75,49,71,71,37,30,52,59,75,75,60,75,0,0,0],"gold":235,"neow_bonus":"TEN_PERCENT_HP_BONUS","is_daily":false,"chose_seed":false,"campfire_upgraded":3,"win_rate":0.0,"timestamp":1608828243,"path_taken":["R","M","M","?","?","?","T","?","M","?","M","?","M","?","M","BOSS","R","M","M","?","$","M","T","?","R","?","M","?","M","?","M","BOSS","R","M","$","?","M","R","T","M","M","R","M","R","?","?","M","BOSS"],"items_purchased_type":["Relic","Card","Card","Relic","Card","Card","Card","Card"],"build_version":"2020-12-22","purchased_purges":1,"victory":false,"max_hp_per_floor":[66,66,66,66,66,66,66,66,66,66,66,73,73,73,73,73,73,73,73,73,73,73,73,73,73,73,73,73,73,75,75,75,75,75,75,75,75,75,75,75,75,75,75,75,75,75,75,75,75,75,75,75],"card_choices":[{"not_picked":["Slimebound:SplitBruiser","Slimebound:SplitAcid"],"picked":"Slimebound:FinishingTackle","floor":2.0},{"not_picked":["Slimebound:SpikyOuterGoop","Slimebound:LeechingTouch"],"picked":"Slimebound:PressTheAttack","floor":3.0},{"not_picked":["Slimebound:MassRepurpose","Slimebound:GoopSpray"],"picked":"Slimebound:SlimeSpikes","floor":9.0},{"not_picked":["Slimebound:ComboTackle","Slimebound:LeechingTouch"],"picked":"Slimebound:RollThrough","floor":11.0},{"not_picked":["Slimebound:LeechingTouch","Slimebound:SplitMire"],"picked":"Slimebound:LeechEnergy","floor":12.0},{"not_picked":["Slimebound:PressTheAttack","Slimebound:SplitAcid"],"picked":"Slimebound:HauntingLick","floor":13.0},{"not_picked":["Slimebound:HauntingLick","Slimebound:PressTheAttack"],"picked":"Slimebound:SplitLeeching","floor":15.0},{"not_picked":["Slimebound:OneTwoCombo","Slimebound:SlimeSlap"],"picked":"Slimebound:OozeBath","floor":16.0},{"not_picked":["Slimebound:HauntingLick","Slimebound:SplitLeeching+1"],"picked":"Slimebound:GoopSpray+1","floor":19.0},{"not_picked":["Slimebound:SamplingLick","Slimebound:SplitBruiser"],"picked":"Slimebound:DisruptingSlam","floor":20.0},{"not_picked":["Slimebound:LeechEnergy+1","Slimebound:Grow+1"],"picked":"Slimebound:AcidTongue","floor":22.0},{"not_picked":["Slimebound:SamplingLick+1","Slimebound:GoopSpray+1"],"picked":"Slimebound:SplitBruiser+1","floor":23.0},{"not_picked":["Slimebound:ForwardTackle","Slimebound:SamplingLick+1"],"picked":"Slimebound:OneTwoCombo","floor":25.0},{"not_picked":["Slimebound:GoopTackle+1","Slimebound:SpikyOuterGoop"],"picked":"Slimebound:MegaLick+1","floor":26.0},{"not_picked":["Slimebound:PressTheAttack","Slimebound:ComboTackle+1"],"picked":"Slimebound:SlimeSpikes+1","floor":28.0},{"not_picked":["Slimebound:LeechingTouch","Slimebound:MegaLick+1"],"picked":"Slimebound:GrowthPunch","floor":29.0},{"not_picked":["Slimebound:SplitBruiser+1","Slimebound:AcidTongue+1","Slimebound:GoopSpray+1"],"picked":"Singing Bowl","floor":30.0},{"not_picked":["Slimebound:ForwardTackle","Slimebound:SplitLeeching+1"],"picked":"Slimebound:Repurpose+1","floor":32.0},{"not_picked":["Slimebound:Teamwork+1","Slimebound:SlimeSlap"],"picked":"Slimebound:DouseInSlime+1","floor":33.0},{"not_picked":["Slimebound:FinishingTackle+1","Slimebound:SamplingLick+1"],"picked":"Slimebound:LeechingTouch+1","floor":36.0},{"not_picked":["Slimebound:LeechEnergy+1","Slimebound:HauntingLick+1"],"picked":"Slimebound:RejuvenatingLick+1","floor":37.0},{"not_picked":["Slimebound:SlimeSpikes+1","Slimebound:LeechingTouch+1"],"picked":"Slimebound:GoopTackle","floor":38.0},{"not_picked":["Slimebound:GoopSpray+1","Slimebound:Schlurp+1"],"picked":"Slimebound:SlimeBrawl+1","floor":39.0},{"not_picked":["Slimebound:RollThrough","Slimebound:FinishingTackle+1"],"picked":"Slimebound:Chomp","floor":40.0},{"not_picked":["Slimebound:SplitBruiser+1","Slimebound:TongueLash"],"picked":"Slimebound:Repurpose+1","floor":42.0},{"not_picked":["Slimebound:Repurpose+1","Slimebound:HauntingLick+1"],"picked":"Slimebound:Prepare+1","floor":43.0},{"not_picked":["Slimebound:RollThrough+1","Slimebound:Schlurp+1"],"picked":"Slimebound:Gluttony","floor":44.0},{"not_picked":["Slimebound:FinishingTackle+1","Slimebound:ViciousTackle+1"],"picked":"Slimebound:FirmFortitude","floor":45.0},{"not_picked":["Slimebound:PressTheAttack","Slimebound:Overexert"],"picked":"Slimebound:ItLooksTasty","floor":46.0},{"not_picked":["Slimebound:ComboTackle+1","Slimebound:Chomp"],"picked":"Slimebound:LeechingTouch+1","floor":47.0},{"not_picked":["Slimebound:GoopSpray+1","Slimebound:RollThrough"],"picked":"Slimebound:DisruptingSlam+1","floor":48.0},{"not_picked":["Slimebound:SplitBruiser+1","Slimebound:SpikyOuterGoop"],"picked":"Slimebound:FlameTackle+1","floor":49.0}],"player_experience":498043,"relics_obtained":[{"floor":7.0,"key":"Anchor"},{"floor":14.0,"key":"Smiling Mask"},{"floor":24.0,"key":"Dream Catcher"},{"floor":38.0,"key":"Girya"},{"floor":41.0,"key":"hubris:TinFlute"},{"floor":47.0,"key":"Potion Belt"}],"event_choices":[{"damage_healed":0.0,"max_hp_gain":0.0,"max_hp_loss":0.0,"gold_gain":0.0,"event_name":"Scrap Ooze","player_choice":"Success","floor":8.0,"gold_loss":0.0,"damage_taken":18.0,"relics_obtained":["Singing Bowl"]},{"damage_healed":0.0,"max_hp_gain":0.0,"max_hp_loss":0.0,"gold_gain":0.0,"event_name":"Back to Basics","player_choice":"Simplicity","floor":31.0,"gold_loss":0.0,"damage_taken":0.0,"cards_upgraded":["Slimebound:Strike_Slimebound","Slimebound:Strike_Slimebound","Slimebound:Strike_Slimebound","Slimebound:Defend_Slimebound","Slimebound:Defend_Slimebound","Slimebound:Defend_Slimebound","Slimebound:Defend_Slimebound"]}],"is_beta":false,"boss_relics":[{"not_picked":["Sozu","Philosopher\u0027s Stone"],"picked":"SlaversCollar"},{"not_picked":["hubris:CrackedHourglass","Cursed Key"],"picked":"hubris:HollowSoul"}],"items_purged_floors":[37],"is_endless":false,"potions_floor_spawned":[9,15,19,23,28,32,33,36,43,48],"killed_by":"downfall:Silent","ascension_level":0}}