{"host":"7l2t4psy44vpcd9q","time":1608814213,"event":{"mods":["AchievementEnabler","BaseMod","DeckTracker","Minty Spire (QoL Compilation)","SuperFastMode"],"gold_per_floor":[118,65,65,77,77,77,112,27,74,74,137,161,177,207,207,286,286,299,319,594,605,45,75,75,95,95,109,129,129,142,142,142,142,142],"floor_reached":33,"playtime":1339,"items_purged":["Strike_R"],"score":550,"play_id":"2a6aee2b-7f1e-4b27-a375-711321c50f9d","local_time":"20201224215013","is_ascension_mode":true,"campfire_choices":[{"data":"Bash","floor":6,"key":"SMITH"},{"data":"Evolve","floor":15,"key":"SMITH"},{"floor":29,"key":"REST"},{"data":"Power Through","floor":32,"key":"SMITH"}],"circlet_count":0,"master_deck":["AscendersBane","Strike_R","Strike_R","Strike_R","Strike_R","Defend_R","Defend_R","Defend_R","Defend_R+1","Bash+1","Inflame","Clothesline","Shrug It Off","Spot Weakness+1","Blood for Blood+1","Evolve+1","Anger+1","Body Slam+1","Immolate+1","Heavy Blade+1","Power Through+1","Dark Embrace+1","Pommel Strike+1","Reckless Charge+1","Pommel Strike+1"],"relics":["Burning Blood","Champion Belt","Molten Egg 2","War Paint","Art of War","Tiny Chest","Anchor","Omamori","Cursed Key","Lee\u0027s Waffle","Kunai","Frozen Egg 2"],"acts_visited":["Exordium","TheCity"],"potions_floor_usage":[11,16,19,33,33],"damage_taken":[{"damage":4,"enemies":"Small Slimes","floor":1,"turns":5},{"damage":9,"enemies":"Jaw Worm","floor":4,"turns":3},{"damage":24,"enemies":"Gremlin Nob","floor":7,"turns":4},{"damage":17,"enemies":"3 Sentries","floor":11,"turns":6},{"damage":4,"enemies":"2 Louse","floor":13,"turns":3},{"damage":12,"enemies":"3 Sentries","floor":14,"turns":7},{"damage":25,"enemies":"Hexaghost","floor":16,"turns":8},{"damage":10,"enemies":"Chosen","floor":18,"turns":5},{"damage":8,"enemies":"3 Byrds","floor":19,"turns":4},{"damage":0,"enemies":"Centurion and Healer","floor":21,"turns":5},{"damage":27,"enemies":"Gremlin Leader","floor":23,"turns":5},{"damage":16,"enemies":"Snake Plant","floor":25,"turns":4},{"damage":19,"enemies":"3 Cultists","floor":27,"turns":5},{"damage":10,"enemies":"Shelled Parasite and Fungi","floor":28,"turns":3},{"damage":9,"enemies":"Chosen and Byrds","floor":30,"turns":4},{"damage":72,"enemies":"Champ","floor":33,"turns":9}],"seed_played":"-371785778168049722","potions_obtained":[{"floor":1,"key":"Strength Potion"},{"floor":11,"key":"FearPotion"},{"floor":18,"key":"Block Potion"},{"floor":28,"key":"BlessingOfTheForge"},{"floor":30,"key":"EssenceOfSteel"}],"is_trial":false,"path_per_floor":["M","$","?","M","?","R","E","$","T","$","?","T","M","E","R","B",null,"M","M","?","M","$","E","$","M","T","M","M","R","M","T","R","B"],"character_chosen":"IRONCLAD","items_purchased":["Clothesline","Blood for Blood+1","Lee\u0027s Waffle","Kunai","Swift Potion"],"campfire_rested":1,"item_purchase_floors":[2,8,22,22,22],"current_hp_per_floor":[68,68,73,70,59,59,41,41,41,41,30,30,32,26,26,7,57,53,51,51,57,80,59,59,49,49,36,32,56,53,53,53,0,0],"gold":142,"neow_bonus":"ONE_RARE_RELIC","is_daily":false,"chose_seed":false,"campfire_upgraded":3,"win_rate":0.0,"timestamp":1608814213,"path_taken":["M","$","?","M","?","R","E","?","T","$","?","?","M","E","R","BOSS","M","M","?","M","?","E","$","M","T","M","M","R","M","?","R","BOSS"],"items_purchased_type":["Card","Card","Relic","Relic","Potion"],"build_version":"2020-12-22","purchased_purges":1,"victory":false,"max_hp_per_floor":[68,68,73,73,73,73,73,73,73,73,73,73,73,73,73,73,73,73,73,73,73,80,80,80,80,80,80,80,80,80,80,80,80,80],"card_choices":[{"not_picked":["Wild Strike","Havoc"],"picked":"Inflame","floor":1},{"not_picked":["Seeing Red","Sever Soul"],"picked":"Shrug It Off","floor":4},{"not_picked":["Twin Strike+1","Sever Soul+1"],"picked":"Spot Weakness","floor":7},{"not_picked":["Rampage+1","Anger+1"],"picked":"Evolve","floor":11},{"not_picked":["Infernal Blade","Dual Wield"],"picked":"Anger+1","floor":13},{"not_picked":["Evolve","Shrug It Off"],"picked":"Body Slam+1","floor":14},{"not_picked":["Barricade","Berserk"],"picked":"Immolate+1","floor":16},{"not_picked":["Feel No Pain","Armaments"],"picked":"Heavy Blade+1","floor":18},{"not_picked":["Twin Strike+1","Wild Strike+1","Clothesline+1"],"picked":"SKIP","floor":19},{"not_picked":["Shrug It Off","Body Slam+1"],"picked":"Power Through","floor":21},{"not_picked":["Fiend Fire+1","Clash+1"],"picked":"Dark Embrace+1","floor":23},{"not_picked":["Body Slam+1","Searing Blow+1","Clash+1"],"picked":"SKIP","floor":25},{"not_picked":["Pummel+1","Carnage+1"],"picked":"Pommel Strike+1","floor":27},{"not_picked":["Dropkick+1","Clothesline+1"],"picked":"Reckless Charge+1","floor":28},{"not_picked":["Reckless Charge+1","Evolve+1"],"picked":"Pommel Strike+1","floor":30}],"player_experience":1135941,"relics_obtained":[{"floor":7,"key":"War Paint"},{"floor":9,"key":"Art of War"},{"floor":11,"key":"Tiny Chest"},{"floor":12,"key":"Anchor"},{"floor":14,"key":"Omamori"},{"floor":23,"key":"Frozen Egg 2"}],"event_choices":[{"damage_healed":0,"gold_gain":0,"player_choice":"Donut","damage_taken":0,"max_hp_gain":5,"max_hp_loss":0,"event_name":"Big Fish","floor":3,"gold_loss":0},{"damage_healed":0,"gold_gain":0,"player_choice":"Success","damage_taken":11,"relics_obtained":["Molten Egg 2"],"max_hp_gain":0,"max_hp_loss":0,"event_name":"Scrap Ooze","floor":5,"gold_loss":0},{"damage_healed":0,"gold_gain":0,"player_choice":"Searched \u00271\u0027 times","damage_taken":0,"max_hp_gain":0,"max_hp_loss":0,"event_name":"Dead Adventurer","floor":11,"gold_loss":0},{"damage_healed":0,"gold_gain":275,"player_choice":"Desecrate","damage_taken":0,"max_hp_gain":0,"max_hp_loss":0,"event_name":"Golden Shrine","floor":20,"gold_loss":0,"cards_obtained":["Regret"]}],"is_beta":false,"boss_relics":[{"not_picked":["SlaversCollar","Busted Crown"],"picked":"Cursed Key"}],"items_purged_floors":[22],"is_endless":false,"potions_floor_spawned":[1,11,18,28,30],"killed_by":"Champ","ascension_level":20}}