{"host":"e4wnmsyty9uvvtwf","time":1608817762,"event":{"mods":["Aspiration","BaseMod","Colored Map","Colored Powertips","Marisa£®ÏF”Í°°ƒß¿Ì…≥£©","Minty Spire (QoL Compilation)","Rare Cards Sparkle","Replay The Spire","StSLib"],"gold_per_floor":[110,120,120,136,155,187,187,216,216,250,69,69,149,74,74,151,151,167,177,452,111,125,157,157,195,221,39,55,97,97,137,137,211,211,271,73,86,86,102,102,182,192,192,239,239,239,255,273,273,273],"floor_reached":51,"playtime":1978,"items_purged":["Strike_P","Regret","Strike_P"],"score":1302,"play_id":"a9c24ccf-e6fc-4ca2-ad92-84e27830de1d","local_time":"20201224214922","is_ascension_mode":true,"campfire_choices":[{"floor":7,"key":"REST"},{"floor":12,"key":"REST"},{"data":"1","floor":15,"key":"LIFT"},{"data":"2","floor":24,"key":"LIFT"},{"data":"3","floor":30,"key":"LIFT"},{"floor":32,"key":"REST"},{"floor":40,"key":"RECALL"},{"floor":45,"key":"REST"},{"floor":49,"key":"REST"}],"circlet_count":0,"master_deck":["AscendersBane","Strike_P","Strike_P","Defend_P","Defend_P","Defend_P","Defend_P","Eruption+1","Vigilance","ReachHeaven","FollowUp","Perseverance","Judgement","Wish","Perseverance","Consecrate","Halt","Tantrum","DevaForm","TalkToTheHand","BattleHymn","EmptyFist+1","ClearTheMind","FearNoEvil","FearNoEvil","LikeWater+1","Wish","Devotion","Replay:ManipulateFuture","Apotheosis","Replay:BluntJabs+1","WheelKick+1","Madness","Madness","Replay:DivineShield"],"relics":["Fusion Hammer","Gremlin Horn","Girya","White Beast Statue","Vajra","Garlic","Snecko Eye","Potion Belt","Replay:Accelerometer","Strawberry","Busted Crown","Omamori","Replay:WaspNest"],"acts_visited":["Exordium","TheCity","TheBeyond"],"potions_floor_usage":[10,10,23,33,47,50,50,50],"damage_taken":[{"damage":0,"enemies":"Cultist","floor":1,"turns":3},{"damage":2,"enemies":"Jaw Worm","floor":2,"turns":2},{"damage":5,"enemies":"2 Louse","floor":4,"turns":3},{"damage":0,"enemies":"Gremlin Gang","floor":5,"turns":2},{"damage":21,"enemies":"Gremlin Nob","floor":6,"turns":4},{"damage":12,"enemies":"Lagavulin","floor":8,"turns":5},{"damage":16,"enemies":"Gremlin Nob","floor":10,"turns":4},{"damage":39,"enemies":"The Guardian","floor":16,"turns":11},{"damage":0,"enemies":"Chosen","floor":18,"turns":3},{"damage":4,"enemies":"2 Thieves","floor":19,"turns":3},{"damage":12,"enemies":"3 Cultists","floor":22,"turns":4},{"damage":0,"enemies":"Gremlin Leader","floor":23,"turns":5},{"damage":3,"enemies":"Chosen and Byrds","floor":25,"turns":4},{"damage":1,"enemies":"Snake Plant","floor":28,"turns":2},{"damage":6,"enemies":"Snecko","floor":29,"turns":3},{"damage":2,"enemies":"Chosen and Byrds","floor":31,"turns":3},{"damage":1,"enemies":"Collector","floor":33,"turns":6},{"damage":0,"enemies":"3 Shapes","floor":35,"turns":10},{"damage":0,"enemies":"Orb Walker","floor":37,"turns":3},{"damage":2,"enemies":"Transient","floor":39,"turns":5},{"damage":16,"enemies":"Writhing Mass","floor":41,"turns":5},{"damage":24,"enemies":"Sphere and 2 Shapes","floor":42,"turns":4},{"damage":9,"enemies":"Maw","floor":44,"turns":6},{"damage":15,"enemies":"3 Darklings","floor":47,"turns":4},{"damage":6,"enemies":"Jaw Worm Horde","floor":48,"turns":3},{"damage":25,"enemies":"Time Eater","floor":50,"turns":9}],"seed_played":"7914219341589603532","potions_obtained":[{"floor":1,"key":"DistilledChaos"},{"floor":4,"key":"Block Potion"},{"floor":10,"key":"SkillPotion"},{"floor":16,"key":"StancePotion"},{"floor":22,"key":"Dexterity Potion"},{"floor":23,"key":"Elixir"},{"floor":25,"key":"CultistPotion"},{"floor":33,"key":"SteroidPotion"},{"floor":39,"key":"Block Potion"},{"floor":42,"key":"DistilledChaos"},{"floor":44,"key":"ColorlessPotion"},{"floor":47,"key":"Energy Potion"},{"floor":48,"key":"Adrenaline Potion"}],"is_trial":false,"path_per_floor":["M","M","?","M","M","E","R","E","T","E","$","R","T","$","R","B",null,"M","M","?","$","M","E","R","M","T","$","M","M","R","M","R","B",null,"M","$","M","?","M","R","M","M","T","M","R","?","M","M","R","B",null],"character_chosen":"WATCHER","items_purchased":["Consecrate","Halt","Tantrum","Potion Belt","BattleHymn","FearNoEvil","Apotheosis"],"campfire_rested":5,"item_purchase_floors":[11,11,14,21,21,27,36],"current_hp_per_floor":[61,59,59,54,54,33,53,41,41,25,25,45,45,45,45,6,53,53,49,49,49,37,37,37,34,41,41,40,34,34,32,54,53,70,70,70,70,70,68,68,52,28,28,19,41,27,12,6,28,3],"gold":273,"neow_bonus":"BOSS_RELIC","is_daily":false,"chose_seed":false,"campfire_upgraded":0,"win_rate":0.0,"timestamp":1608817762,"path_taken":["M","?","?","M","M","E","R","E","T","E","?","R","?","?","R","BOSS","M","M","?","$","M","E","R","?","T","$","M","M","R","M","R","BOSS","M","$","M","?","M","R","?","M","T","?","R","?","M","M","R","BOSS"],"items_purchased_type":["Card","Card","Card","Relic","Card","Card","Card"],"build_version":"2020-12-22","purchased_purges":3,"victory":true,"max_hp_per_floor":[68,68,68,68,68,68,68,68,68,68,68,68,68,68,68,68,68,68,68,68,68,68,68,68,68,75,75,75,75,75,75,75,75,75,75,75,75,75,75,75,75,75,75,75,75,75,75,75,75,75],"card_choices":[{"not_picked":["CrushJoints","Replay:Hum"],"picked":"ReachHeaven","floor":1},{"not_picked":["Evaluate","ClearTheMind"],"picked":"FollowUp","floor":2},{"not_picked":["SandsOfTime","BattleHymn"],"picked":"Perseverance","floor":4},{"not_picked":["EmptyFist","PathToVictory","Replay:BluntJabs"],"picked":"SKIP","floor":5},{"not_picked":["CrushJoints","Replay:ManipulateFuture"],"picked":"Judgement","floor":6},{"not_picked":["Replay:AllIn","Worship"],"picked":"Wish","floor":8},{"not_picked":["ClearTheMind","FlyingSleeves"],"picked":"Perseverance","floor":10},{"not_picked":["Vault","Judgement"],"picked":"DevaForm","floor":16},{"not_picked":["Swivel","Prostrate"],"picked":"TalkToTheHand","floor":18},{"not_picked":["PathToVictory","CrushJoints","FollowUp"],"picked":"SKIP","floor":19},{"not_picked":["Replay:BluntJabs","Vengeance","LikeWater"],"picked":"SKIP","floor":22},{"not_picked":["SignatureMove","Crescendo"],"picked":"EmptyFist+1","floor":23},{"not_picked":["Replay:DivineShield","Evaluate"],"picked":"ClearTheMind","floor":25},{"not_picked":["SashWhip","FearNoEvil"],"picked":"LikeWater+1","floor":28},{"not_picked":["SashWhip","Halt"],"picked":"Wish","floor":29},{"not_picked":["FlyingSleeves","ThirdEye","Replay:BluntJabs"],"picked":"SKIP","floor":31},{"not_picked":["Blasphemy","LessonLearned"],"picked":"Devotion","floor":33},{"not_picked":[],"picked":"Replay:ManipulateFuture","floor":35},{"not_picked":["BowlingBash"],"picked":"SKIP","floor":37},{"not_picked":[],"picked":"Replay:BluntJabs+1","floor":39},{"not_picked":["Tantrum"],"picked":"SKIP","floor":41},{"not_picked":["EmptyFist"],"picked":"SKIP","floor":42},{"not_picked":[],"picked":"WheelKick+1","floor":44},{"not_picked":["ThirdEye"],"picked":"SKIP","floor":47},{"not_picked":[],"picked":"Replay:DivineShield","floor":48}],"player_experience":641612,"relics_obtained":[{"floor":6,"key":"Gremlin Horn"},{"floor":8,"key":"Girya"},{"floor":9,"key":"White Beast Statue"},{"floor":10,"key":"Vajra"},{"floor":13,"key":"Garlic"},{"floor":23,"key":"Replay:Accelerometer"},{"floor":26,"key":"Strawberry"},{"floor":43,"key":"Replay:WaspNest"}],"event_choices":[{"damage_healed":0,"gold_gain":0,"player_choice":"Upgraded","damage_taken":0,"max_hp_gain":0,"max_hp_loss":0,"event_name":"Upgrade Shrine","floor":3,"gold_loss":0,"cards_upgraded":["Eruption"]},{"damage_healed":0,"gold_gain":275,"player_choice":"Desecrate","damage_taken":0,"max_hp_gain":0,"max_hp_loss":0,"event_name":"Golden Shrine","floor":20,"gold_loss":0,"cards_obtained":["Regret"]},{"damage_healed":0,"gold_gain":0,"player_choice":"Gave Potion","damage_taken":0,"relics_obtained":["Omamori"],"max_hp_gain":0,"max_hp_loss":0,"event_name":"WeMeetAgain","floor":38,"gold_loss":0},{"damage_healed":0,"gold_gain":0,"player_choice":"Embrace Madness","damage_taken":14,"max_hp_gain":0,"max_hp_loss":0,"event_name":"Winding Halls","floor":46,"gold_loss":0,"cards_obtained":["Madness","Madness"]}],"is_beta":false,"boss_relics":[{"not_picked":["Velvet Choker","SacredBark"],"picked":"Snecko Eye"},{"not_picked":["Ring of Chaos","Coffee Dripper"],"picked":"Busted Crown"}],"items_purged_floors":[11,21,27],"is_endless":false,"potions_floor_spawned":[1,4,10,16,18,19,22,23,25,28,29,31,33,35,37,39,41,42,44,47,48],"ascension_level":16}}