{"host":"9v3x998ddbx8o276","time":1608778303,"event":{"mods":["AchievementEnabler","BaseMod","Colored Map","Highlight Path","Minty Spire (QoL Compilation)","Quick Restart","Rare Cards Sparkle"],"gold_per_floor":[111,111,123,47,47,47,47,72,72,72,83,98,128,148,148,222,222,241,264,21,40,40,72,95,124,148,167,167,177,191,219,231,321,333,365,390,418,24,71,71,0,0,27,44,54,54,70,70,70,70,70],"floor_reached":50,"playtime":3411,"items_purged":["Normality"],"score":1099,"play_id":"2fcea74f-18f4-4995-8c6b-e531e198bae4","local_time":"20201224132143","is_ascension_mode":true,"campfire_choices":[{"data":"Skewer","floor":6,"key":"SMITH"},{"floor":10,"key":"REST"},{"floor":15,"key":"REST"},{"floor":28,"key":"REST"},{"floor":32,"key":"REST"},{"floor":40,"key":"RECALL"},{"floor":42,"key":"REST"},{"floor":46,"key":"REST"},{"floor":49,"key":"REST"}],"circlet_count":0,"master_deck":["AscendersBane","Strike_G","Strike_G","Strike_G","Defend_G","Defend_G","Defend_G","Defend_G","Defend_G","Survivor","Neutralize","Blade Dance","Skewer+1","Noxious Fumes+1","Blade Dance+1","Dash","Calculated Gamble+1","Crippling Poison+1","Bullet Time+1","Prepared+1","Catalyst+1","Ghostly+1","Ghostly+1","Ghostly+1","Deadly Poison+1","Parasite","Catalyst+1","Doubt","Cloak And Dagger+1","Dodge and Roll+1","Footwork+1","Well Laid Plans","Corpse Explosion+1","Crippling Poison+1","Finisher","Normality","Accuracy+1","Deadly Poison+1"],"relics":["Black Star","Du-Vu Doll","Toxic Egg 2","Bottled Flame","Meat on the Bone","Centennial Puzzle","Bag of Marbles","Cursed Key","Vajra","PreservedInsect","Snake Skull","Art of War","Potion Belt","Kunai","Ornamental Fan","Regal Pillow","Tiny Chest","MawBank","Busted Crown","Bag of Preparation","Nunchaku","Mango","Red Mask"],"acts_visited":["Exordium","TheCity","TheBeyond"],"potions_floor_usage":[3,12,23,25,33,44,50,50],"damage_taken":[{"damage":9,"enemies":"Small Slimes","floor":1,"turns":6},{"damage":1,"enemies":"Cultist","floor":3,"turns":5},{"damage":20,"enemies":"3 Sentries","floor":8,"turns":7},{"damage":1,"enemies":"2 Louse","floor":11,"turns":3},{"damage":0,"enemies":"Red Slaver","floor":12,"turns":1},{"damage":42,"enemies":"Gremlin Nob","floor":13,"turns":5},{"damage":0,"enemies":"Looter","floor":14,"turns":1},{"damage":28,"enemies":"Slime Boss","floor":16,"turns":7},{"damage":0,"enemies":"Chosen","floor":18,"turns":3},{"damage":16,"enemies":"Spheric Guardian","floor":21,"turns":4},{"damage":11,"enemies":"Book of Stabbing","floor":23,"turns":5},{"damage":12,"enemies":"Slavers","floor":25,"turns":3},{"damage":0,"enemies":"Snecko","floor":27,"turns":2},{"damage":2,"enemies":"3 Cultists","floor":29,"turns":3},{"damage":0,"enemies":"Cultist and Chosen","floor":30,"turns":3},{"damage":5,"enemies":"Gremlin Leader","floor":31,"turns":4},{"damage":15,"enemies":"Automaton","floor":33,"turns":6},{"damage":0,"enemies":"3 Shapes","floor":35,"turns":4},{"damage":0,"enemies":"3 Darklings","floor":36,"turns":1},{"damage":0,"enemies":"Transient","floor":37,"turns":6},{"damage":7,"enemies":"2 Orb Walkers","floor":39,"turns":3},{"damage":10,"enemies":"Spire Growth","floor":44,"turns":3},{"damage":27,"enemies":"3 Darklings","floor":45,"turns":3},{"damage":21,"enemies":"Maw","floor":47,"turns":4},{"damage":50,"enemies":"Time Eater","floor":50,"turns":5}],"seed_played":"7289202570919512080","potions_obtained":[{"floor":3,"key":"EntropicBrew"},{"floor":8,"key":"PowerPotion"},{"floor":13,"key":"PowerPotion"},{"floor":25,"key":"AttackPotion"},{"floor":27,"key":"SkillPotion"},{"floor":35,"key":"FearPotion"},{"floor":36,"key":"FearPotion"},{"floor":44,"key":"ColorlessPotion"}],"is_trial":false,"path_per_floor":["M","?","M","$","?","R","?","E","T","R","M","M","E","M","R","B",null,"M","T","$","M","?","E","T","E","T","M","R","M","M","E","R","B",null,"M","M","M","$","?","R","?","R","T","M","M","R","M","?","R","B"],"character_chosen":"THE_SILENT","items_purchased":["Noxious Fumes","PreservedInsect","Bag of Preparation","Nunchaku","LiquidMemories"],"campfire_rested":7,"item_purchase_floors":[4,20,38,38,38],"current_hp_per_floor":[50,50,49,49,49,49,49,29,29,48,47,47,17,29,48,32,58,58,58,58,42,33,22,22,22,22,22,33,31,31,26,33,18,29,29,29,29,29,36,36,36,47,47,37,22,47,26,26,47,0,0],"gold":70,"neow_bonus":"BOSS_RELIC","is_daily":false,"chose_seed":false,"campfire_upgraded":1,"win_rate":0.0,"timestamp":1608778303,"path_taken":["M","?","M","?","?","R","?","E","T","R","M","M","E","M","R","BOSS","M","?","$","M","?","E","?","E","T","M","R","M","M","E","R","BOSS","M","M","M","$","?","R","?","R","T","M","M","R","M","?","R","BOSS"],"items_purchased_type":["Card","Relic","Relic","Relic","Potion"],"build_version":"2020-12-22","purchased_purges":1,"victory":false,"max_hp_per_floor":[66,66,66,66,66,66,66,66,66,66,66,66,66,66,66,66,66,66,66,66,66,33,33,33,33,33,33,33,33,33,33,33,33,33,33,33,33,33,47,47,47,47,47,47,47,47,47,47,47,47,47],"card_choices":[{"not_picked":["Flying Knee","Calculated Gamble"],"picked":"Blade Dance","floor":1},{"not_picked":["Cloak And Dagger","Flying Knee"],"picked":"Skewer","floor":3},{"not_picked":["Dagger Spray","Finisher"],"picked":"Blade Dance+1","floor":8},{"not_picked":["Caltrops","Choke"],"picked":"Dash","floor":11},{"not_picked":["Infinite Blades","Bane"],"picked":"Calculated Gamble+1","floor":12},{"not_picked":["Tactician+1","Escape Plan+1"],"picked":"Crippling Poison+1","floor":13},{"not_picked":["Dagger Spray","Flechettes","Acrobatics+1"],"picked":"SKIP","floor":14},{"not_picked":["Venomology+1","Tools of the Trade"],"picked":"Bullet Time+1","floor":16},{"not_picked":["Eviscerate","Acrobatics+1"],"picked":"Prepared+1","floor":18},{"not_picked":["Backflip+1","Noxious Fumes"],"picked":"Catalyst+1","floor":21},{"not_picked":["Sucker Punch","After Image"],"picked":"Deadly Poison+1","floor":23},{"not_picked":["Sucker Punch","Poisoned Stab"],"picked":"Catalyst+1","floor":25},{"not_picked":["Distraction+1","Quick Slash"],"picked":"Cloak And Dagger+1","floor":27},{"not_picked":["Deflect+1","Calculated Gamble+1"],"picked":"Dodge and Roll+1","floor":29},{"not_picked":["Quick Slash","Outmaneuver+1"],"picked":"Footwork+1","floor":30},{"not_picked":["Underhanded Strike+1","Calculated Gamble+1"],"picked":"Well Laid Plans","floor":31},{"not_picked":["Tools of the Trade","Night Terror+1"],"picked":"Corpse Explosion+1","floor":33},{"not_picked":["Well Laid Plans"],"picked":"SKIP","floor":35},{"not_picked":[],"picked":"Crippling Poison+1","floor":36},{"not_picked":["Bane"],"picked":"SKIP","floor":37},{"not_picked":[],"picked":"Finisher","floor":39},{"not_picked":[],"picked":"Accuracy+1","floor":44},{"not_picked":[],"picked":"Deadly Poison+1","floor":45},{"not_picked":["Flying Knee+1"],"picked":"SKIP","floor":47}],"player_experience":2056837,"relics_obtained":[{"floor":8,"key":"Toxic Egg 2"},{"floor":8,"key":"Bottled Flame"},{"floor":9,"key":"Meat on the Bone"},{"floor":13,"key":"Centennial Puzzle"},{"floor":13,"key":"Bag of Marbles"},{"floor":19,"key":"Vajra"},{"floor":23,"key":"Snake Skull"},{"floor":23,"key":"Art of War"},{"floor":24,"key":"Potion Belt"},{"floor":25,"key":"Kunai"},{"floor":25,"key":"Ornamental Fan"},{"floor":26,"key":"Regal Pillow"},{"floor":31,"key":"Tiny Chest"},{"floor":31,"key":"MawBank"},{"floor":39,"key":"Mango"}],"event_choices":[{"cards_removed":["Strike_G"],"damage_healed":0,"gold_gain":0,"player_choice":"Purged","damage_taken":0,"max_hp_gain":0,"max_hp_loss":0,"event_name":"Purifier","floor":2,"gold_loss":0},{"damage_healed":0,"gold_gain":0,"player_choice":"Grow","damage_taken":0,"max_hp_gain":0,"max_hp_loss":0,"event_name":"Living Wall","floor":5,"gold_loss":0,"cards_upgraded":["Noxious Fumes"]},{"damage_healed":0,"gold_gain":0,"player_choice":"Gave Potion","damage_taken":0,"relics_obtained":["Du-Vu Doll"],"max_hp_gain":0,"max_hp_loss":0,"event_name":"WeMeetAgain","floor":7,"gold_loss":0},{"damage_healed":0,"gold_gain":0,"player_choice":"Became a Ghost","damage_taken":0,"max_hp_gain":0,"max_hp_loss":33,"event_name":"Ghosts","floor":22,"gold_loss":0,"cards_obtained":["Ghostly","Ghostly","Ghostly"]},{"damage_healed":0,"gold_gain":0,"player_choice":"Fight","damage_taken":0,"max_hp_gain":0,"max_hp_loss":0,"event_name":"Mysterious Sphere","floor":39,"gold_loss":0},{"damage_healed":0,"gold_gain":0,"player_choice":"Paid","damage_taken":0,"relics_obtained":["Red Mask"],"max_hp_gain":0,"max_hp_loss":0,"event_name":"Tomb of Lord Red Mask","floor":41,"gold_loss":71},{"cards_removed":["Strike_G"],"damage_healed":0,"gold_gain":0,"player_choice":"Purged","damage_taken":0,"max_hp_gain":0,"max_hp_loss":0,"event_name":"Purifier","floor":48,"gold_loss":0}],"is_beta":false,"boss_relics":[{"not_picked":["SacredBark","Velvet Choker"],"picked":"Cursed Key"},{"not_picked":["Snecko Eye","Runic Dome"],"picked":"Busted Crown"}],"items_purged_floors":[20],"is_endless":false,"potions_floor_spawned":[3,8,13,14,16,21,25,27,35,36,44],"killed_by":"Time Eater","ascension_level":20}}