{"host":"gflyg4oztsw2ozs7","time":1608816236,"event":{"mods":["AchievementEnabler","BaseMod","DeckTracker","Minty Spire (QoL Compilation)","Permanent Neow","StSLib","SuperFastMode"],"gold_per_floor":[119,119,119,136,148,180,180,190,190,115,115,15,15,35,35,138,138,138,138,138,157,32,32,32,32,57,72,124,124,134,146,146,250,250,261,261,18,33,33,33,62,62,62,79,79,91,91,107,107,107],"floor_reached":51,"playtime":3082,"items_purged":["Strike_R","Strike_R","Bash"],"score":750,"play_id":"541d9b34-d479-47c1-917a-2b7217526d65","local_time":"20201224222356","is_ascension_mode":false,"campfire_choices":[{"data":"Dark Embrace","floor":7,"key":"SMITH"},{"data":"Feed","floor":13,"key":"SMITH"},{"data":"Rage","floor":15,"key":"SMITH"},{"data":"Sentinel","floor":23,"key":"SMITH"},{"data":"Entrench","floor":25,"key":"SMITH"},{"data":"Rampage","floor":29,"key":"SMITH"},{"data":"Berserk","floor":32,"key":"SMITH"},{"data":"Whirlwind","floor":40,"key":"SMITH"},{"data":"Searing Blow+1","floor":42,"key":"SMITH"},{"data":"Body Slam","floor":49,"key":"SMITH"}],"circlet_count":0,"master_deck":["Strike_R+1","Defend_R","Defend_R","Defend_R","Corruption+1","Havoc+1","Entrench+1","Rage+1","Dark Embrace+1","Feed+1","Berserk+1","Sentinel+1","Rampage+1","Dropkick+1","Berserk","Whirlwind+1","Headbutt","Defend_R","Searing Blow+2","Shockwave+1","Havoc+1","Body Slam+1"],"relics":["Dead Branch","Black Blood","Eternal Feather","Pear","Black Star","Blood Vial","Potion Belt","Coffee Dripper","Bottled Tornado","Bag of Preparation","Self Forming Clay","Question Card","Juzu Bracelet"],"acts_visited":["Exordium","TheCity","TheBeyond"],"potions_floor_usage":[16,18,35,35,50],"damage_taken":[{"damage":8,"enemies":"Small Slimes","floor":1,"turns":4},{"damage":5,"enemies":"2 Louse","floor":4,"turns":2},{"damage":0,"enemies":"Cultist","floor":5,"turns":2},{"damage":26,"enemies":"Lagavulin","floor":6,"turns":6},{"damage":1,"enemies":"Exordium Wildlife","floor":8,"turns":3},{"damage":10,"enemies":"3 Louse","floor":14,"turns":4},{"damage":75,"enemies":"Hexaghost","floor":16,"turns":10},{"damage":0,"enemies":"2 Thieves","floor":18,"turns":1},{"damage":5,"enemies":"Chosen","floor":21,"turns":3},{"damage":0,"enemies":"3 Cultists","floor":27,"turns":4},{"damage":0,"enemies":"Snecko","floor":30,"turns":3},{"damage":0,"enemies":"Sentry and Sphere","floor":31,"turns":3},{"damage":20,"enemies":"Collector","floor":33,"turns":7},{"damage":15,"enemies":"Orb Walker","floor":35,"turns":4},{"damage":57,"enemies":"3 Shapes","floor":38,"turns":2},{"damage":22,"enemies":"Giant Head","floor":41,"turns":5},{"damage":0,"enemies":"Transient","floor":44,"turns":2},{"damage":0,"enemies":"Writhing Mass","floor":46,"turns":3},{"damage":0,"enemies":"Sphere and 2 Shapes","floor":48,"turns":2},{"damage":62,"enemies":"Donu and Deca","floor":50,"turns":6}],"seed_played":"4667803136947757370","potions_obtained":[{"floor":4,"key":"SmokeBomb"},{"floor":5,"key":"Energy Potion"},{"floor":8,"key":"FearPotion"},{"floor":16,"key":"Strength Potion"},{"floor":21,"key":"BlessingOfTheForge"},{"floor":31,"key":"PowerPotion"},{"floor":33,"key":"DistilledChaos"},{"floor":35,"key":"PowerPotion"},{"floor":41,"key":"Energy Potion"}],"is_trial":false,"path_per_floor":["M","?","?","M","M","E","R","M","T","$","?","$","R","M","R","B",null,"M","?","?","M","$","R","$","R","T","M","T","R","M","M","R","B",null,"M","?","$","M","?","R","E","R","T","M","$","M","T","M","R","B",null],"character_chosen":"IRONCLAD","items_purchased":["Bottled Tornado"],"campfire_rested":0,"item_purchase_floors":[37],"current_hp_per_floor":[80,64,64,71,80,66,75,80,90,90,83,83,89,94,94,31,94,94,94,94,94,94,94,94,94,94,94,94,94,94,94,94,86,94,91,89,89,44,44,53,45,57,57,71,71,89,89,97,97,47],"gold":107,"neow_bonus":"ONE_RANDOM_RARE_CARD","is_daily":false,"chose_seed":false,"campfire_upgraded":10,"win_rate":0.0,"timestamp":1608816236,"path_taken":["M","?","?","M","?","E","R","M","T","$","?","$","R","M","R","BOSS","M","?","?","M","?","R","?","R","T","?","?","R","M","?","R","BOSS","M","?","$","M","?","R","E","R","T","?","$","?","?","M","R","BOSS"],"items_purchased_type":["Relic"],"build_version":"2020-12-22","purchased_purges":3,"victory":true,"max_hp_per_floor":[80,80,80,80,80,80,80,80,90,90,90,90,90,94,94,94,94,94,94,94,94,94,94,94,94,94,94,94,94,94,94,94,94,94,94,89,89,89,89,89,89,89,89,89,89,93,93,97,97,97],"card_choices":[{"not_picked":["Perfected Strike","Cleave"],"picked":"Havoc","floor":1},{"not_picked":["Thunderclap","Armaments"],"picked":"Entrench","floor":4},{"not_picked":["Clash","Pommel Strike"],"picked":"Rage","floor":5},{"not_picked":["Cleave","Fire Breathing"],"picked":"Dark Embrace","floor":6},{"not_picked":["Inflame","Iron Wave"],"picked":"Feed","floor":8},{"not_picked":["True Grit","Sword Boomerang","Clothesline"],"picked":"SKIP","floor":14},{"not_picked":["Feed","Double Tap"],"picked":"Berserk","floor":16},{"not_picked":["Armaments","Ghostly Armor"],"picked":"Sentinel","floor":21},{"not_picked":["Rupture","Twin Strike"],"picked":"Rampage","floor":27},{"not_picked":["Wild Strike","Pommel Strike"],"picked":"Dropkick+1","floor":30},{"not_picked":["Perfected Strike","Headbutt+1","Anger+1"],"picked":"SKIP","floor":31},{"not_picked":["Fiend Fire","Double Tap"],"picked":"Berserk","floor":33},{"not_picked":["Shrug It Off","Uppercut"],"picked":"Whirlwind","floor":35},{"not_picked":["Heavy Blade+1","Anger+1"],"picked":"Headbutt","floor":38},{"not_picked":["Sword Boomerang+1","Brutality"],"picked":"Searing Blow+1","floor":41},{"not_picked":["Havoc","Sever Soul","Battle Trance"],"picked":"Shockwave+1","floor":44},{"not_picked":["Anger+1","Sword Boomerang+1","Cleave+1"],"picked":"Havoc+1","floor":46},{"not_picked":["Cleave+1","Reckless Charge+1","Iron Wave"],"picked":"Body Slam","floor":48}],"player_experience":64961,"relics_obtained":[{"floor":6,"key":"Eternal Feather"},{"floor":9,"key":"Pear"},{"floor":26,"key":"Blood Vial"},{"floor":28,"key":"Potion Belt"},{"floor":41,"key":"Bag of Preparation"},{"floor":41,"key":"Self Forming Clay"},{"floor":43,"key":"Question Card"},{"floor":47,"key":"Juzu Bracelet"}],"event_choices":[{"damage_healed":0,"gold_gain":0,"player_choice":"Entered Light","damage_taken":16,"max_hp_gain":0,"max_hp_loss":0,"event_name":"Shining Light","floor":2,"gold_loss":0,"cards_upgraded":["Strike_R","Havoc"]},{"damage_healed":0,"gold_gain":0,"player_choice":"Forge","damage_taken":0,"max_hp_gain":0,"max_hp_loss":0,"event_name":"Accursed Blacksmith","floor":3,"gold_loss":0,"cards_upgraded":["Corruption"]},{"cards_removed":["Strike_R"],"damage_healed":0,"gold_gain":0,"player_choice":"Card Removal","damage_taken":7,"max_hp_gain":0,"max_hp_loss":0,"event_name":"Golden Wing","floor":11,"gold_loss":0},{"cards_removed":["Strike_R"],"damage_healed":0,"gold_gain":0,"player_choice":"Elegance","damage_taken":0,"max_hp_gain":0,"max_hp_loss":0,"event_name":"Back to Basics","floor":19,"gold_loss":0},{"damage_healed":0,"gold_gain":0,"player_choice":"Ignored","damage_taken":0,"max_hp_gain":0,"max_hp_loss":0,"event_name":"Vampires","floor":20,"gold_loss":0},{"damage_healed":0,"gold_gain":0,"player_choice":"Max HP","damage_taken":0,"max_hp_gain":0,"max_hp_loss":5,"event_name":"Winding Halls","floor":36,"gold_loss":0},{"damage_healed":0,"gold_gain":0,"player_choice":"Ignored","damage_taken":0,"max_hp_gain":0,"max_hp_loss":0,"event_name":"NoteForYourself","floor":39,"gold_loss":0}],"is_beta":false,"boss_relics":[{"not_picked":["Runic Pyramid","SacredBark"],"picked":"Black Star"},{"not_picked":["Tiny House","Cursed Key"],"picked":"Coffee Dripper"}],"items_purged_floors":[10,12,22],"is_endless":false,"potions_floor_spawned":[4,5,8,16,21,31,33,35,41,48],"ascension_level":0}}