{"host":"30jsp143e4v19aze","time":1608839064,"event":{"mods":["BaseMod","Colored Map","Colored Powertips","Curses Come First","DeckTracker","Highlight Path","Minty Spire (QoL Compilation)","Quick Restart","Relic Stats","StSLib","everything is the same but u backflip on backflip","slay the spire mod where everything is the same but ironclad has a cowboy hat"],"gold_per_floor":[112,131,151,151,168,199,199,228,228,228,255,272,282,294,294,366,366,380,380,380,192,212,212,238,238,316,316,110,121,138,181,181,265,292,314,114,132,151,161,161,161,161],"floor_reached":41,"playtime":5849,"items_purged":["Strike_R","Writhe","Rupture+1"],"score":1060,"play_id":"4823ccea-938f-4d86-87e1-e493244f569b","local_time":"20201224204424","is_ascension_mode":true,"campfire_choices":[{"data":"Shockwave","floor":7,"key":"SMITH"},{"data":"Flame Barrier","floor":15,"key":"SMITH"},{"data":"Ghostly","floor":23,"key":"SMITH"},{"data":"Ghostly","floor":25,"key":"SMITH"},{"data":"Double Tap","floor":32,"key":"SMITH"},{"data":"Juggernaut","floor":40,"key":"SMITH"}],"circlet_count":0,"master_deck":["AscendersBane","Defend_R","Defend_R","Defend_R","Defend_R","Bash","Bludgeon+1","Shrug It Off","Shockwave+1","Headbutt","Shrug It Off","Cleave","Flame Barrier+1","Double Tap+1","Spot Weakness","Ghostly+1","Ghostly+1","Ghostly","Barricade","True Grit+1","Entrench","True Grit+1","Juggernaut+1","Wild Strike+1","Pummel+1","Body Slam+1","Metallicize"],"relics":["Burning Blood","Orichalcum","Strawberry","PreservedInsect","The Courier","Snecko Eye","Bottled Lightning","Letter Opener","Pen Nib","Happy Flower","CeramicFish","Astrolabe"],"acts_visited":["Exordium","TheCity","TheBeyond"],"potions_floor_usage":[11,18,33,33],"damage_taken":[{"damage":2,"enemies":"Small Slimes","floor":1,"turns":4},{"damage":2,"enemies":"2 Louse","floor":2,"turns":4},{"damage":0,"enemies":"Cultist","floor":3,"turns":3},{"damage":3,"enemies":"2 Fungi Beasts","floor":5,"turns":4},{"damage":30,"enemies":"3 Sentries","floor":6,"turns":6},{"damage":18,"enemies":"Lagavulin","floor":8,"turns":5},{"damage":0,"enemies":"Gremlin Nob","floor":11,"turns":3},{"damage":11,"enemies":"Exordium Wildlife","floor":12,"turns":4},{"damage":1,"enemies":"Looter","floor":13,"turns":4},{"damage":0,"enemies":"Exordium Thugs","floor":14,"turns":3},{"damage":37,"enemies":"Slime Boss","floor":16,"turns":10},{"damage":2,"enemies":"Spheric Guardian","floor":18,"turns":4},{"damage":0,"enemies":"2 Thieves","floor":22,"turns":4},{"damage":0,"enemies":"Book of Stabbing","floor":24,"turns":3},{"damage":0,"enemies":"Centurion and Healer","floor":29,"turns":13},{"damage":0,"enemies":"Snake Plant","floor":30,"turns":1},{"damage":9,"enemies":"Gremlin Leader","floor":31,"turns":3},{"damage":28,"enemies":"Automaton","floor":33,"turns":13},{"damage":3,"enemies":"Orb Walker","floor":35,"turns":4},{"damage":0,"enemies":"3 Darklings","floor":37,"turns":9},{"damage":9,"enemies":"4 Shapes","floor":38,"turns":7},{"damage":14,"enemies":"Writhing Mass","floor":39,"turns":7},{"damage":33,"enemies":"Giant Head","floor":41,"turns":4}],"seed_played":"1123971876376105845","potions_obtained":[{"floor":3,"key":"HeartOfIron"},{"floor":5,"key":"SmokeBomb"},{"floor":8,"key":"SneckoOil"},{"floor":12,"key":"EssenceOfSteel"},{"floor":16,"key":"BloodPotion"},{"floor":18,"key":"Weak Potion"},{"floor":22,"key":"Block Potion"},{"floor":38,"key":"SpeedPotion"}],"is_trial":false,"path_per_floor":["M","M","M","?","M","E","R","E","T","?","E","M","M","M","R","B",null,"M","?","?","$","M","R","E","R","T","?","$","M","M","E","R","B",null,"M","$","M","M","M","R","E"],"character_chosen":"IRONCLAD","items_purchased":["Barricade","Happy Flower","Metallicize","Dexterity Potion"],"campfire_rested":0,"item_purchase_floors":[21,28,36,36],"current_hp_per_floor":[54,58,64,64,67,43,43,38,38,38,44,39,44,50,50,19,66,82,82,41,41,41,41,41,41,41,41,41,41,41,38,38,16,35,38,38,41,38,30,30,0,0],"gold":161,"neow_bonus":"THREE_RARE_CARDS","is_daily":false,"chose_seed":false,"campfire_upgraded":6,"win_rate":0.0,"timestamp":1608839064,"path_taken":["M","M","M","?","M","E","R","E","T","?","E","M","?","M","R","BOSS","M","?","?","$","M","R","E","R","T","?","$","M","M","E","R","BOSS","M","$","M","M","M","R","E"],"items_purchased_type":["Card","Relic","Card","Potion"],"build_version":"2020-12-22","purchased_purges":3,"victory":false,"max_hp_per_floor":[75,75,75,75,75,75,75,82,82,82,82,82,82,82,82,82,82,82,82,41,41,41,41,41,41,41,41,41,41,41,41,41,41,41,41,41,41,41,41,41,41,41],"relic_stats":{"Happy Flower":[20],"counters":[23,122],"CeramicFish":63,"Astrolabe":["Wild Strike","Pummel","Rupture"],"Snecko Eye":[124,108,130,137],"PreservedInsect":275,"Pen Nib":[5],"Letter Opener":[113],"Orichalcum":[174],"obtain_stats":[{"Happy Flower":28,"Strawberry":8,"CeramicFish":31,"Astrolabe":34,"Snecko Eye":17,"PreservedInsect":9,"The Courier":11,"Pen Nib":27,"Bottled Lightning":24,"Letter Opener":26,"Orichalcum":6,"Burning Blood":0},{"Happy Flower":14,"Strawberry":6,"CeramicFish":17,"Astrolabe":18,"Snecko Eye":11,"PreservedInsect":6,"The Courier":7,"Pen Nib":14,"Bottled Lightning":14,"Letter Opener":14,"Orichalcum":5,"Burning Blood":0},{"Happy Flower":61,"Strawberry":26,"CeramicFish":78,"Astrolabe":91,"Snecko Eye":50,"PreservedInsect":26,"The Courier":29,"Pen Nib":61,"Bottled Lightning":61,"Letter Opener":61,"Orichalcum":21,"Burning Blood":0}],"Burning Blood":105},"card_choices":[{"not_picked":["Demon Form","Corruption"],"picked":"Bludgeon","floor":0},{"not_picked":["Sever Soul","Cleave"],"picked":"Shrug It Off","floor":1},{"not_picked":["Body Slam","Flex"],"picked":"Shockwave","floor":2},{"not_picked":["Body Slam","Cleave","Thunderclap"],"picked":"SKIP","floor":3},{"not_picked":["Infernal Blade","Warcry"],"picked":"Headbutt","floor":5},{"not_picked":["Spot Weakness","Clash","Fire Breathing"],"picked":"SKIP","floor":6},{"not_picked":["Spot Weakness","Reckless Charge"],"picked":"Shrug It Off","floor":8},{"not_picked":["Twin Strike","Iron Wave","Power Through"],"picked":"SKIP","floor":11},{"not_picked":["Clothesline","Sword Boomerang"],"picked":"Cleave","floor":12},{"not_picked":["Perfected Strike","Heavy Blade","Sever Soul"],"picked":"SKIP","floor":13},{"not_picked":["Spot Weakness","True Grit"],"picked":"Flame Barrier","floor":14},{"not_picked":["Demon Form","Corruption"],"picked":"Double Tap","floor":16},{"not_picked":["Flex","Second Wind","Shrug It Off"],"picked":"SKIP","floor":18},{"not_picked":["Uppercut","Anger"],"picked":"True Grit+1","floor":22},{"not_picked":["Ghostly Armor","Clothesline+1","Dropkick"],"picked":"SKIP","floor":24},{"not_picked":["Warcry","Pommel Strike","Clash"],"picked":"SKIP","floor":29},{"not_picked":["True Grit","Havoc"],"picked":"Entrench","floor":30},{"not_picked":["Clothesline+1","Pommel Strike"],"picked":"True Grit+1","floor":31},{"not_picked":["Offering","Feed"],"picked":"Juggernaut","floor":33},{"not_picked":["Headbutt","Sword Boomerang+1"],"picked":"Body Slam+1","floor":35},{"not_picked":["Shrug It Off","Thunderclap","Bloodletting+1"],"picked":"SKIP","floor":37},{"not_picked":["Sword Boomerang","Flex+1","Body Slam"],"picked":"SKIP","floor":38},{"not_picked":["Pommel Strike+1","Wild Strike","Shrug It Off"],"picked":"SKIP","floor":39}],"player_experience":3156484,"relics_obtained":[{"floor":6,"key":"Orichalcum"},{"floor":8,"key":"Strawberry"},{"floor":9,"key":"PreservedInsect"},{"floor":11,"key":"The Courier"},{"floor":24,"key":"Bottled Lightning"},{"floor":26,"key":"Letter Opener"},{"floor":31,"key":"CeramicFish"}],"event_choices":[{"damage_healed":0,"gold_gain":0,"player_choice":"Grow","damage_taken":0,"max_hp_gain":0,"max_hp_loss":0,"event_name":"Living Wall","floor":4,"gold_loss":0,"cards_upgraded":["Bludgeon"]},{"cards_removed":["Strike_R"],"damage_healed":0,"gold_gain":0,"player_choice":"Purged","damage_taken":0,"max_hp_gain":0,"max_hp_loss":0,"event_name":"Purifier","floor":10,"gold_loss":0},{"damage_healed":0,"gold_gain":0,"player_choice":"Read","damage_taken":0,"max_hp_gain":0,"max_hp_loss":0,"event_name":"The Library","floor":19,"gold_loss":0,"cards_obtained":["Spot Weakness"]},{"damage_healed":0,"gold_gain":0,"player_choice":"Became a Ghost","damage_taken":0,"max_hp_gain":0,"max_hp_loss":41,"event_name":"Ghosts","floor":20,"gold_loss":0,"cards_obtained":["Ghostly","Ghostly","Ghostly"]},{"damage_healed":0,"gold_gain":0,"player_choice":"Opened","damage_taken":0,"relics_obtained":["Pen Nib"],"max_hp_gain":0,"max_hp_loss":0,"event_name":"The Mausoleum","floor":27,"gold_loss":0,"cards_obtained":["Writhe"]}],"is_beta":false,"boss_relics":[{"not_picked":["Calling Bell","Empty Cage"],"picked":"Snecko Eye"},{"not_picked":["Velvet Choker","Mark of Pain"],"picked":"Astrolabe"}],"items_purged_floors":[21,28,36],"is_endless":false,"potions_floor_spawned":[3,5,8,12,16,18,22,38,39],"killed_by":"Giant Head","ascension_level":20}}