{"host":"3ek78t4i81ecmdy1","time":1608780462,"event":{"mods":["2.2 Compatiblity","AchievementEnabler","BaseMod","Colored Map","DeckTracker","Filter the Spire","Keyboard Shortcuts","Minty Spire (QoL Compilation)","Permanent Neow","Quick Restart","SuperFastMode","everything is the same but u backflip on backflip"],"gold_per_floor":[116,116,133,146,20,20,51,51,51,82,82,92,92,104,104,202,202,219,230,230,6,19,19,19],"floor_reached":23,"playtime":590,"items_purged":["Defend_G"],"score":211,"play_id":"70c69996-5987-40ac-bb42-21065044be32","local_time":"20201224122742","is_ascension_mode":true,"campfire_choices":[{"data":"Apotheosis","floor":6.0,"key":"SMITH"},{"data":"Neutralize","floor":11,"key":"SMITH"},{"data":"Phantasmal Killer","floor":15,"key":"SMITH"}],"circlet_count":0,"master_deck":["Survivor","Neutralize+1","Apotheosis+1","Poisoned Stab","Riddle With Holes","Deadly Poison","Blade Dance","Finisher","Slice","Phantasmal Killer+1","A Thousand Cuts","Dagger Spray","Distraction","Reflex","Glass Knife","Setup","Grand Finale","Crippling Poison","Bane+1","Quick Slash+1","Bouncing Flask","Bouncing Flask+1"],"relics":["Ring of the Snake","White Beast Statue","Mercury Hourglass","Bronze Scales","Pandora\u0027s Box","TwistedFunnel"],"acts_visited":["Exordium","TheCity"],"potions_floor_usage":[10,10,16,16,16,22,23],"damage_taken":[{"damage":0.0,"enemies":"Cultist","floor":1.0,"turns":4.0},{"damage":0.0,"enemies":"Small Slimes","floor":3.0,"turns":3.0},{"damage":5.0,"enemies":"2 Louse","floor":4.0,"turns":3.0},{"damage":21.0,"enemies":"Lagavulin","floor":7.0,"turns":6.0},{"damage":8,"enemies":"Gremlin Nob","floor":10,"turns":3},{"damage":0,"enemies":"Blue Slaver","floor":12,"turns":2},{"damage":2,"enemies":"2 Fungi Beasts","floor":14,"turns":2},{"damage":12,"enemies":"Hexaghost","floor":16,"turns":5},{"damage":10,"enemies":"3 Byrds","floor":18,"turns":2},{"damage":10,"enemies":"Chosen","floor":19,"turns":2},{"damage":6,"enemies":"Snecko","floor":22,"turns":3},{"damage":41,"enemies":"Book of Stabbing","floor":23,"turns":3}],"seed_played":"-6294129064353529418","potions_obtained":[{"floor":3.0,"key":"Explosive Potion"},{"floor":7.0,"key":"FearPotion"},{"floor":10,"key":"LiquidMemories"},{"floor":12,"key":"Dexterity Potion"},{"floor":14,"key":"LiquidBronze"},{"floor":16,"key":"AttackPotion"},{"floor":18,"key":"Dexterity Potion"},{"floor":19,"key":"Strength Potion"},{"floor":22,"key":"FearPotion"}],"is_trial":false,"path_per_floor":["M","?","M","M","$","R","E","?","T","E","R","M","?","M","R","B",null,"M","M","?","$","M","E"],"character_chosen":"THE_SILENT","items_purchased":["Blade Dance","TwistedFunnel","Bouncing Flask"],"campfire_rested":0,"item_purchase_floors":[5,21,21],"current_hp_per_floor":[70,67,67,62,62,62,41,34,34,26,26,26,26,24,24,12,67,57,47,47,47,41,0,0],"gold":19,"neow_bonus":"RANDOM_COLORLESS_2","is_daily":false,"chose_seed":false,"campfire_upgraded":3,"win_rate":0.0,"timestamp":1608780462,"path_taken":["M","?","M","M","$","R","E","?","T","E","R","M","?","M","R","BOSS","M","M","?","$","M","E"],"items_purchased_type":["Card","Relic","Card"],"build_version":"2020-12-22","purchased_purges":1,"victory":false,"max_hp_per_floor":[70,67,67,67,67,67,67,67,67,67,67,67,67,67,67,67,67,67,67,67,67,67,67,67],"card_choices":[{"not_picked":["Panache","Secret Technique"],"picked":"Apotheosis","floor":0.0},{"not_picked":["Bane","Escape Plan"],"picked":"Poisoned Stab","floor":1.0},{"not_picked":["Escape Plan","Expertise"],"picked":"Riddle With Holes","floor":3.0},{"not_picked":["Slice","Masterful Stab"],"picked":"Deadly Poison","floor":4.0},{"not_picked":["Skewer","Expertise"],"picked":"Finisher","floor":7.0},{"not_picked":["Caltrops","Concentrate"],"picked":"Slice","floor":10},{"not_picked":["Dagger Spray","Choke","Acrobatics"],"picked":"SKIP","floor":12},{"not_picked":["Blur","PiercingWail"],"picked":"Phantasmal Killer","floor":14},{"not_picked":["Doppelganger","Envenom"],"picked":"A Thousand Cuts","floor":16},{"not_picked":["Choke","Outmaneuver"],"picked":"Bane+1","floor":18},{"not_picked":["Underhanded Strike","Acrobatics"],"picked":"Quick Slash+1","floor":19},{"not_picked":["Caltrops","Bane"],"picked":"Bouncing Flask+1","floor":22}],"player_experience":25533,"relics_obtained":[{"floor":7.0,"key":"White Beast Statue"},{"floor":9.0,"key":"Mercury Hourglass"},{"floor":10,"key":"Bronze Scales"}],"event_choices":[{"cards_removed":["Parasite"],"damage_healed":0.0,"max_hp_gain":0.0,"max_hp_loss":0.0,"gold_gain":0.0,"event_name":"Living Wall","player_choice":"Forget","floor":2.0,"gold_loss":0.0,"damage_taken":0.0},{"cards_removed":["Strike_G"],"damage_healed":0.0,"max_hp_gain":0.0,"max_hp_loss":0.0,"gold_gain":0.0,"event_name":"Golden Wing","player_choice":"Card Removal","floor":8.0,"gold_loss":0.0,"damage_taken":7.0},{"damage_healed":0,"gold_gain":0,"player_choice":"Ignored","damage_taken":0,"max_hp_gain":0,"max_hp_loss":0,"event_name":"Liars Game","floor":13,"gold_loss":0},{"cards_removed":["Doppelganger"],"damage_healed":0,"gold_gain":0,"player_choice":"Elegance","damage_taken":0,"max_hp_gain":0,"max_hp_loss":0,"event_name":"Back to Basics","floor":20,"gold_loss":0}],"is_beta":false,"boss_relics":[{"not_picked":["SacredBark","Runic Pyramid"],"picked":"Pandora\u0027s Box"}],"items_purged_floors":[5],"is_endless":false,"potions_floor_spawned":[3,7,10,12,14,16,18,19,22],"killed_by":"Book of Stabbing","ascension_level":1}}