{"host":"wonp23fsqqcu31ie","time":1608771929,"event":{"mods":["2.2 Compatiblity","AchievementEnabler","Aspiration","BaseMod","Bestiary","Better Altar","Better Match","Better Sensory Stone","Better Skull","Better Third Choice","BetterRewards","Block Reminder","Colored Map","Colored Powertips","Conspire","DeckTracker","Displayed Cursed Tome","Downfall","Hermit","Highlight Path","Hubris","Minty Spire (QoL Compilation)","Permanent Neow","Quick Restart","Rare Cards Sparkle","Relic Stats","Replay The Spire","Shade Mod","Shop Mod","StSLib","SuperFastMode","The Animator","The Cursed","The Dragon Tamer","The Gatherer","The Necromancer","The Runesmith","The Servant 0.9.4"],"gold_per_floor":[99,110,128,128,143,155,234,234,350,43,43,59,72,51,65,161,161,86,104,120,120,220,233,315,240,240,240,240,240,258,274,286,286,304,401,401,401,419,469,469,494,517,541,580,64,79,79,118,131,131,155,155],"floor_reached":53,"playtime":2261,"items_purged":["hubris:Sloth"],"score":884,"play_id":"2d421d50-0082-428c-8efb-ad4a35fb9b20","local_time":"20201224120528","is_ascension_mode":true,"campfire_choices":[{"floor":1,"key":"RECALL"},{"data":"Slimebound:Overexert","floor":25,"key":"SMITH"},{"floor":29,"key":"REST"},{"data":"Slimebound:MassFeed","floor":37,"key":"SMITH"}],"circlet_count":0,"master_deck":["Slimebound:Strike_Slimebound","Slimebound:Strike_Slimebound","Slimebound:Defend_Slimebound","Slimebound:Defend_Slimebound","Slimebound:Defend_Slimebound","Slimebound:Split+1","Slimebound:CorrosiveSpit","Slimebound:HauntingLick","Slimebound:SlimeSpikes","Slimebound:GrowthPunch","Slimebound:MinionMaster","Slimebound:RejuvenatingLick","Slimebound:LeechEnergy","Slimebound:LevelUp","Slimebound:OneTwoCombo","Slimebound:Overexert+1","Slimebound:SplitAcid+1","Slimebound:AcidTongue","Slimebound:RollThrough","J.A.X.","Slimebound:WasteNot","Slimebound:GoopSpray","Slimebound:GoopSpray","Slimebound:SplitMire","Slimebound:DisruptingSlam","Slimebound:MegaLick+1","Slimebound:SplitBruiser","Slimebound:MassFeed+1","Slimebound:SplitMire+1","Slimebound:ServeAndProtect+1","Slimebound:HauntingLick+1","Slimebound:SamplingLick+1","Slimebound:ProtectTheBoss","Dark Shackles","Slimebound:SplitAcid","Slimebound:DouseInSlime","Slimebound:Grow","Slimebound:ViciousTackle","Slimebound:ViciousTackle","Slimebound:ForwardTackle","Secret Technique","Slimebound:SpikyOuterGoop+1","Slimebound:Nibble","Slimebound:PressTheAttack+1"],"relics":["Slimebound:AbsorbEndCombat","aspiration:ArtOfWarUpgrade","aspiration:FetidBarrel","hubris:Icosahedron","Replay:Mystery Machine","hubris:TenFootPole","ClockworkSouvenir","ReplayTheSpireMod:CursedCoin","MerchantsRug","SlaversCollar","downfall:HeartBlessingRed","aspiration:RitualStick","MutagenicStrength","downfall:HeartBlessingBlue","NlothsMask","conspire:SpecialSausage","Ring of Fangs","Ring of Greed","Golden Idol","Smiling Mask","Iron Hammer","BargainBundle","Replay:Rubber Ducky","Regal Pillow"],"acts_visited":["Exordium","TheCity","TheBeyond"],"potions_floor_usage":[15,16,16,16,23,33,35,35,35,38,42,48,49],"damage_taken":[{"damage":10,"enemies":"Jaw Worm","floor":2,"turns":4},{"damage":8,"enemies":"Cultist","floor":3,"turns":3},{"damage":11,"enemies":"Small Slimes","floor":5,"turns":3},{"damage":14,"enemies":"3 Louse","floor":6,"turns":3},{"damage":8,"enemies":"downfall:FleeingMerchant","floor":10,"turns":4},{"damage":31,"enemies":"Lots of Slimes","floor":12,"turns":4},{"damage":12,"enemies":"2 Fungi Beasts","floor":13,"turns":4},{"damage":7,"enemies":"downfall:FleeingMerchant","floor":14,"turns":4},{"damage":12,"enemies":"Large Slime","floor":15,"turns":3},{"damage":22,"enemies":"downfall:Watcher","floor":16,"turns":6},{"damage":14,"enemies":"Chosen","floor":19,"turns":4},{"damage":31,"enemies":"Snake Plant","floor":20,"turns":2},{"damage":33,"enemies":"downfall:Augmenter","floor":22,"turns":3},{"damage":23,"enemies":"3 Cultists","floor":23,"turns":4},{"damage":41,"enemies":"Snecko","floor":30,"turns":4},{"damage":48,"enemies":"Cultist and Chosen","floor":31,"turns":5},{"damage":39,"enemies":"conspire:HollyBat","floor":32,"turns":6},{"damage":0,"enemies":"Snecko","floor":33,"turns":2},{"damage":35,"enemies":"Centurion and Healer","floor":34,"turns":5},{"damage":47,"enemies":"downfall:Silent","floor":35,"turns":4},{"damage":39,"enemies":"3 Shapes","floor":38,"turns":3},{"damage":16,"enemies":"Orb Walker","floor":41,"turns":3},{"damage":16,"enemies":"4 Shapes","floor":42,"turns":3},{"damage":18,"enemies":"R_Hoarder","floor":44,"turns":6},{"damage":36,"enemies":"downfall:FleeingMerchant","floor":45,"turns":4},{"damage":38,"enemies":"Jaw Worm Horde","floor":46,"turns":4},{"damage":41,"enemies":"Giant Head","floor":48,"turns":7},{"damage":45,"enemies":"3 Darklings","floor":49,"turns":3},{"damage":36,"enemies":"Maw","floor":51,"turns":6},{"damage":48,"enemies":"downfall:Defect","floor":52,"turns":5}],"seed_played":"-3284034775181755491","potions_obtained":[{"floor":2,"key":"Strength Potion"},{"floor":6,"key":"Strength Potion"},{"floor":13,"key":"Fire Potion"},{"floor":15,"key":"BlessingOfTheForge"},{"floor":19,"key":"DuplicationPotion"},{"floor":20,"key":"Explosive Potion"},{"floor":23,"key":"SteroidPotion"},{"floor":35,"key":"DuplicationPotion"},{"floor":41,"key":"Toxic Potion"},{"floor":46,"key":"ColorlessPotion"},{"floor":48,"key":"DuplicationPotion"}],"is_trial":false,"path_per_floor":["R","M","M","?","M","M","T","?","?","$","R","M","M","$","M","B",null,"R","M","M","?","?","M","T","R","PTL","PTL","?","R","M","M","M","M","M","B",null,"R","M","?","?","M","M","T","E","$","M","?","E","M","?","M","B",null],"character_chosen":"SLIMEBOUND","items_purchased":["hubris:TenFootPole","ClockworkSouvenir","ReplayTheSpireMod:CursedCoin","MerchantsRug","BargainBundle","Replay:Rubber Ducky","hexamod:EctoCoolerPotion","FairyPotion","sneckomod:MuddlingPotion","Dark Shackles","Slimebound:SplitAcid","Slimebound:DouseInSlime","Slimebound:Grow","Slimebound:ViciousTackle","Slimebound:ForwardTackle","Secret Technique"],"campfire_rested":1,"item_purchase_floors":[10,10,14,14,45,45,45,45,45,45,45,45,45,45,45,45],"current_hp_per_floor":[60,58,56,56,60,59,59,59,23,31,31,22,28,39,45,60,60,60,60,39,33,22,25,25,35,35,35,35,56,35,25,36,36,39,38,70,70,63,63,63,67,67,67,80,82,55,55,44,31,31,29,25],"gold":155,"neow_bonus":"RANDOM_COMMON_RELIC","is_daily":false,"chose_seed":false,"campfire_upgraded":2,"win_rate":0.0,"timestamp":1608771928,"path_taken":["R","M","M","?","?","M","T","?","?","$","R","M","?","$","M","BOSS","R","M","M","?","?","M","T","R","PTL","PTL","?","R","?","M","M","?","M","BOSS","R","M","?","?","M","M","T","E","$","?","?","E","M","?","M","BOSS"],"items_purchased_type":["Relic","Relic","Relic","Relic","Relic","Relic","Potion","Potion","Potion","Card","Card","Card","Card","Card","Card","Card"],"build_version":"2020-12-22","purchased_purges":1,"victory":true,"max_hp_per_floor":[60,60,60,60,60,60,60,60,60,60,60,60,60,60,60,60,60,60,60,60,60,60,60,60,70,70,70,70,70,70,70,70,70,70,70,70,70,78,78,78,82,82,82,82,82,82,82,82,82,82,82,82],"relic_stats":{"Regal Pillow":0,"counters":[30,117],"Golden Idol":62,"Smiling Mask":25,"obtain_stats":[{"Regal Pillow":48,"conspire:SpecialSausage":36,"Replay:Mystery Machine":9,"Smiling Mask":39,"aspiration:RitualStick":21,"ClockworkSouvenir":10,"Replay:Rubber Ducky":45,"hubris:Icosahedron":8,"Ring of Fangs":39,"downfall:HeartBlessingBlue":25,"aspiration:ArtOfWarUpgrade":18,"Iron Hammer":44,"MerchantsRug":14,"BargainBundle":45,"downfall:HeartBlessingRed":18,"aspiration:FetidBarrel":7,"ReplayTheSpireMod:CursedCoin":14,"Golden Idol":39,"Omamori":9,"Ring of Greed":39,"SlaversCollar":17,"MutagenicStrength":22,"Slimebound:AbsorbEndCombat":0,"Art of War":0,"hubris:TenFootPole":10,"NlothsMask":28},{"Regal Pillow":27,"conspire:SpecialSausage":20,"Replay:Mystery Machine":4,"Smiling Mask":21,"aspiration:RitualStick":12,"ClockworkSouvenir":5,"Replay:Rubber Ducky":25,"hubris:Icosahedron":4,"Ring of Fangs":21,"downfall:HeartBlessingBlue":14,"aspiration:ArtOfWarUpgrade":10,"Iron Hammer":24,"MerchantsRug":8,"BargainBundle":25,"downfall:HeartBlessingRed":10,"aspiration:FetidBarrel":4,"ReplayTheSpireMod:CursedCoin":8,"Golden Idol":21,"Omamori":4,"Ring of Greed":21,"SlaversCollar":10,"MutagenicStrength":13,"Slimebound:AbsorbEndCombat":0,"Art of War":0,"hubris:TenFootPole":5,"NlothsMask":14},{"Regal Pillow":103,"conspire:SpecialSausage":75,"Replay:Mystery Machine":12,"Smiling Mask":77,"aspiration:RitualStick":42,"ClockworkSouvenir":16,"Replay:Rubber Ducky":92,"hubris:Icosahedron":12,"Ring of Fangs":77,"downfall:HeartBlessingBlue":49,"aspiration:ArtOfWarUpgrade":37,"Iron Hammer":88,"MerchantsRug":28,"BargainBundle":92,"downfall:HeartBlessingRed":37,"aspiration:FetidBarrel":12,"ReplayTheSpireMod:CursedCoin":28,"Golden Idol":77,"Omamori":12,"Ring of Greed":77,"SlaversCollar":37,"MutagenicStrength":45,"Slimebound:AbsorbEndCombat":0,"Art of War":0,"hubris:TenFootPole":16,"NlothsMask":49}],"aspiration:RitualStick":[0]},"card_choices":[{"not_picked":["Slimebound:Schlurp","Slimebound:FinishingTackle"],"picked":"Slimebound:HauntingLick","floor":2},{"not_picked":["Slimebound:GrowthPunch","Slimebound:ComboTackle"],"picked":"Slimebound:SlimeSpikes","floor":3},{"not_picked":["Slimebound:GoopSpray","Slimebound:SplitAcid"],"picked":"Slimebound:GrowthPunch","floor":5},{"not_picked":["Slimebound:Chomp","Slimebound:BestDefense"],"picked":"Slimebound:MinionMaster","floor":6},{"not_picked":["Slimebound:ComboTackle","Slimebound:PressTheAttack"],"picked":"Slimebound:RejuvenatingLick","floor":10},{"not_picked":["Slimebound:Schlurp","Slimebound:PressTheAttack"],"picked":"Slimebound:LeechEnergy","floor":12},{"not_picked":["Slimebound:Chomp","Slimebound:LeechEnergy","Slimebound:ServeAndProtect"],"picked":"SKIP","floor":13},{"not_picked":["Slimebound:FinishingTackle","Slimebound:SplitAcid"],"picked":"Slimebound:LevelUp","floor":14},{"not_picked":["Slimebound:DivideAndConquer","Slimebound:SplitAcid"],"picked":"Slimebound:OneTwoCombo","floor":15},{"not_picked":["Slimebound:Recycling","Slimebound:CheckThePlaybook"],"picked":"Slimebound:Overexert","floor":16},{"not_picked":["Slimebound:SlimeSpikes+1","Slimebound:Schlurp"],"picked":"Slimebound:SplitAcid+1","floor":19},{"not_picked":["Slimebound:ComboTackle+1","Slimebound:SplitMire"],"picked":"Slimebound:AcidTongue","floor":20},{"not_picked":[],"picked":"J.A.X.","floor":22},{"not_picked":["Slimebound:FinishingTackle","Slimebound:SlimeBrawl"],"picked":"Slimebound:GoopSpray","floor":22},{"not_picked":["Slimebound:Dissolve","Slimebound:GrowthPunch"],"picked":"Slimebound:GoopSpray","floor":23},{"not_picked":["Slimebound:Replication","Slimebound:HauntingLick"],"picked":"Slimebound:SplitMire","floor":30},{"not_picked":["Slimebound:RollThrough+1","Slimebound:LivingWall+1"],"picked":"Slimebound:DisruptingSlam","floor":31},{"not_picked":["Slimebound:Nibble","Slimebound:RejuvenatingLick"],"picked":"Slimebound:MegaLick+1","floor":32},{"not_picked":["Slimebound:SplitLeeching","Slimebound:ServeAndProtect+1"],"picked":"Slimebound:SplitBruiser","floor":34},{"not_picked":["Slimebound:Overexert","Slimebound:MassRepurpose"],"picked":"Slimebound:MassFeed","floor":35},{"not_picked":["Slimebound:HungryTackle","Slimebound:DivideAndConquer"],"picked":"Slimebound:SplitMire+1","floor":38},{"not_picked":["Slimebound:SplitBruiser","Slimebound:SplitAcid+1"],"picked":"Slimebound:ServeAndProtect+1","floor":41},{"not_picked":["Slimebound:SlimeBrawl","Slimebound:ServeAndProtect"],"picked":"Slimebound:HauntingLick+1","floor":42},{"not_picked":["Slimebound:DivideAndConquer","Slimebound:ViciousTackle+1"],"picked":"Slimebound:SamplingLick+1","floor":44},{"not_picked":["Slimebound:MegaLick","Slimebound:GrowthPunch+1"],"picked":"Slimebound:ProtectTheBoss","floor":45},{"not_picked":["Slimebound:ServeAndProtect","Slimebound:Teamwork"],"picked":"Slimebound:SpikyOuterGoop+1","floor":46},{"not_picked":["Slimebound:FinishingTackle","Slimebound:LevelUp","Slimebound:Dissolve+1"],"picked":"SKIP","floor":48},{"not_picked":["Slimebound:SplitBruiser+1","Slimebound:FlameTackle+1"],"picked":"Slimebound:Nibble","floor":49},{"not_picked":["Slimebound:SplitMire","Slimebound:LeechEnergy+1"],"picked":"Slimebound:PressTheAttack+1","floor":51}],"player_experience":388171,"relics_obtained":[{"floor":7,"key":"aspiration:FetidBarrel"},{"floor":22,"key":"MutagenicStrength"},{"floor":39,"key":"Ring of Fangs"},{"floor":39,"key":"Ring of Greed"},{"floor":39,"key":"Golden Idol"},{"floor":39,"key":"Smiling Mask"},{"floor":44,"key":"Iron Hammer"},{"floor":48,"key":"Regal Pillow"}],"event_choices":[{"damage_healed":0,"gold_gain":0,"player_choice":"Upgraded","damage_taken":0,"max_hp_gain":0,"max_hp_loss":0,"event_name":"Upgrade Shrine","floor":4,"gold_loss":0,"cards_upgraded":["Slimebound:Split"]},{"damage_healed":0,"gold_gain":116,"player_choice":"RE RE GO ","damage_taken":41,"relics_obtained":["Omamori","Replay:Mystery Machine"],"max_hp_gain":0,"max_hp_loss":0,"event_name":"betterSkull:BetterSkull","floor":9,"gold_loss":0,"cards_upgraded":[]},{"damage_healed":0,"gold_gain":0,"player_choice":"Trade","damage_taken":0,"relics_obtained":["NlothsMask"],"max_hp_gain":0,"max_hp_loss":0,"event_name":"FaceTrader","floor":28,"gold_loss":0},{"damage_healed":0,"gold_gain":0,"player_choice":"Ignored","damage_taken":0,"max_hp_gain":0,"max_hp_loss":0,"event_name":"Transmorgrifier","floor":40,"gold_loss":0},{"damage_healed":0,"gold_gain":0,"player_choice":"Leave","damage_taken":0,"max_hp_gain":0,"max_hp_loss":0,"event_name":"conspire:Investor","floor":47,"gold_loss":0},{"cards_removed":["Slimebound:Defend_Slimebound"],"damage_healed":0,"gold_gain":0,"player_choice":"Removed Skill","damage_taken":0,"max_hp_gain":0,"max_hp_loss":0,"event_name":"Falling","floor":50,"gold_loss":0}],"is_beta":false,"boss_relics":[{"not_picked":["Replay:Grab Bag","conspire:RoyalGoblet"],"picked":"SlaversCollar"},{"not_picked":["Replay:Wanted Poster","Abe\u0027s Treasure"],"picked":"conspire:SpecialSausage"}],"items_purged_floors":[45],"is_endless":false,"potions_floor_spawned":[2,6,13,15,19,20,23,33,35,41,46,48],"ascension_level":2}}