{"host":"3ek78t4i81ecmdy1","time":1608788476,"event":{"mods":["2.2 Compatiblity","AchievementEnabler","BaseMod","Colored Map","DeckTracker","Filter the Spire","Keyboard Shortcuts","Minty Spire (QoL Compilation)","Permanent Neow","Quick Restart","SuperFastMode","everything is the same but u backflip on backflip"],"gold_per_floor":[109,109,74,87,12,12,25,25,79,90,106,118,118,118,118,222,222,242,223,223,240,258,258,173,173,173,93,103,128,13,48,48,48,48],"floor_reached":33,"playtime":925,"items_purged":["Defend_R","Strike_R"],"score":257,"play_id":"63d66405-36f2-46fa-83e7-185668632a6e","local_time":"20201224144116","is_ascension_mode":false,"campfire_choices":[{"data":"Carnage","floor":6.0,"key":"SMITH"},{"data":"Armaments","floor":13.0,"key":"SMITH"},{"data":"True Grit","floor":15.0,"key":"SMITH"},{"data":"Heavy Blade","floor":23,"key":"SMITH"},{"data":"Flex","floor":25,"key":"SMITH"},{"floor":32,"key":"REST"}],"circlet_count":0,"master_deck":["Strike_R","Strike_R","Defend_R","Defend_R","Bash","Shrug It Off","Double Tap","Heavy Blade+1","Carnage+1","Iron Wave","Flex","Anger","True Grit+1","Armaments+1","Reaper","Flex+1","Iron Wave+1","Sword Boomerang"],"relics":["Burning Blood","The Courier","Orichalcum","SlaversCollar","Meat on the Bone","Red Mask","Brimstone","Omamori"],"acts_visited":["Exordium","TheCity"],"potions_floor_usage":[16,18,21,22,31,33],"damage_taken":[{"damage":0.0,"enemies":"Small Slimes","floor":1.0,"turns":3.0},{"damage":0.0,"enemies":"Cultist","floor":4.0,"turns":2.0},{"damage":3.0,"enemies":"Jaw Worm","floor":7.0,"turns":2.0},{"damage":6.0,"enemies":"Large Slime","floor":10.0,"turns":5.0},{"damage":2.0,"enemies":"Blue Slaver","floor":11.0,"turns":2.0},{"damage":3.0,"enemies":"Gremlin Gang","floor":12.0,"turns":5.0},{"damage":10,"enemies":"Slime Boss","floor":16,"turns":7},{"damage":15,"enemies":"Shell Parasite","floor":18,"turns":6},{"damage":17,"enemies":"2 Thieves","floor":19,"turns":4},{"damage":24,"enemies":"Snake Plant","floor":21,"turns":3},{"damage":12,"enemies":"Snecko","floor":22,"turns":5},{"damage":24,"enemies":"Centurion and Healer","floor":28,"turns":8},{"damage":51,"enemies":"Masked Bandits","floor":29,"turns":6},{"damage":25,"enemies":"Book of Stabbing","floor":31,"turns":4},{"damage":76,"enemies":"Automaton","floor":33,"turns":6}],"seed_played":"-7949114168874761837","potions_obtained":[{"floor":10.0,"key":"Energy Potion"},{"floor":11.0,"key":"Energy Potion"},{"floor":16,"key":"Block Potion"},{"floor":18,"key":"Swift Potion"},{"floor":28,"key":"SteroidPotion"},{"floor":31,"key":"Block Potion"}],"is_trial":false,"path_per_floor":["M","?","$","M","$","R","M","T","T","M","M","M","R","?","R","B",null,"M","M","?","M","M","R","?","R","T","$","M","?","$","E","R","B"],"character_chosen":"IRONCLAD","items_purchased":["Carnage","Brimstone"],"campfire_rested":1,"item_purchase_floors":[3,30],"current_hp_per_floor":[72,72,72,72,72,72,72,72,72,72,72,72,72,72,72,68,72,67,56,56,41,35,35,35,35,35,35,39,30,30,23,44,0,0],"gold":48,"neow_bonus":"TRANSFORM_TWO_CARDS","is_daily":false,"chose_seed":false,"campfire_upgraded":5,"win_rate":0.0,"timestamp":1608788476,"path_taken":["M","?","?","M","$","R","M","?","T","M","M","M","R","?","R","BOSS","M","M","?","?","M","R","?","R","T","$","M","?","?","E","R","BOSS"],"items_purchased_type":["Card","Relic"],"build_version":"2020-12-22","purchased_purges":2,"victory":false,"max_hp_per_floor":[72,72,72,72,72,72,72,72,72,72,72,72,72,72,72,72,72,72,72,72,72,72,72,72,72,72,72,72,72,72,72,72,72,72],"card_choices":[{"not_picked":["Shrug It Off","Sword Boomerang"],"picked":"Heavy Blade","floor":1.0},{"not_picked":["Wild Strike","Heavy Blade"],"picked":"Iron Wave","floor":4.0},{"not_picked":["Body Slam","Armaments"],"picked":"Flex","floor":7.0},{"not_picked":["Sword Boomerang","Barricade"],"picked":"Anger","floor":10.0},{"not_picked":["Metallicize","Perfected Strike"],"picked":"True Grit","floor":11.0},{"not_picked":["Cleave","Heavy Blade"],"picked":"Armaments","floor":12.0},{"not_picked":["Corruption","Exhume"],"picked":"Reaper","floor":16},{"not_picked":["Clothesline","Twin Strike","True Grit"],"picked":"SKIP","floor":18},{"not_picked":["Cleave","Hemokinesis","Headbutt"],"picked":"SKIP","floor":19},{"not_picked":["Sword Boomerang","Clash+1","Sever Soul"],"picked":"SKIP","floor":21},{"not_picked":["Whirlwind","Searing Blow"],"picked":"Iron Wave+1","floor":22},{"not_picked":["Pommel Strike","Warcry","Wild Strike+1"],"picked":"SKIP","floor":28},{"not_picked":["Flame Barrier+1","Immolate"],"picked":"Sword Boomerang","floor":31}],"player_experience":31337,"relics_obtained":[{"floor":8.0,"key":"The Courier"},{"floor":9.0,"key":"Orichalcum"},{"floor":29,"key":"Red Mask"},{"floor":31,"key":"Omamori"}],"event_choices":[{"cards_removed":["Strike_R"],"damage_healed":0.0,"max_hp_gain":0.0,"max_hp_loss":0.0,"gold_gain":0.0,"event_name":"Bonfire Elementals","player_choice":"Offered Basic","floor":2.0,"gold_loss":0.0,"damage_taken":0.0},{"damage_healed":0.0,"max_hp_gain":0.0,"max_hp_loss":0.0,"gold_gain":0.0,"event_name":"Liars Game","player_choice":"Ignored","floor":14.0,"gold_loss":0.0,"damage_taken":0.0},{"damage_healed":0,"gold_gain":0,"player_choice":"Copied","damage_taken":0,"max_hp_gain":0,"max_hp_loss":0,"event_name":"Duplicator","floor":20,"gold_loss":0,"cards_obtained":["Flex"]},{"damage_healed":0,"gold_gain":0,"player_choice":"Obtained Relic","damage_taken":0,"relics_obtained":["Meat on the Bone"],"max_hp_gain":0,"max_hp_loss":0,"event_name":"Addict","floor":24,"gold_loss":85},{"damage_healed":0,"gold_gain":0,"player_choice":"Fought Bandits","damage_taken":0,"max_hp_gain":0,"max_hp_loss":0,"event_name":"Masked Bandits","floor":29,"gold_loss":0}],"is_beta":false,"boss_relics":[{"not_picked":["Pandora\u0027s Box","Calling Bell"],"picked":"SlaversCollar"}],"items_purged_floors":[5,27],"is_endless":false,"potions_floor_spawned":[10,11,16,18,28,31],"killed_by":"Automaton","ascension_level":0}}