{"host":"5f8ute538gzudddu","time":1608768124,"event":{"mods":["BaseMod","Highlight Path","Minty Spire (QoL Compilation)","Relic Stats","StSLib"],"gold_per_floor":[118,131,148,160,30,30,62,72,72,104,119,149,204,4,4,80,80,94,113,32,32,47,73,73,98,143,143,143,176,187,31,31,103,103,152,152,152,169,183,183,183,183],"floor_reached":41,"playtime":1867,"items_purged":["Defend_P","Defend_P"],"score":992,"play_id":"49858e60-b50f-49a9-9bc8-a9f396147909","local_time":"20201223160204","is_ascension_mode":true,"campfire_choices":[{"data":"Eruption","floor":6.0,"key":"SMITH"},{"data":"WaveOfTheHand","floor":15.0,"key":"SMITH"},{"data":"Shame","floor":24.0,"key":"PURGE"},{"floor":27.0,"key":"REST"},{"data":"Strike_P","floor":32.0,"key":"PURGE"},{"data":"Strike_P","floor":40,"key":"PURGE"}],"circlet_count":0,"master_deck":["AscendersBane","Strike_P","Strike_P","Defend_P","Defend_P","Eruption+1","Vigilance","Adaptation","Consecrate","SandsOfTime","WaveOfTheHand+1","ConjureBlade","EmptyBody+1","Wallop","Wallop","Wallop","SpiritShield+1","Halt+1","Halt+1","Crescendo+1","Swivel+1","Halt+1","Sanctity+1","Wish+1","Indignation+1","ClearTheMind+1"],"relics":["Velvet Choker","Orichalcum","Toxic Egg 2","Regal Pillow","Pantograph","Strawberry","Sling","Runic Dome","Peace Pipe","Shuriken","Dream Catcher","Akabeko","MealTicket","Fusion Hammer"],"acts_visited":["Exordium","TheCity","TheBeyond"],"potions_floor_usage":[33,35],"damage_taken":[{"damage":0.0,"enemies":"Cultist","floor":1.0,"turns":3.0},{"damage":6.0,"enemies":"2 Louse","floor":2.0,"turns":4.0},{"damage":0.0,"enemies":"Jaw Worm","floor":3.0,"turns":3.0},{"damage":22.0,"enemies":"Exordium Thugs","floor":4.0,"turns":4.0},{"damage":10.0,"enemies":"Lagavulin","floor":7.0,"turns":4.0},{"damage":4.0,"enemies":"2 Fungi Beasts","floor":8.0,"turns":3.0},{"damage":5.0,"enemies":"Gremlin Nob","floor":10.0,"turns":3.0},{"damage":0.0,"enemies":"Exordium Wildlife","floor":11.0,"turns":1.0},{"damage":0.0,"enemies":"Lagavulin","floor":12.0,"turns":4.0},{"damage":0.0,"enemies":"3 Sentries","floor":13.0,"turns":4.0},{"damage":2.0,"enemies":"The Guardian","floor":16.0,"turns":9.0},{"damage":16.0,"enemies":"Shell Parasite","floor":18.0,"turns":7.0},{"damage":27.0,"enemies":"3 Byrds","floor":19.0,"turns":6.0},{"damage":1.0,"enemies":"Centurion and Healer","floor":22.0,"turns":5.0},{"damage":2.0,"enemies":"Gremlin Leader","floor":23.0,"turns":5.0},{"damage":13.0,"enemies":"Book of Stabbing","floor":25.0,"turns":3.0},{"damage":10.0,"enemies":"Slavers","floor":29.0,"turns":5.0},{"damage":5.0,"enemies":"Snake Plant","floor":30.0,"turns":5.0},{"damage":48,"enemies":"Collector","floor":33,"turns":8},{"damage":18,"enemies":"Orb Walker","floor":35,"turns":4},{"damage":27,"enemies":"3 Shapes","floor":38,"turns":8},{"damage":10,"enemies":"Jaw Worm Horde","floor":39,"turns":5},{"damage":53,"enemies":"Reptomancer","floor":41,"turns":3}],"seed_played":"2043974706021656358","potions_obtained":[{"floor":1.0,"key":"Fire Potion"},{"floor":2.0,"key":"FearPotion"},{"floor":12.0,"key":"Fire Potion"},{"floor":13.0,"key":"Weak Potion"},{"floor":23.0,"key":"BottledMiracle"},{"floor":29.0,"key":"SteroidPotion"},{"floor":33,"key":"Fruit Juice"},{"floor":35,"key":"FairyPotion"}],"is_trial":false,"path_per_floor":["M","M","M","M","$","R","E","M","T","E","M","E","?","$","R","B",null,"M","M","$","?","M","E","R","E","T","R","?","E","M","$","R","B",null,"M","?","?","M","M","R","E"],"character_chosen":"WATCHER","items_purchased":["SteroidPotion","Wallop","Sling","Halt+1","PowerPotion","FearPotion"],"campfire_rested":1,"item_purchase_floors":[5,14,14,20,20,31],"current_hp_per_floor":[61,55,55,33,33,33,23,19,19,14,14,14,21,21,21,44,67,51,24,24,24,23,21,21,8,8,45,45,35,30,45,45,22,62,49,49,49,22,12,12,0,0],"gold":183,"neow_bonus":"BOSS_RELIC","is_daily":false,"chose_seed":false,"campfire_upgraded":2,"win_rate":0.0,"timestamp":1608768124,"path_taken":["M","M","M","M","$","R","E","M","T","E","?","E","?","?","R","BOSS","M","M","$","?","M","E","R","E","T","R","?","E","M","?","R","BOSS","M","?","?","M","M","R","E"],"items_purchased_type":["Potion","Card","Relic","Card","Potion","Potion"],"build_version":"2020-12-22","purchased_purges":2,"victory":false,"max_hp_per_floor":[68,68,68,68,68,68,68,68,68,68,68,68,75,75,75,75,75,75,75,75,75,75,75,75,75,75,75,75,75,75,75,75,75,75,80,80,76,76,76,76,76,76],"relic_stats":{"Peace Pipe":3,"Regal Pillow":15,"Dream Catcher":1,"counters":[23,106],"Shuriken":[12],"Pantograph":50,"MealTicket":15,"Orichalcum":[54],"obtain_stats":[{"Regal Pillow":10,"Velvet Choker":0,"Orichalcum":7,"Sling":14,"Akabeko":26,"Peace Pipe":21,"Runic Dome":17,"Dream Catcher":25,"Shuriken":23,"Pantograph":12,"Strawberry":13,"MealTicket":29,"Fusion Hammer":34,"PureWater":0,"Toxic Egg 2":9},{"Regal Pillow":7,"Velvet Choker":0,"Orichalcum":5,"Sling":10,"Akabeko":16,"Peace Pipe":13,"Runic Dome":11,"Dream Catcher":16,"Shuriken":15,"Pantograph":9,"Strawberry":10,"MealTicket":17,"Fusion Hammer":19,"PureWater":0,"Toxic Egg 2":6},{"Regal Pillow":24,"Velvet Choker":0,"Orichalcum":18,"Sling":33,"Akabeko":68,"Peace Pipe":55,"Runic Dome":42,"Dream Catcher":68,"Shuriken":65,"Pantograph":29,"Strawberry":33,"MealTicket":73,"Fusion Hammer":86,"PureWater":0,"Toxic Egg 2":21}]},"card_choices":[{"not_picked":["Study","Perseverance"],"picked":"Adaptation","floor":1.0},{"not_picked":["SashWhip","JustLucky"],"picked":"Consecrate","floor":2.0},{"not_picked":["PathToVictory","Evaluate"],"picked":"ClearTheMind","floor":3.0},{"not_picked":["Meditate","ReachHeaven"],"picked":"SandsOfTime","floor":4.0},{"not_picked":["Crescendo","Weave"],"picked":"WaveOfTheHand","floor":7.0},{"not_picked":["SashWhip","Prostrate"],"picked":"ConjureBlade","floor":8.0},{"not_picked":["Consecrate","Wallop"],"picked":"EmptyBody+1","floor":10.0},{"not_picked":["ClearTheMind+1","EmptyBody+1","FollowUp"],"picked":"SKIP","floor":11.0},{"not_picked":["Prostrate+1","Wireheading"],"picked":"Wallop","floor":12.0},{"not_picked":["FlurryOfBlows","Prostrate+1"],"picked":"Wallop","floor":13.0},{"not_picked":["Brilliance","DevaForm"],"picked":"SpiritShield+1","floor":16.0},{"not_picked":["EmptyFist","DeceiveReality+1","Prostrate+1"],"picked":"SKIP","floor":18.0},{"not_picked":["CrushJoints","FearNoEvil","FollowUp"],"picked":"SKIP","floor":19.0},{"not_picked":["SashWhip","JustLucky"],"picked":"Halt+1","floor":22.0},{"not_picked":["FollowUp","CarveReality"],"picked":"Crescendo+1","floor":23.0},{"not_picked":["SandsOfTime+1","FollowUp"],"picked":"Swivel+1","floor":25.0},{"not_picked":["CrushJoints","BowlingBash"],"picked":"Halt+1","floor":27.0},{"not_picked":["SashWhip","FearNoEvil","Consecrate"],"picked":"SKIP","floor":29.0},{"not_picked":["Halt+1","Consecrate"],"picked":"Sanctity+1","floor":30.0},{"not_picked":["MasterReality","Blasphemy+1"],"picked":"Wish+1","floor":33},{"not_picked":["Crescendo+1","JustLucky"],"picked":"Indignation+1","floor":35},{"not_picked":["Fasting2+1","EmptyFist"],"picked":"ClearTheMind+1","floor":38},{"not_picked":["LikeWater","Consecrate","FlurryOfBlows+1"],"picked":"SKIP","floor":39}],"player_experience":906417,"relics_obtained":[{"floor":7.0,"key":"Orichalcum"},{"floor":9.0,"key":"Toxic Egg 2"},{"floor":10.0,"key":"Regal Pillow"},{"floor":12.0,"key":"Pantograph"},{"floor":13.0,"key":"Strawberry"},{"floor":23.0,"key":"Shuriken"},{"floor":25.0,"key":"Dream Catcher"},{"floor":26.0,"key":"Akabeko"},{"floor":29.0,"key":"MealTicket"}],"event_choices":[{"damage_healed":0.0,"max_hp_gain":0.0,"max_hp_loss":0.0,"gold_gain":0.0,"event_name":"Dead Adventurer","player_choice":"Searched \u00271\u0027 times","floor":13.0,"gold_loss":0.0,"damage_taken":0.0},{"damage_healed":0.0,"max_hp_gain":0.0,"max_hp_loss":0.0,"gold_gain":0.0,"event_name":"Addict","player_choice":"Stole Relic","floor":21.0,"gold_loss":0.0,"damage_taken":0.0,"relics_obtained":["Peace Pipe"],"cards_obtained":["Shame"]},{"damage_healed":0.0,"max_hp_gain":0.0,"max_hp_loss":0.0,"gold_gain":0.0,"event_name":"The Mausoleum","player_choice":"Ignored","floor":28.0,"gold_loss":0.0,"damage_taken":0.0},{"cards_removed":["ClearTheMind"],"damage_healed":0,"gold_gain":0,"player_choice":"Removed Skill","damage_taken":0,"max_hp_gain":0,"max_hp_loss":0,"event_name":"Falling","floor":36,"gold_loss":0},{"damage_healed":0,"gold_gain":0,"player_choice":"Max HP","damage_taken":0,"max_hp_gain":0,"max_hp_loss":4,"event_name":"Winding Halls","floor":37,"gold_loss":0}],"is_beta":false,"boss_relics":[{"not_picked":["Runic Pyramid","SlaversCollar"],"picked":"Runic Dome"},{"not_picked":["Black Star","VioletLotus"],"picked":"Fusion Hammer"}],"items_purged_floors":[5,31],"is_endless":false,"potions_floor_spawned":[1,2,8,12,13,23,29,33,35],"killed_by":"Reptomancer","ascension_level":20}}