{"host":"x4x6fw95e6eqd4n0","time":1608812157,"event":{"mods":["AchievementEnabler","BaseMod","Colored Map","Colored Powertips","DeckTracker","Minty Spire (QoL Compilation)","Shop Mod"],"gold_per_floor":[112,132,146,163,10,10,24,41,41,51,51,85,85,96,96,196,196,216,230,230,230,155,155,180,180,233,233,233,247,247,264,264,264,264],"floor_reached":33,"playtime":1313,"items_purged":[],"score":344,"play_id":"c1ad8ada-1f78-4595-9be4-332181f58551","local_time":"20201224141557","is_ascension_mode":false,"campfire_choices":[{"data":"LikeWater","floor":6,"key":"SMITH"},{"data":"LikeWater","floor":11,"key":"SMITH"},{"data":"DeusExMachina","floor":13,"key":"SMITH"},{"data":"Crescendo","floor":15,"key":"SMITH"},{"floor":23,"key":"REST"},{"data":"RitualDagger","floor":25,"key":"SMITH"},{"data":"MasterReality","floor":27,"key":"SMITH"},{"data":"Perseverance","floor":30,"key":"SMITH"},{"data":"Wallop","floor":32,"key":"SMITH"}],"circlet_count":0,"master_deck":["Strike_P","Strike_P","Strike_P","Defend_P","Defend_P","Defend_P","Defend_P","Eruption+1","Vigilance","FollowUp","FollowUp","LikeWater+1","FearNoEvil","LikeWater+1","Tantrum","FollowUp","DeusExMachina+1","Crescendo+1","MasterReality+1","FlurryOfBlows","EmptyFist+1","RitualDagger+1","EmptyFist+1","Perseverance+1","InnerPeace","Wallop+1"],"relics":["PureWater","Omamori","Meat on the Bone","Ancient Tea Set","Busted Crown","Enchiridion","Mummified Hand","Dream Catcher"],"acts_visited":["Exordium","TheCity"],"potions_floor_usage":[18,19,19,31,33],"damage_taken":[{"damage":1,"enemies":"Cultist","floor":1,"turns":4},{"damage":6,"enemies":"Jaw Worm","floor":2,"turns":4},{"damage":0,"enemies":"2 Louse","floor":3,"turns":2},{"damage":0,"enemies":"Large Slime","floor":4,"turns":4},{"damage":6,"enemies":"Exordium Thugs","floor":7,"turns":4},{"damage":12,"enemies":"3 Louse","floor":8,"turns":4},{"damage":0,"enemies":"Exordium Wildlife","floor":10,"turns":5},{"damage":14,"enemies":"Lagavulin","floor":12,"turns":8},{"damage":0,"enemies":"2 Fungi Beasts","floor":14,"turns":2},{"damage":0,"enemies":"Slime Boss","floor":16,"turns":6},{"damage":8,"enemies":"Spheric Guardian","floor":18,"turns":3},{"damage":30,"enemies":"2 Thieves","floor":19,"turns":3},{"damage":0,"enemies":"Gremlin Leader","floor":24,"turns":7},{"damage":0,"enemies":"Centurion and Healer","floor":29,"turns":3},{"damage":17,"enemies":"3 Cultists","floor":31,"turns":4},{"damage":45,"enemies":"Automaton","floor":33,"turns":6}],"seed_played":"-9156377045091672531","potions_obtained":[{"floor":4,"key":"BlessingOfTheForge"},{"floor":10,"key":"Fire Potion"},{"floor":14,"key":"Block Potion"},{"floor":18,"key":"LiquidBronze"},{"floor":29,"key":"Weak Potion"}],"is_trial":false,"path_per_floor":["M","M","M","M","$","R","M","M","T","M","R","E","R","M","R","B",null,"M","M","?","?","?","R","E","R","T","R","?","M","R","M","R","B"],"character_chosen":"WATCHER","items_purchased":["Omamori"],"campfire_rested":1,"item_purchase_floors":[5],"current_hp_per_floor":[71,65,65,65,65,65,59,47,47,47,47,45,45,45,45,45,72,64,46,30,24,24,45,45,45,45,45,45,45,45,40,40,0,0],"gold":264,"neow_bonus":"UPGRADE_CARD","is_daily":false,"chose_seed":false,"campfire_upgraded":8,"win_rate":0.0,"timestamp":1608812157,"path_taken":["M","M","M","M","$","R","M","M","T","M","R","E","R","M","R","BOSS","M","M","?","?","?","R","E","R","T","R","?","M","R","?","R","BOSS"],"items_purchased_type":["Relic"],"build_version":"2020-12-13","purchased_purges":0,"victory":false,"max_hp_per_floor":[72,72,72,72,72,72,72,72,72,72,72,72,72,72,72,72,72,72,72,72,72,72,72,72,72,72,72,72,72,72,72,72,72,72],"card_choices":[{"not_picked":["Evaluate","ClearTheMind"],"picked":"FollowUp","floor":1},{"not_picked":["Halt","CutThroughFate"],"picked":"FollowUp","floor":2},{"not_picked":["Indignation","EmptyFist"],"picked":"LikeWater","floor":3},{"not_picked":["Conclude","Weave"],"picked":"FearNoEvil","floor":4},{"not_picked":["FearNoEvil","CutThroughFate"],"picked":"LikeWater","floor":7},{"not_picked":["WheelKick","ForeignInfluence"],"picked":"Tantrum","floor":8},{"not_picked":["Pray","Evaluate"],"picked":"FollowUp","floor":10},{"not_picked":["WindmillStrike","Crescendo"],"picked":"DeusExMachina","floor":12},{"not_picked":["JustLucky","PathToVictory"],"picked":"Crescendo","floor":14},{"not_picked":["Establishment","Blasphemy"],"picked":"MasterReality","floor":16},{"not_picked":[],"picked":"FlurryOfBlows","floor":18},{"not_picked":[],"picked":"EmptyFist+1","floor":19},{"not_picked":[],"picked":"EmptyFist+1","floor":24},{"not_picked":[],"picked":"InnerPeace","floor":29},{"not_picked":[],"picked":"Wallop","floor":31}],"player_experience":82550,"relics_obtained":[{"floor":9,"key":"Meat on the Bone"},{"floor":12,"key":"Ancient Tea Set"},{"floor":20,"key":"Enchiridion"},{"floor":24,"key":"Mummified Hand"},{"floor":26,"key":"Dream Catcher"}],"event_choices":[{"damage_healed":0,"gold_gain":0,"player_choice":"Obtained Book","damage_taken":16,"max_hp_gain":0,"max_hp_loss":0,"event_name":"Cursed Tome","floor":20,"gold_loss":0},{"damage_healed":0,"gold_gain":0,"player_choice":"Joined the Cult","damage_taken":6,"max_hp_gain":0,"max_hp_loss":0,"event_name":"Nest","floor":21,"gold_loss":0,"cards_obtained":["RitualDagger"]},{"cards_removed":["Strike_P"],"damage_healed":0,"gold_gain":0,"player_choice":"Gave Gold","damage_taken":0,"max_hp_gain":0,"max_hp_loss":0,"event_name":"Beggar","floor":22,"gold_loss":75},{"damage_healed":0,"gold_gain":0,"player_choice":"1 cards matched","damage_taken":0,"max_hp_gain":0,"max_hp_loss":0,"event_name":"Match and Keep!","floor":28,"gold_loss":0,"cards_obtained":["Perseverance"]}],"is_beta":false,"boss_relics":[{"not_picked":["Empty Cage","Fusion Hammer"],"picked":"Busted Crown"}],"items_purged_floors":[],"is_endless":false,"potions_floor_spawned":[4,10,14,16,18,29],"killed_by":"Automaton","ascension_level":0}}