{"host":"h8l1uc7c2i19r904","time":1608779915,"event":{"mods":["AchievementEnabler","BaseMod","Colored Map","Colored Powertips","Downfall","Minty Spire (QoL Compilation)","Quick Restart","Replay The Spire","StSLib","SuperFastMode"],"gold_per_floor":[117,117,131,150,163,191,191,203,278,278,295,295,295,308,308,438,438,457,457,475,13,26,26,26],"floor_reached":23,"playtime":1045,"items_purged":[],"score":195,"play_id":"5f7e1569-3c78-4fd9-8e77-a5cf812f87bc","local_time":"20201223191835","is_ascension_mode":false,"campfire_choices":[{"floor":7,"key":"RECALL"},{"data":"Eruption","floor":10,"key":"SMITH"},{"data":"Replay:AtTheReady","floor":15,"key":"SMITH"}],"circlet_count":0,"master_deck":["Strike_P","Strike_P","Strike_P+1","Strike_P","Defend_P","Defend_P","Defend_P+1","Defend_P","Eruption+1","Vigilance","Pray","Fasting2","FollowUp","FlurryOfBlows","WheelKick","MentalFortress","Replay:AtTheReady+1","Devotion","FollowUp","Guardian:CrystalBeam+1"],"relics":["PureWater","NeowsBlessing","Pet Ghost","Golden Idol","Lizard Tail","Replay:Bronze Core","Replay:Kaleidoscope","PrismaticShard"],"acts_visited":["Exordium","TheCity"],"potions_floor_usage":[6,6,16,16,16],"damage_taken":[{"damage":0,"enemies":"2 Louse","floor":1,"turns":1},{"damage":0,"enemies":"Small Slimes","floor":3,"turns":1},{"damage":0,"enemies":"Jaw Worm","floor":4,"turns":1},{"damage":0,"enemies":"2 Fungi Beasts","floor":5,"turns":2},{"damage":2,"enemies":"Lagavulin","floor":6,"turns":5},{"damage":0,"enemies":"Exordium Wildlife","floor":8,"turns":1},{"damage":0,"enemies":"Large Slime","floor":11,"turns":3},{"damage":0,"enemies":"2 Fungi Beasts","floor":14,"turns":2},{"damage":25,"enemies":"The Guardian","floor":16,"turns":7},{"damage":0,"enemies":"Chosen","floor":18,"turns":4},{"damage":10,"enemies":"3 Byrds","floor":20,"turns":5},{"damage":7,"enemies":"Centurion and Healer","floor":22,"turns":5},{"damage":106,"enemies":"Book of Stabbing","floor":23,"turns":7}],"seed_played":"-3504364430808927502","potions_obtained":[{"floor":3,"key":"hexamod:EctoCoolerPotion"},{"floor":4,"key":"Adrenaline Potion"},{"floor":6,"key":"EssenceOfSteel"},{"floor":8,"key":"Guardian:BlockOnCardUsePotion"},{"floor":14,"key":"FearPotion"}],"is_trial":false,"path_per_floor":["M","?","M","M","M","E","R","M","T","R","M","?","T","M","R","B",null,"M","?","M","$","M","E"],"character_chosen":"WATCHER","items_purchased":["Replay:Kaleidoscope","PrismaticShard"],"campfire_rested":0,"item_purchase_floors":[21,21],"current_hp_per_floor":[72,58,58,58,58,56,56,56,56,56,56,56,56,56,56,31,67,67,67,57,57,50,0,0],"gold":26,"neow_bonus":"THREE_ENEMY_KILL","is_daily":false,"chose_seed":false,"campfire_upgraded":2,"win_rate":0.0,"timestamp":1608779915,"path_taken":["M","?","M","M","M","E","R","M","T","R","M","?","?","M","R","BOSS","M","?","M","$","M","E"],"items_purchased_type":["Relic","Relic"],"build_version":"2020-12-22","purchased_purges":0,"victory":false,"max_hp_per_floor":[72,72,72,72,72,72,72,72,72,72,72,67,67,67,67,67,67,67,67,67,67,67,67,67],"card_choices":[{"not_picked":["Replay:ManipulateFuture","CutThroughFate"],"picked":"Pray","floor":1},{"not_picked":["Sanctity","FlyingSleeves"],"picked":"Fasting2","floor":3},{"not_picked":["CrushJoints","SignatureMove"],"picked":"FollowUp","floor":4},{"not_picked":["EmptyFist","Consecrate"],"picked":"FlurryOfBlows","floor":5},{"not_picked":["CutThroughFate","FlyingSleeves"],"picked":"WheelKick","floor":6},{"not_picked":["Replay:Hum","WaveOfTheHand","SignatureMove"],"picked":"SKIP","floor":8},{"not_picked":["Perseverance","Sanctity"],"picked":"MentalFortress","floor":11},{"not_picked":["FlurryOfBlows","PathToVictory"],"picked":"Replay:AtTheReady","floor":14},{"not_picked":["Establishment","LessonLearned"],"picked":"Devotion","floor":16},{"not_picked":["Study","ClearTheMind"],"picked":"FollowUp","floor":18},{"not_picked":["Replay:BluntJabs+1","SignatureMove","BowlingBash"],"picked":"SKIP","floor":20},{"not_picked":["Slimebound:LeadByExample","sneckomod:SoulRoll"],"picked":"Guardian:CrystalBeam+1","floor":22}],"player_experience":133604,"relics_obtained":[{"floor":6,"key":"Pet Ghost"},{"floor":13,"key":"Lizard Tail"}],"event_choices":[{"damage_healed":0,"gold_gain":0,"player_choice":"Entered Light","damage_taken":14,"max_hp_gain":0,"max_hp_loss":0,"event_name":"Shining Light","floor":2,"gold_loss":0,"cards_upgraded":["Strike_P","Defend_P"]},{"damage_healed":0,"gold_gain":0,"player_choice":"Lose Max HP","damage_taken":0,"relics_obtained":["Golden Idol"],"max_hp_gain":0,"max_hp_loss":5,"event_name":"Golden Idol","floor":12,"gold_loss":0}],"is_beta":false,"boss_relics":[{"not_picked":["Snecko Eye","SlaversCollar"],"picked":"Replay:Bronze Core"}],"items_purged_floors":[],"is_endless":false,"potions_floor_spawned":[3,4,6,8,14],"killed_by":"Book of Stabbing","ascension_level":0}}