{"host":"hm3ikmf8oxbtqms2","time":1608833492,"event":{"mods":["BaseMod","Best Route Mod","Bestiary","Better Vampires","Block Reminder","Colored Map","Colored Powertips","Curses Come First","DeckTracker","Displayed Cursed Tome","Highlight Path","Minty Spire (QoL Compilation)","Quick Restart","StSLib"],"gold_per_floor":[113,113,113,45,61,96,96,96,96,115,34,34,50,50,50,153,153,173,173,162,47,47,47],"floor_reached":22,"playtime":1761,"items_purged":["Strike_R"],"score":200,"play_id":"5387dd71-1124-42b0-8350-ea11db5b64fc","local_time":"20201224131132","is_ascension_mode":true,"campfire_choices":[{"data":"Combust","floor":7.0,"key":"SMITH"},{"data":"Evolve","floor":12.0,"key":"SMITH"},{"floor":15.0,"key":"REST"}],"circlet_count":0,"master_deck":["Strike_R","Strike_R","Defend_R","Defend_R","Defend_R","Defend_R","Bash+1","Evolve+1","Pommel Strike","Combust+1","Shockwave","Wild Strike","Iron Wave","Disarm","Flame Barrier","Demon Form","Shrug It Off+1","Rupture+1","Fire Breathing"],"relics":["Burning Blood","Ornamental Fan","Letter Opener","Dead Branch","Kunai","SlaversCollar"],"acts_visited":["Exordium","TheCity"],"potions_floor_usage":[20,20],"damage_taken":[{"damage":0.0,"enemies":"Small Slimes","floor":1.0,"turns":3.0},{"damage":11.0,"enemies":"Jaw Worm","floor":5.0,"turns":3.0},{"damage":34.0,"enemies":"3 Sentries","floor":6.0,"turns":6.0},{"damage":6.0,"enemies":"Cultist","floor":10.0,"turns":3.0},{"damage":9.0,"enemies":"Exordium Wildlife","floor":13.0,"turns":4.0},{"damage":51.0,"enemies":"Slime Boss","floor":16.0,"turns":11.0},{"damage":60.0,"enemies":"Spheric Guardian","floor":18.0,"turns":6.0},{"damage":10,"enemies":"2 Thieves","floor":20,"turns":4},{"damage":23,"enemies":"Snake Plant","floor":22,"turns":3}],"seed_played":"-5571073985492249422","potions_obtained":[{"floor":6.0,"key":"SkillPotion"},{"floor":13.0,"key":"LiquidMemories"},{"floor":18.0,"key":"DistilledChaos"}],"is_trial":false,"path_per_floor":["M","?","?","$","M","E","R","?","T","M","$","R","M","?","R","B",null,"M","?","M","$","M"],"character_chosen":"IRONCLAD","items_purchased":["Combust","Disarm","Fire Breathing"],"campfire_rested":1,"item_purchase_floors":[4,11,21],"current_hp_per_floor":[80,80,80,80,75,47,47,47,47,47,47,47,44,32,56,11,80,26,26,22,22,0,0],"gold":47,"neow_bonus":"THREE_CARDS","is_daily":false,"chose_seed":false,"campfire_upgraded":2,"win_rate":0.0,"timestamp":1608833492,"path_taken":["M","?","?","$","?","E","R","?","T","?","?","R","M","?","R","BOSS","M","?","M","$","M"],"items_purchased_type":["Card","Card","Card"],"build_version":"2020-12-22","purchased_purges":1,"victory":false,"max_hp_per_floor":[80,80,80,80,80,80,80,80,80,80,80,80,80,80,80,80,80,80,80,80,80,80,80],"card_choices":[{"not_picked":["Perfected Strike","True Grit"],"picked":"Evolve","floor":0.0},{"not_picked":["Warcry","Second Wind"],"picked":"Pommel Strike","floor":1.0},{"not_picked":["Warcry","Cleave"],"picked":"Shockwave","floor":5.0},{"not_picked":["Burning Pact","Bludgeon"],"picked":"Wild Strike","floor":6.0},{"not_picked":["Havoc","Body Slam"],"picked":"Iron Wave","floor":10.0},{"not_picked":["Pommel Strike","Burning Pact"],"picked":"Flame Barrier","floor":13.0},{"not_picked":["Juggernaut","Berserk"],"picked":"Demon Form","floor":16.0},{"not_picked":["Armaments+1","Evolve"],"picked":"Shrug It Off+1","floor":18.0},{"not_picked":["Evolve","Inflame+1"],"picked":"Rupture+1","floor":20}],"player_experience":224662,"relics_obtained":[{"floor":6.0,"key":"Ornamental Fan"},{"floor":9.0,"key":"Dead Branch"}],"event_choices":[{"damage_healed":0.0,"max_hp_gain":0.0,"max_hp_loss":0.0,"gold_gain":0.0,"event_name":"Living Wall","player_choice":"Grow","floor":2.0,"gold_loss":0.0,"damage_taken":0.0,"cards_upgraded":["Bash"]},{"cards_removed":["Strike_R"],"damage_healed":0.0,"max_hp_gain":0.0,"max_hp_loss":0.0,"gold_gain":0.0,"event_name":"Purifier","player_choice":"Purged","floor":3.0,"gold_loss":0.0,"damage_taken":0.0},{"damage_healed":0.0,"max_hp_gain":0.0,"max_hp_loss":0.0,"gold_gain":0.0,"event_name":"WeMeetAgain","player_choice":"Gave Potion","floor":8.0,"gold_loss":0.0,"damage_taken":0.0,"relics_obtained":["Letter Opener"]},{"damage_healed":0.0,"max_hp_gain":0.0,"max_hp_loss":0.0,"gold_gain":0.0,"event_name":"Scrap Ooze","player_choice":"Success","floor":14.0,"gold_loss":0.0,"damage_taken":12.0,"relics_obtained":["Kunai"]},{"cards_removed":["Strike_R"],"damage_healed":0.0,"max_hp_gain":0.0,"max_hp_loss":0.0,"gold_gain":0.0,"event_name":"Purifier","player_choice":"Purged","floor":19.0,"gold_loss":0.0,"damage_taken":0.0}],"is_beta":false,"boss_relics":[{"not_picked":["Runic Pyramid","Coffee Dripper"],"picked":"SlaversCollar"}],"items_purged_floors":[21],"is_endless":false,"potions_floor_spawned":[6,13,18],"killed_by":"Snake Plant","ascension_level":2}}