{"host":"uflv0e3ja7hvnij7","time":1608841187,"event":{"mods":["Aspiration","BaseMod","Better Altar","Better Match","Better Note","Better Sensory Stone","Better Skull","Better Third Choice","Infinite Spire","Minty Spire (QoL Compilation)","Permanent Neow","StSLib"],"gold_per_floor":[14,33,33,33,33,33,33,54,77,102,102,125,125,140,140,269,269,289,289,320,335,163,204,204,225,225,225,324,324,344,371,371,505,505,528,528,395,421,421,421,754,791,845,845,864,864,864,245,245,347,347,347],"floor_reached":51,"playtime":2521,"items_purged":["Defend_G","Defend_G"],"score":690,"play_id":"a11a6e73-43c1-48ee-86bb-89dfd6fbb9a7","local_time":"20201224151947","is_ascension_mode":true,"campfire_choices":[{"floor":6,"key":"REST"},{"floor":11,"key":"REST"},{"data":"Crippling Poison","floor":13,"key":"SMITH"},{"data":"Accuracy","floor":15,"key":"SMITH"},{"floor":27,"key":"REST"},{"floor":32,"key":"REST"},{"floor":40,"key":"REST"},{"data":"Storm of Steel","floor":44,"key":"SMITH"},{"floor":49,"key":"REST"}],"circlet_count":0,"master_deck":["Strike_G","Strike_G","Strike_G","Strike_G","Strike_G","Survivor","Neutralize+1","Dagger Throw+1","Accuracy+1","Crippling Poison+1","Cloak And Dagger","Cloak And Dagger","Storm of Steel+1","Terror","Cloak And Dagger","Slice+1","Footwork","Cloak And Dagger","Bullet Time","Crippling Poison","infinitespire:FinalStrike","infinitespire:Punishment","Cloak And Dagger","Finisher+1","Footwork","Burst","Expertise","Cloak And Dagger","Infinite Blades","Slice+1","Blade Dance+1","Backstab+1","Accuracy","Dramatic Entrance","Adrenaline"],"relics":["Ring of the Serpent","Bird Faced Urn","Akabeko","infinitespire:Midas Blood","Smiling Mask","Runic Dome","Prayer Wheel","Pen Nib","Philosopher\u0027s Stone","aspiration:AnachronicSnailShell","Strawberry","StoneCalendar","Bag of Marbles"],"acts_visited":["Exordium","TheCity","TheBeyond","Exordium"],"potions_floor_usage":[16,16,17,23,42],"damage_taken":[{"damage":2,"enemies":"2 Louse","floor":1,"turns":3},{"damage":1,"enemies":"Jaw Worm","floor":2,"turns":4},{"damage":0,"enemies":"Small Slimes","floor":8,"turns":2},{"damage":1,"enemies":"2 Fungi Beasts","floor":10,"turns":4},{"damage":3,"enemies":"Red Slaver","floor":12,"turns":3},{"damage":4,"enemies":"Blue Slaver","floor":14,"turns":3},{"damage":0,"enemies":"Slime Boss","floor":16,"turns":7},{"damage":10,"enemies":"2 Thieves","floor":18,"turns":4},{"damage":24,"enemies":"Spheric Guardian","floor":20,"turns":5},{"damage":6,"enemies":"Centurion and Healer","floor":21,"turns":5},{"damage":23,"enemies":"Nightmare","floor":23,"turns":7},{"damage":0,"enemies":"Cultist and Chosen","floor":25,"turns":4},{"damage":0,"enemies":"Shelled Parasite and Fungi","floor":30,"turns":1},{"damage":8,"enemies":"Centurion and Healer","floor":31,"turns":3},{"damage":55,"enemies":"Champ","floor":33,"turns":9},{"damage":9,"enemies":"3 Darklings","floor":35,"turns":5},{"damage":14,"enemies":"3 Shapes","floor":38,"turns":3},{"damage":14,"enemies":"Giant Head","floor":42,"turns":5},{"damage":3,"enemies":"Jaw Worm Horde","floor":45,"turns":3},{"damage":0,"enemies":"Donu and Deca","floor":50,"turns":1}],"seed_played":"-5316634283139195195","potions_obtained":[{"floor":1,"key":"infinitespire:BlackPotion"},{"floor":12,"key":"CunningPotion"},{"floor":16,"key":"Fruit Juice"},{"floor":20,"key":"LiquidBronze"},{"floor":25,"key":"PowerPotion"},{"floor":31,"key":"Weak Potion"},{"floor":38,"key":"SkillPotion"},{"floor":50,"key":"ColorlessPotion"}],"is_trial":false,"path_per_floor":["M","M","?","?","?","R","?","M","T","M","R","M","R","M","R","B",null,"M","?","M","M","$","NM","?","M","T","R","?","AVR","M","M","R","B",null,"M","?","$","M","?","R","?","E","T","R","M","AVR","?","$","R","B",null],"character_chosen":"THE_SILENT","items_purchased":["Footwork","Cloak And Dagger","Cloak And Dagger","Infinite Blades","StoneCalendar","Bag of Marbles","Accuracy","Dramatic Entrance"],"campfire_rested":6,"item_purchase_floors":[22,22,37,37,48,48,48,48],"current_hp_per_floor":[68,67,53,53,36,57,45,47,47,48,69,66,66,64,64,66,75,67,67,45,41,41,22,22,26,26,48,48,48,48,40,62,13,75,68,68,68,56,56,71,71,61,68,68,69,69,69,69,78,78,78,78],"gold":347,"neow_bonus":"ONE_RARE_RELIC","is_daily":false,"chose_seed":false,"campfire_upgraded":3,"win_rate":0.0,"timestamp":1608841187,"path_taken":["M","M","?","?","?","R","?","M","T","M","R","M","R","M","R","BOSS","M","?","M","?","$","NM","?","M","T","R","?","AVR","M","M","R","BOSS","M","?","$","M","?","R","?","E","T","R","M","AVR","?","$","R","BOSS"],"items_purchased_type":["Card","Card","Card","Card","Relic","Relic","Card","Card"],"build_version":"2020-12-22","purchased_purges":2,"victory":false,"max_hp_per_floor":[70,70,70,70,70,70,70,70,70,70,70,70,70,70,70,70,75,75,75,75,75,75,75,75,75,75,75,75,75,75,75,75,75,75,75,75,75,75,71,71,71,71,78,78,78,78,78,78,78,78,78,78],"card_choices":[{"not_picked":["Blur","Cloak And Dagger"],"picked":"Dagger Throw","floor":1},{"not_picked":["Deflect","Noxious Fumes"],"picked":"Accuracy","floor":2},{"not_picked":["Sucker Punch","Poisoned Stab","Dodge and Roll"],"picked":"SKIP","floor":8},{"not_picked":["Acrobatics","Blur"],"picked":"Crippling Poison","floor":10},{"not_picked":["Expertise","Envenom"],"picked":"Cloak And Dagger","floor":12},{"not_picked":["Dagger Spray","Quick Slash"],"picked":"Cloak And Dagger","floor":14},{"not_picked":["Burst","A Thousand Cuts"],"picked":"Storm of Steel","floor":16},{"not_picked":["Underhanded Strike+1","Bane+1"],"picked":"Terror","floor":18},{"not_picked":["Flying Knee","Noxious Fumes+1"],"picked":"Cloak And Dagger","floor":20},{"not_picked":["Catalyst","Poisoned Stab"],"picked":"Slice+1","floor":21},{"not_picked":["Riddle With Holes","Tactician"],"picked":"Bullet Time","floor":23},{"not_picked":["Predator","All Out Attack","Outmaneuver"],"picked":"SKIP","floor":25},{"not_picked":["Underhanded Strike","Terror+1","Distraction"],"picked":"SKIP","floor":25},{"not_picked":["Dagger Spray","Flechettes"],"picked":"Cloak And Dagger","floor":30},{"not_picked":["Deadly Poison","Backstab"],"picked":"Finisher+1","floor":30},{"not_picked":["Dagger Throw","Calculated Gamble"],"picked":"Footwork","floor":31},{"not_picked":["Flechettes","Deadly Poison","Dodge and Roll"],"picked":"SKIP","floor":31},{"not_picked":["aspiration:Lunge","Night Terror"],"picked":"Burst","floor":33},{"not_picked":["Caltrops+1","Bane"],"picked":"Expertise","floor":35},{"not_picked":["Deadly Poison","Outmaneuver","Deflect"],"picked":"SKIP","floor":35},{"not_picked":["Crippling Poison+1","Leg Sweep+1","Sucker Punch"],"picked":"SKIP","floor":38},{"not_picked":["Footwork","Calculated Gamble","Dagger Throw+1"],"picked":"SKIP","floor":38},{"not_picked":["Expertise","Prepared"],"picked":"Slice+1","floor":42},{"not_picked":["Dagger Spray","Quick Slash+1"],"picked":"Blade Dance+1","floor":45},{"not_picked":["Terror+1","Deadly Poison+1"],"picked":"Backstab+1","floor":45},{"not_picked":["A Thousand Cuts","After Image"],"picked":"Adrenaline","floor":50}],"player_experience":324131,"relics_obtained":[{"floor":4,"key":"Akabeko"},{"floor":9,"key":"Smiling Mask"},{"floor":23,"key":"Prayer Wheel"},{"floor":26,"key":"Pen Nib"},{"floor":42,"key":"aspiration:AnachronicSnailShell"},{"floor":43,"key":"Strawberry"}],"event_choices":[{"damage_healed":67,"gold_gain":0,"player_choice":"Upgrade","damage_taken":14,"max_hp_gain":0,"max_hp_loss":70,"event_name":"betterThird:BetterShining","floor":3,"gold_loss":0,"cards_upgraded":["Dagger Throw","Neutralize"]},{"damage_healed":0,"gold_gain":0,"player_choice":"Take Damage","damage_taken":17,"relics_obtained":["Golden Idol"],"max_hp_gain":0,"max_hp_loss":0,"event_name":"Golden Idol","floor":5,"gold_loss":0},{"damage_healed":0,"gold_gain":0,"player_choice":"Relic ","damage_taken":12,"max_hp_gain":0,"max_hp_loss":0,"event_name":"betterThird:BetterScrap","floor":7,"gold_loss":0,"cards_obtained":["Recycle"]},{"cards_removed":["Defend_G"],"damage_healed":0,"gold_gain":0,"player_choice":"Purged","damage_taken":0,"max_hp_gain":0,"max_hp_loss":0,"event_name":"Purifier","floor":19,"gold_loss":0},{"damage_healed":0,"gold_gain":0,"cards_transformed":["Defend_G","Defend_G"],"player_choice":"Became Test Subject","damage_taken":0,"max_hp_gain":0,"max_hp_loss":0,"event_name":"Drug Dealer","floor":24,"gold_loss":0,"cards_obtained":["Flechettes","Crippling Poison"]},{"damage_healed":0,"gold_gain":99,"player_choice":"Steal","damage_taken":0,"max_hp_gain":0,"max_hp_loss":0,"event_name":"betterThird:BetterNest","floor":28,"gold_loss":0},{"cards_removed":["Flechettes"],"damage_healed":0,"gold_gain":0,"player_choice":"Removed Attack","damage_taken":0,"max_hp_gain":0,"max_hp_loss":0,"event_name":"Falling","floor":36,"gold_loss":0},{"damage_healed":0,"gold_gain":0,"player_choice":"Max HP","damage_taken":0,"max_hp_gain":0,"max_hp_loss":4,"event_name":"Winding Halls","floor":39,"gold_loss":0},{"damage_healed":0,"gold_gain":333,"player_choice":"Gave Idol","damage_taken":0,"max_hp_gain":0,"max_hp_loss":0,"event_name":"The Moai Head","floor":41,"relics_lost":["Golden Idol"],"gold_loss":0}],"is_beta":false,"boss_relics":[{"not_picked":["Velvet Choker","aspiration:DefectSkillbook"],"picked":"Runic Dome"},{"not_picked":["Empty Cage","Runic Pyramid"],"picked":"Philosopher\u0027s Stone"},{"not_picked":["aspiration:RunicSpoon","Calling Bell"],"picked":"Ring of the Serpent"}],"items_purged_floors":[22,37],"is_endless":true,"potions_floor_spawned":[1,12,16,20,25,31,38,50],"ascension_level":3}}