{"host":"08nxni9rwzvm98vp","time":1608793594,"event":{"mods":["AchievementEnabler","BaseMod","Card Forge","Colored Powertips","Googly Eyes","Highlight Path","Marisa£¨Ùöéë¡¡Øª×âÞÞ£©","Minty Spire (QoL Compilation)","Quick Restart","Rare Cards Sparkle","StSLib","SuperFastMode"],"gold_per_floor":[127,153,153,169,169,211,229,229,275,54,94,111,111,132,132,251,251,278,278,290,290,290,330,330,90,114,128,128,169,32,57,57,77,77],"floor_reached":33,"playtime":2798,"items_purged":["Strike_MRS","Strike_MRS+1"],"score":355,"play_id":"6ab691d7-1d3c-4a48-afd8-f60b66569be2","local_time":"20201224160634","is_ascension_mode":true,"campfire_choices":[{"data":"OortCloud","floor":8.0,"key":"SMITH"},{"floor":15.0,"key":"REST"},{"data":"UltimateShortwave","floor":24.0,"key":"SMITH"},{"data":"PropBag","floor":28.0,"key":"SMITH"},{"data":"BinaryStars","floor":32,"key":"SMITH"}],"circlet_count":0,"master_deck":["Defend_MRS+1","Defend_MRS+1","Defend_MRS+1","Defend_MRS+1","MasterSpark","UpSweep","Robbery","OortCloud+1","WitchLeyline","AlicesGift","BinaryStars+1","MagicChant","UltimateShortwave+1","ShootingEcho+1","RitualDagger","DoubleSpark","PropBag+1","SporeBomb+1","FairyDestructionRay","GasGiant","Acceleration+1"],"relics":["MiniHakkero","Hammer of Thor","Seething Fire","Anvil of the Gods","Ornamental Fan","PreservedInsect","Strawberry","Oddly Smooth Stone","Bird Faced Urn","Busted Crown","InkBottle","Membership Card","Art of War","Bottled Lightning","Orichalcum","Happy Flower","Sundial"],"acts_visited":["Exordium","TheCity"],"potions_floor_usage":[],"damage_taken":[{"damage":0.0,"enemies":"Cultist","floor":1.0,"turns":4.0},{"damage":0.0,"enemies":"Small Slimes","floor":2.0,"turns":3.0},{"damage":2.0,"enemies":"2 Louse","floor":4.0,"turns":3.0},{"damage":18.0,"enemies":"Lagavulin","floor":6.0,"turns":8.0},{"damage":0.0,"enemies":"Exordium Thugs","floor":7.0,"turns":4.0},{"damage":6.0,"enemies":"3 Sentries","floor":11.0,"turns":5.0},{"damage":0.0,"enemies":"2 Fungi Beasts","floor":12.0,"turns":4.0},{"damage":4.0,"enemies":"Lots of Slimes","floor":14.0,"turns":5.0},{"damage":17.0,"enemies":"Slime Boss","floor":16.0,"turns":10.0},{"damage":8.0,"enemies":"Chosen","floor":18.0,"turns":6.0},{"damage":0.0,"enemies":"Spheric Guardian","floor":20.0,"turns":3.0},{"damage":5.0,"enemies":"Gremlin Leader","floor":23.0,"turns":5.0},{"damage":0.0,"enemies":"Centurion and Healer","floor":27.0,"turns":5.0},{"damage":13.0,"enemies":"Book of Stabbing","floor":29.0,"turns":5.0},{"damage":17,"enemies":"Slavers","floor":31,"turns":5},{"damage":76,"enemies":"Collector","floor":33,"turns":13}],"seed_played":"3589909400573432947","potions_obtained":[{"floor":2.0,"key":"BottledSpark"},{"floor":6.0,"key":"LiquidBronze"},{"floor":7.0,"key":"Weak Potion"},{"floor":11.0,"key":"StarNLove"},{"floor":19.0,"key":"FairyPotion"},{"floor":19.0,"key":"PowerPotion"},{"floor":27.0,"key":"SmokeBomb"}],"is_trial":false,"path_per_floor":["M","M","?","M","?","E","M","R","T","$","E","M","?","M","R","B",null,"M","?","M","?","?","E","R","$","T","M","R","E","$","E","R","B"],"character_chosen":"MARISA","items_purchased":["Oddly Smooth Stone","Membership Card","PropBag","Orichalcum","FairyDestructionRay","GasGiant"],"campfire_rested":1,"item_purchase_floors":[10,25,25,30,30,30],"current_hp_per_floor":[54,54,54,52,40,22,22,22,29,29,23,25,25,23,47,32,82,74,74,76,76,70,69,69,69,69,71,71,60,60,45,45,0,0],"gold":77,"neow_bonus":"TRANSFORM_TWO_CARDS","is_daily":false,"chose_seed":false,"campfire_upgraded":4,"win_rate":0.0,"timestamp":1608793594,"path_taken":["M","?","?","M","?","E","M","R","T","$","E","?","?","M","R","BOSS","M","?","?","?","?","E","R","$","T","M","R","E","$","E","R","BOSS"],"items_purchased_type":["Relic","Relic","Card","Relic","Card","Card"],"build_version":"2020-12-22","purchased_purges":2,"victory":false,"max_hp_per_floor":[75,75,75,75,75,75,75,75,82,82,82,82,82,82,82,82,82,82,82,82,82,82,82,82,82,82,82,82,82,82,82,82,82,82],"card_choices":[{"not_picked":["OpenUniverse","GravityBeat"],"picked":"WitchLeyline","floor":1.0},{"not_picked":["IllusionStar","Occultation","EventHorizon"],"picked":"SKIP","floor":2.0},{"not_picked":["AsteroidBelt","GravityBeat"],"picked":"AlicesGift","floor":4.0},{"not_picked":["StarBarrage","StarDustReverie"],"picked":"BinaryStars","floor":6.0},{"not_picked":["WitchOfGreed","ChargeUpSpray"],"picked":"MagicChant","floor":7.0},{"not_picked":["GravityBeat","Acceleration","DarkMatter"],"picked":"SKIP","floor":11.0},{"not_picked":["GasGiant","SporeBomb","RefractionSpark"],"picked":"SKIP","floor":12.0},{"not_picked":["StarlightTyphoon","GasGiant","6A"],"picked":"SKIP","floor":14.0},{"not_picked":["CollectingQuirk","BigCrunch"],"picked":"UltimateShortwave","floor":16.0},{"not_picked":["Singularity"],"picked":"SKIP","floor":18.0},{"not_picked":[],"picked":"ShootingEcho+1","floor":20.0},{"not_picked":[],"picked":"DoubleSpark","floor":23.0},{"not_picked":[],"picked":"SporeBomb+1","floor":27.0},{"not_picked":["GrandCross"],"picked":"SKIP","floor":29.0},{"not_picked":[],"picked":"Acceleration+1","floor":31}],"player_experience":638081,"relics_obtained":[{"floor":6.0,"key":"PreservedInsect"},{"floor":9.0,"key":"Strawberry"},{"floor":11.0,"key":"Bird Faced Urn"},{"floor":23.0,"key":"InkBottle"},{"floor":26.0,"key":"Art of War"},{"floor":29.0,"key":"Bottled Lightning"},{"floor":31,"key":"Happy Flower"}],"event_choices":[{"damage_healed":0.0,"max_hp_gain":0.0,"max_hp_loss":0.0,"gold_gain":0.0,"event_name":"Liars Game","player_choice":"Ignored","floor":3.0,"gold_loss":0.0,"damage_taken":0.0},{"damage_healed":0.0,"max_hp_gain":0.0,"max_hp_loss":0.0,"gold_gain":0.0,"event_name":"Scrap Ooze","player_choice":"Success","floor":5.0,"gold_loss":0.0,"damage_taken":12.0,"relics_obtained":["Ornamental Fan"]},{"damage_healed":0.0,"max_hp_gain":0.0,"max_hp_loss":0.0,"gold_gain":0.0,"event_name":"Golden Idol","player_choice":"Ignored","floor":13.0,"gold_loss":0.0,"damage_taken":0.0},{"damage_healed":0.0,"max_hp_gain":0.0,"max_hp_loss":0.0,"gold_gain":0.0,"event_name":"Lab","player_choice":"Got Potions","floor":19.0,"gold_loss":0.0,"damage_taken":0.0},{"damage_healed":0.0,"max_hp_gain":0.0,"max_hp_loss":0.0,"gold_gain":0.0,"event_name":"Back to Basics","player_choice":"Simplicity","floor":21.0,"gold_loss":0.0,"damage_taken":0.0,"cards_upgraded":["Strike_MRS","Defend_MRS","Defend_MRS","Defend_MRS","Defend_MRS"]},{"damage_healed":0.0,"max_hp_gain":0.0,"max_hp_loss":0.0,"gold_gain":0.0,"event_name":"Nest","player_choice":"Joined the Cult","floor":22.0,"gold_loss":0.0,"damage_taken":6.0,"cards_obtained":["RitualDagger"]}],"is_beta":false,"boss_relics":[{"not_picked":["Pandora\u0027s Box","Calling Bell"],"picked":"Busted Crown"}],"items_purged_floors":[10,25],"is_endless":false,"potions_floor_spawned":[2,6,7,11,14,27,29],"killed_by":"Collector","ascension_level":1}}