{"host":"gn4zoccfnie4id9c","time":1608843649,"event":{"mods":["AchievementEnabler","BaseMod","Colored Map","Minty Spire (QoL Compilation)"],"gold_per_floor":[110,126,146,146,146,159,159,159,239,239,239,239,254,48,48,176,176,195,195,214,90,109,152,152,31,104,123,123,123,146,164,164,293,293,314,314,33,366,139,185,185,76,99,109,143,155,155,155],"floor_reached":47,"playtime":3636,"items_purged":["Pain","Writhe"],"score":511,"play_id":"ed437853-e6a6-47fc-9953-0ae8bf290519","local_time":"20201224160049","is_ascension_mode":false,"campfire_choices":[{"floor":11,"key":"REST"},{"floor":15,"key":"REST"},{"floor":24,"key":"REST"},{"data":"Worship","floor":29,"key":"SMITH"},{"floor":32,"key":"REST"},{"floor":41,"key":"REST"}],"circlet_count":0,"master_deck":["Strike_P","Strike_P","Strike_P+1","Defend_P","Defend_P","Defend_P+1","Eruption+1","Vigilance","EmptyBody","ClearTheMind","BattleHymn","FlyingSleeves","Worship+1","Prostrate","DevaForm","EmptyFist+1","SashWhip+1","FlurryOfBlows","Prostrate","FollowUp+1","Protect","MasterReality","Establishment","PathToVictory+1","FlurryOfBlows","ConjureBlade","Crescendo","DeceiveReality+1","InnerPeace","Prostrate+1","Perseverance+1","FearNoEvil+1","Ragnarok","Indignation"],"relics":["HolyWater","Bottled Tornado","Bottled Lightning","Anchor","Toolbox","Astrolabe","Incense Burner","Potion Belt","White Beast Statue","Omamori","Bronze Scales","Membership Card","Damaru","Bird Faced Urn","Regal Pillow","Prayer Wheel","HandDrill","Strawberry","Letter Opener"],"acts_visited":["Exordium","TheCity","TheBeyond"],"potions_floor_usage":[2,16,16,16,20,23,31,33,35,45,45,45,46],"damage_taken":[{"damage":10,"enemies":"Small Slimes","floor":1,"turns":3},{"damage":22,"enemies":"Jaw Worm","floor":2,"turns":2},{"damage":3,"enemies":"Cultist","floor":3,"turns":6},{"damage":2,"enemies":"Looter","floor":6,"turns":3},{"damage":2,"enemies":"3 Louse","floor":13,"turns":2},{"damage":54,"enemies":"The Guardian","floor":16,"turns":10},{"damage":4,"enemies":"Chosen","floor":18,"turns":3},{"damage":12,"enemies":"3 Byrds","floor":20,"turns":5},{"damage":2,"enemies":"Snecko","floor":22,"turns":7},{"damage":36,"enemies":"Slavers","floor":23,"turns":6},{"damage":0,"enemies":"Chosen and Byrds","floor":27,"turns":3},{"damage":8,"enemies":"Snake Plant","floor":31,"turns":3},{"damage":1,"enemies":"Champ","floor":33,"turns":7},{"damage":13,"enemies":"Orb Walker","floor":35,"turns":4},{"damage":17,"enemies":"2 Orb Walkers","floor":40,"turns":3},{"damage":16,"enemies":"3 Darklings","floor":44,"turns":3},{"damage":64,"enemies":"Reptomancer","floor":45,"turns":4},{"damage":4,"enemies":"Writhing Mass","floor":46,"turns":3},{"damage":13,"enemies":"Maw","floor":47,"turns":2}],"seed_played":"-4705168358481650587","potions_obtained":[{"floor":1,"key":"EntropicBrew"},{"floor":3,"key":"Strength Potion"},{"floor":16,"key":"DistilledChaos"},{"floor":20,"key":"ColorlessPotion"},{"floor":22,"key":"Ambrosia"},{"floor":27,"key":"Dexterity Potion"},{"floor":31,"key":"BlessingOfTheForge"},{"floor":33,"key":"Fire Potion"},{"floor":35,"key":"StancePotion"},{"floor":40,"key":"DuplicationPotion"},{"floor":44,"key":"PowerPotion"},{"floor":45,"key":"SkillPotion"},{"floor":46,"key":"Ancient Potion"}],"is_trial":false,"path_per_floor":["M","M","M","?","T","M","?","?","T","?","R","?","M","$","R","B",null,"M","?","M","$","M","E","R","?","T","M","?","R","T","M","R","B",null,"M","?","$","?","$","?","R","$","T","M","E","M","M"],"character_chosen":"WATCHER","items_purchased":["Toolbox","Prostrate","Protect","Membership Card","Damaru","Bird Faced Urn","Regal Pillow","HandDrill","InnerPeace"],"campfire_rested":5,"item_purchase_floors":[14,14,21,37,37,39,39,42,42],"current_hp_per_floor":[69,47,44,44,44,42,42,42,42,35,58,42,40,40,63,9,79,75,75,63,63,61,25,48,48,48,48,48,48,48,40,63,62,79,66,66,66,66,66,55,79,79,86,70,10,10,0,0],"gold":155,"neow_bonus":"TEN_PERCENT_HP_BONUS","is_daily":false,"chose_seed":false,"campfire_upgraded":1,"win_rate":0.0,"timestamp":1608843649,"path_taken":["M","M","M","?","?","?","?","?","T","?","R","?","M","?","R","BOSS","M","?","?","$","M","E","R","?","T","?","?","R","?","M","R","BOSS","M","?","$","?","?","?","R","$","T","?","E","M","M"],"items_purchased_type":["Relic","Card","Card","Relic","Relic","Relic","Relic","Relic","Card"],"build_version":"2020-12-22","purchased_purges":2,"victory":false,"max_hp_per_floor":[79,79,79,79,79,79,79,79,79,79,79,79,79,79,79,79,79,79,79,79,79,79,79,79,79,79,79,79,79,79,79,79,79,79,79,79,79,79,79,79,79,79,86,86,86,86,86,86],"card_choices":[{"not_picked":["Weave","ThirdEye"],"picked":"EmptyBody","floor":1},{"not_picked":["Pray","Brilliance"],"picked":"ClearTheMind","floor":2},{"not_picked":["Perseverance","JustLucky"],"picked":"BattleHymn","floor":3},{"not_picked":["Fasting2","JustLucky"],"picked":"FlyingSleeves","floor":6},{"not_picked":["CutThroughFate","ThirdEye"],"picked":"Worship","floor":13},{"not_picked":["LessonLearned","Ragnarok"],"picked":"DevaForm","floor":16},{"not_picked":["SashWhip","TalkToTheHand"],"picked":"FlurryOfBlows","floor":18},{"not_picked":["WreathOfFlame","Conclude"],"picked":"FollowUp+1","floor":20},{"not_picked":["Consecrate","JustLucky+1"],"picked":"MasterReality","floor":22},{"not_picked":["ClearTheMind","CarveReality"],"picked":"Establishment","floor":23},{"not_picked":["Protect+1","ClearTheMind"],"picked":"PathToVictory+1","floor":27},{"not_picked":["EmptyFist+1","FlyingSleeves"],"picked":"FlurryOfBlows","floor":31},{"not_picked":["LessonLearned","DevaForm"],"picked":"ConjureBlade","floor":33},{"not_picked":["EmptyBody","Prostrate"],"picked":"Crescendo","floor":35},{"not_picked":["Evaluate+1","PathToVictory"],"picked":"DeceiveReality+1","floor":40},{"not_picked":["FollowUp","CarveReality+1"],"picked":"Prostrate+1","floor":44},{"not_picked":["FlyingSleeves+1","InnerPeace"],"picked":"Perseverance+1","floor":44},{"not_picked":["Vengeance+1","Worship"],"picked":"FearNoEvil+1","floor":45},{"not_picked":["JustLucky+1","BattleHymn"],"picked":"Ragnarok","floor":46},{"not_picked":["Swivel+1","EmptyFist+1"],"picked":"Indignation","floor":46}],"player_experience":106675,"relics_obtained":[{"floor":5,"key":"Bottled Tornado"},{"floor":9,"key":"Bottled Lightning"},{"floor":23,"key":"Incense Burner"},{"floor":26,"key":"White Beast Statue"},{"floor":30,"key":"Bronze Scales"},{"floor":40,"key":"Prayer Wheel"},{"floor":43,"key":"Strawberry"},{"floor":45,"key":"Letter Opener"}],"event_choices":[{"damage_healed":0,"gold_gain":0,"player_choice":"Take Wound","damage_taken":0,"relics_obtained":["Golden Idol"],"max_hp_gain":0,"max_hp_loss":0,"event_name":"Golden Idol","floor":4,"gold_loss":0,"cards_obtained":["Injury"]},{"damage_healed":0,"gold_gain":0,"player_choice":"Ignored","damage_taken":0,"max_hp_gain":0,"max_hp_loss":0,"event_name":"Liars Game","floor":7,"gold_loss":0},{"damage_healed":0,"gold_gain":0,"player_choice":"Grow","damage_taken":0,"max_hp_gain":0,"max_hp_loss":0,"event_name":"Living Wall","floor":8,"gold_loss":0,"cards_upgraded":["Eruption"]},{"damage_healed":0,"gold_gain":0,"player_choice":"Success","damage_taken":7,"relics_obtained":["Anchor"],"max_hp_gain":0,"max_hp_loss":0,"event_name":"Scrap Ooze","floor":10,"gold_loss":0},{"damage_healed":0,"gold_gain":0,"player_choice":"Entered Light","damage_taken":16,"max_hp_gain":0,"max_hp_loss":0,"event_name":"Shining Light","floor":12,"gold_loss":0,"cards_upgraded":["Strike_P","Defend_P"]},{"damage_healed":0,"gold_gain":0,"player_choice":"Copied","damage_taken":0,"max_hp_gain":0,"max_hp_loss":0,"event_name":"Duplicator","floor":19,"gold_loss":0,"cards_obtained":["Prostrate"]},{"damage_healed":0,"gold_gain":0,"player_choice":"Paid Gold","damage_taken":0,"relics_obtained":["Potion Belt"],"max_hp_gain":0,"max_hp_loss":0,"event_name":"WeMeetAgain","floor":25,"gold_loss":121},{"damage_healed":0,"gold_gain":0,"player_choice":"Opened","damage_taken":0,"relics_obtained":["Omamori"],"max_hp_gain":0,"max_hp_loss":0,"event_name":"The Mausoleum","floor":28,"gold_loss":0,"cards_obtained":["Writhe"]},{"damage_healed":0,"gold_gain":0,"player_choice":"Ignored","damage_taken":0,"max_hp_gain":0,"max_hp_loss":0,"event_name":"Tomb of Lord Red Mask","floor":36,"gold_loss":0},{"damage_healed":0,"gold_gain":333,"player_choice":"Gave Idol","damage_taken":0,"max_hp_gain":0,"max_hp_loss":0,"event_name":"The Moai Head","floor":38,"relics_lost":["Golden Idol"],"gold_loss":0},{"damage_healed":0,"gold_gain":0,"player_choice":"Fight","damage_taken":0,"max_hp_gain":0,"max_hp_loss":0,"event_name":"Mysterious Sphere","floor":40,"gold_loss":0}],"is_beta":false,"boss_relics":[{"not_picked":["Sozu","Philosopher\u0027s Stone"],"picked":"Astrolabe"},{"not_picked":["Fusion Hammer","Empty Cage"],"picked":"HolyWater"}],"items_purged_floors":[21,37],"is_endless":false,"potions_floor_spawned":[1,3,16,20,22,27,31,33,35,40,44,45,46],"killed_by":"Maw","ascension_level":0}}