{"host":"5dk97cf2ubw2v967","time":1608826472,"event":{"mods":["AlwaysNeverKeys","BaseMod","Better Altar","Better Vampires","Block Reminder","Colored Powertips","Downfall","Googly Eyes","Highlight Path","Minty Spire (QoL Compilation)","Permanent Neow","Potion Indicator Mod","Quick Restart","Relic Filter","Relic Stats","Say the Spire","Spicy Shops","StSLib","Waifu the Spire","everything is the same but u backflip on backflip"],"gold_per_floor":[116,116,116,136,151,151,151,151],"floor_reached":7,"playtime":225,"items_purged":[],"score":82,"play_id":"d96aad8e-f75b-43a0-ab36-513c814f314e","local_time":"20201224161432","is_ascension_mode":true,"campfire_choices":[{"data":"Strike_G","floor":6,"key":"SMITH"}],"circlet_count":0,"master_deck":["AscendersBane","Strike_G","Strike_G","Strike_G","Strike_G","Strike_G+1","Defend_G","Defend_G","Defend_G","Defend_G","Defend_G","Survivor","Neutralize","Outmaneuver","Regret","Tactician","Outmaneuver"],"relics":["SacredBark","Anchor","Akabeko"],"acts_visited":["Exordium"],"potions_floor_usage":[],"damage_taken":[{"damage":0,"enemies":"2 Louse","floor":1,"turns":4},{"damage":3,"enemies":"Small Slimes","floor":4,"turns":4},{"damage":7,"enemies":"Cultist","floor":5,"turns":5},{"damage":7,"enemies":"Lagavulin","floor":7,"turns":5}],"seed_played":"2535552943049350412","potions_obtained":[],"is_trial":false,"path_per_floor":["M","?","?","M","M","R","E"],"character_chosen":"THE_SILENT","items_purchased":[],"campfire_rested":0,"item_purchase_floors":[],"current_hp_per_floor":[59,48,48,45,38,38,31,31],"gold":151,"neow_bonus":"BOSS_RELIC","is_daily":false,"chose_seed":false,"campfire_upgraded":1,"win_rate":0.0,"timestamp":1608826472,"path_taken":["M","?","?","M","M","R","E"],"items_purchased_type":[],"build_version":"2020-12-22","purchased_purges":0,"victory":false,"max_hp_per_floor":[66,66,66,66,66,66,66,66],"relic_stats":{"counters":[4,18],"obtain_stats":[{"Anchor":2,"SacredBark":0,"Akabeko":3,"Ring of the Snake":0},{"Anchor":1,"SacredBark":0,"Akabeko":1,"Ring of the Snake":0},{"Anchor":4,"SacredBark":0,"Akabeko":4,"Ring of the Snake":0}]},"card_choices":[{"not_picked":["Dodge and Roll","Setup"],"picked":"Outmaneuver","floor":1},{"not_picked":["Dodge and Roll","Deflect"],"picked":"Tactician","floor":4},{"not_picked":["Caltrops","Poisoned Stab"],"picked":"Outmaneuver","floor":5}],"player_experience":1251428,"relics_obtained":[],"event_choices":[{"damage_healed":0,"gold_gain":0,"player_choice":"Success","damage_taken":11,"relics_obtained":["Anchor"],"max_hp_gain":0,"max_hp_loss":0,"event_name":"Scrap Ooze","floor":2,"gold_loss":0},{"damage_healed":0,"gold_gain":0,"player_choice":"Box","damage_taken":0,"relics_obtained":["Akabeko"],"max_hp_gain":0,"max_hp_loss":0,"event_name":"Big Fish","floor":3,"gold_loss":0,"cards_obtained":["Regret"]}],"is_beta":false,"boss_relics":[],"items_purged_floors":[],"is_endless":false,"potions_floor_spawned":[],"killed_by":"Lagavulin","ascension_level":20}}