{"host":"ilxricga2547gmyy","time":1608817496,"event":{"mods":["AchievementEnabler","BaseMod","Minty Spire (QoL Compilation)","Quick Restart","StSLib"],"gold_per_floor":[119,130,130,146,167,198,198,229,229,229,263,286,310,325,325,456,456,474,326,326,326,351,351,351],"floor_reached":23,"playtime":893,"items_purged":[],"score":367,"play_id":"c86461e6-2df5-45ab-ab24-7fc22b717d11","local_time":"20201224144456","is_ascension_mode":true,"campfire_choices":[{"floor":7,"key":"REST"},{"floor":15,"key":"REST"}],"circlet_count":0,"master_deck":["Defend_R","Defend_R","Defend_R","Bash+1","Flame Barrier+1","Hemokinesis","Pommel Strike","Clash","Wild Strike","Shrug It Off","Second Wind","Headbutt","Sever Soul","Offering","Offering+1","Double Tap+1","Entrench+1","Combust","Hemokinesis","Bite","Bite","Bite","Bite","Bite","Power Through+1"],"relics":["Burning Blood","Golden Idol","Ornamental Fan","Bag of Preparation","Pen Nib","Letter Opener","Omamori","Astrolabe","Toxic Egg 2"],"acts_visited":["Exordium","TheCity"],"potions_floor_usage":[16,23,23],"damage_taken":[{"damage":9,"enemies":"2 Louse","floor":1,"turns":4},{"damage":0,"enemies":"Small Slimes","floor":2,"turns":3},{"damage":8,"enemies":"Jaw Worm","floor":4,"turns":3},{"damage":12,"enemies":"Exordium Wildlife","floor":5,"turns":4},{"damage":22,"enemies":"3 Sentries","floor":6,"turns":11},{"damage":2,"enemies":"Gremlin Nob","floor":8,"turns":2},{"damage":25,"enemies":"3 Sentries","floor":11,"turns":8},{"damage":6,"enemies":"Blue Slaver","floor":12,"turns":3},{"damage":2,"enemies":"Large Slime","floor":14,"turns":5},{"damage":34,"enemies":"Hexaghost","floor":16,"turns":7},{"damage":16,"enemies":"3 Byrds","floor":18,"turns":3},{"damage":16,"enemies":"Shell Parasite","floor":22,"turns":3},{"damage":129,"enemies":"Gremlin Leader","floor":23,"turns":9}],"seed_played":"2107797806649694158","potions_obtained":[{"floor":6,"key":"LiquidBronze"},{"floor":8,"key":"FairyPotion"},{"floor":11,"key":"GamblersBrew"},{"floor":22,"key":"LiquidMemories"}],"is_trial":false,"path_per_floor":["M","M","?","M","M","E","R","E","T","?","E","M","T","M","R","B",null,"M","$","?","?","M","E"],"character_chosen":"IRONCLAD","items_purchased":["Combust","Hemokinesis"],"campfire_rested":2,"item_purchase_floors":[19,19],"current_hp_per_floor":[77,83,61,59,53,37,63,67,67,49,30,30,30,34,60,32,74,64,64,61,61,61,0,0],"gold":351,"neow_bonus":"TEN_PERCENT_HP_BONUS","is_daily":false,"chose_seed":false,"campfire_upgraded":0,"win_rate":0.0,"timestamp":1608817496,"path_taken":["M","M","?","M","M","E","R","E","T","?","E","?","?","M","R","BOSS","M","$","?","?","M","E"],"items_purchased_type":["Card","Card"],"build_version":"2020-12-22","purchased_purges":0,"victory":false,"max_hp_per_floor":[88,88,88,88,88,88,88,88,88,88,88,88,88,88,88,88,88,88,88,61,61,61,61,61],"card_choices":[{"not_picked":["True Grit","Thunderclap"],"picked":"Flame Barrier","floor":1},{"not_picked":["Metallicize","Wild Strike"],"picked":"Hemokinesis","floor":2},{"not_picked":["Heavy Blade","Headbutt"],"picked":"Pommel Strike","floor":4},{"not_picked":["Fire Breathing","Body Slam"],"picked":"Clash","floor":5},{"not_picked":["Berserk","Entrench"],"picked":"Wild Strike","floor":6},{"not_picked":["True Grit","Cleave"],"picked":"Shrug It Off","floor":8},{"not_picked":["Body Slam","Clothesline"],"picked":"Second Wind","floor":11},{"not_picked":["Armaments","Perfected Strike"],"picked":"Headbutt","floor":12},{"not_picked":["Thunderclap","Heavy Blade"],"picked":"Sever Soul","floor":14},{"not_picked":["Brutality","Barricade"],"picked":"Offering","floor":16},{"not_picked":["Wild Strike","Anger","Flex+1"],"picked":"SKIP","floor":18},{"not_picked":["Anger+1","Sword Boomerang"],"picked":"Power Through+1","floor":22}],"player_experience":247026,"relics_obtained":[{"floor":6,"key":"Ornamental Fan"},{"floor":8,"key":"Bag of Preparation"},{"floor":9,"key":"Pen Nib"},{"floor":11,"key":"Letter Opener"},{"floor":13,"key":"Omamori"}],"event_choices":[{"damage_healed":0,"gold_gain":0,"player_choice":"Take Damage","damage_taken":22,"relics_obtained":["Golden Idol"],"max_hp_gain":0,"max_hp_loss":0,"event_name":"Golden Idol","floor":3,"gold_loss":0},{"damage_healed":0,"gold_gain":0,"player_choice":"Entered Light","damage_taken":18,"max_hp_gain":0,"max_hp_loss":0,"event_name":"Shining Light","floor":10,"gold_loss":0,"cards_upgraded":["Bash","Flame Barrier"]},{"damage_healed":0,"gold_gain":0,"player_choice":"Became a vampire","damage_taken":0,"max_hp_gain":0,"max_hp_loss":27,"event_name":"Vampires","floor":20,"gold_loss":0,"cards_obtained":["Bite","Bite","Bite","Bite","Bite"]},{"damage_healed":0,"gold_gain":0,"player_choice":"Opened","damage_taken":0,"relics_obtained":["Toxic Egg 2"],"max_hp_gain":0,"max_hp_loss":0,"event_name":"The Mausoleum","floor":21,"gold_loss":0}],"is_beta":false,"boss_relics":[{"not_picked":["Coffee Dripper","Black Star"],"picked":"Astrolabe"}],"items_purged_floors":[],"is_endless":false,"potions_floor_spawned":[6,8,11,22],"killed_by":"Gremlin Leader","ascension_level":9}}