{"host":"e7sl0pd4xxdbbdh2","time":1608776189,"event":{"mods":["BaseMod","Better Third Choice","Colored Map","Colored Powertips","Hubris","Minty Spire (QoL Compilation)","Replay The Spire","StSLib","SuperFastMode"],"gold_per_floor":[114,189,154,164,180,180,207,207,207,207,227,256,275,286,286,357,357,376,376,389,401,401,401,414,442,442,474,474,494,494,494,494,494,494],"floor_reached":33,"playtime":2020,"items_purged":[],"score":598,"play_id":"9e44a475-a6bc-4ab3-a86a-daadfbb82d35","local_time":"20201223231629","is_ascension_mode":true,"campfire_choices":[{"data":"Wraith Form v2","floor":6.0,"key":"SMITH"},{"data":"Deadly Poison","floor":8.0,"key":"SMITH"},{"data":"Blade Dance","floor":10.0,"key":"SMITH"},{"floor":15.0,"key":"REST"},{"floor":23,"key":"REST"},{"floor":28,"key":"REST"},{"data":"Wraith Form v2","floor":30,"key":"SMITH"},{"data":"Catalyst","floor":32,"key":"SMITH"}],"circlet_count":0,"master_deck":["AscendersBane","Strike_G","Strike_G","Strike_G","Strike_G","Defend_G","Defend_G","Defend_G","Defend_G","Defend_G","Survivor","Neutralize","Wraith Form v2+1","Blade Dance+1","Dagger Throw","Deadly Poison+1","Poisoned Stab","Dodge and Roll","A Thousand Cuts","Toxin Wave","Bullet Time","Catalyst+1","A Thousand Cuts","Bane","Crippling Poison","Wraith Form v2+1","PiercingWail"],"relics":["Ring of the Serpent","Pear","Replay:Rubber Ducky","Ancient Tea Set","Shuriken","Ninja Scroll"],"acts_visited":["Exordium","TheCity"],"potions_floor_usage":[19,21,24,27],"damage_taken":[{"damage":1.0,"enemies":"Small Slimes","floor":1.0,"turns":4.0},{"damage":1.0,"enemies":"Cultist","floor":4.0,"turns":4.0},{"damage":3.0,"enemies":"Jaw Worm","floor":5.0,"turns":5.0},{"damage":2.0,"enemies":"Gremlin Nob","floor":7.0,"turns":4.0},{"damage":0.0,"enemies":"Blue Slaver","floor":11.0,"turns":2.0},{"damage":25.0,"enemies":"3 Sentries","floor":12.0,"turns":10.0},{"damage":13.0,"enemies":"Exordium Wildlife","floor":13.0,"turns":4.0},{"damage":0.0,"enemies":"Large Slime","floor":14.0,"turns":6.0},{"damage":40.0,"enemies":"Slime Boss","floor":16.0,"turns":10.0},{"damage":0.0,"enemies":"Spheric Guardian","floor":18.0,"turns":4.0},{"damage":0,"enemies":"Shell Parasite","floor":19,"turns":1},{"damage":13,"enemies":"Centurion and Healer","floor":20,"turns":5},{"damage":6,"enemies":"Cultist and Chosen","floor":21,"turns":9},{"damage":6,"enemies":"Snake Plant","floor":24,"turns":4},{"damage":16,"enemies":"Replay:Snechameleon","floor":25,"turns":5},{"damage":24,"enemies":"Slavers","floor":27,"turns":5},{"damage":0,"enemies":"Chosen and Byrds","floor":29,"turns":5},{"damage":61,"enemies":"Automaton","floor":33,"turns":6}],"seed_played":"8813494209140881308","potions_obtained":[{"floor":1.0,"key":"SmokeBomb"},{"floor":4.0,"key":"Toxic Potion"},{"floor":7.0,"key":"FearPotion"},{"floor":12.0,"key":"SpeedPotion"},{"floor":14.0,"key":"Poison Potion"},{"floor":18.0,"key":"Elixir"},{"floor":20,"key":"Flashbang"},{"floor":24,"key":"Death Potion"}],"is_trial":false,"path_per_floor":["M","?","?","M","M","R","E","R","T","R","M","E","M","M","R","B",null,"M","M","M","M","?","R","M","E","T","E","R","M","R","?","R","B"],"character_chosen":"THE_SILENT","items_purchased":[],"campfire_rested":3,"item_purchase_floors":[],"current_hp_per_floor":[58,47,63,62,59,59,67,67,67,67,67,42,29,29,51,11,60,60,60,47,41,41,63,57,41,41,17,39,39,39,54,54,0,0],"gold":494,"neow_bonus":"ONE_RANDOM_RARE_CARD","is_daily":false,"chose_seed":false,"campfire_upgraded":5,"win_rate":0.0,"timestamp":1608776189,"path_taken":["M","?","?","M","M","R","E","R","T","R","M","E","M","M","R","BOSS","M","M","M","M","?","R","M","E","T","E","R","?","R","?","R","BOSS"],"items_purchased_type":[],"build_version":"2020-12-22","purchased_purges":0,"victory":false,"max_hp_per_floor":[66,66,66,66,66,66,76,76,76,76,76,76,76,76,76,76,76,76,76,76,76,76,76,76,76,76,76,76,76,76,76,76,76,76],"card_choices":[{"not_picked":["Finisher","ReplayTheSpireMod:Tripwire"],"picked":"Blade Dance","floor":1.0},{"not_picked":["Acrobatics","Terror"],"picked":"Dagger Throw","floor":4.0},{"not_picked":["Acrobatics","Poisoned Stab"],"picked":"Deadly Poison","floor":5.0},{"not_picked":["Underhanded Strike","Concentrate"],"picked":"Poisoned Stab","floor":7.0},{"not_picked":["Calculated Gamble","Hidden Blade"],"picked":"Dodge and Roll","floor":11.0},{"not_picked":["Backstab","Slice"],"picked":"A Thousand Cuts","floor":12.0},{"not_picked":["Choke","hubris:Sniper","Flying Knee"],"picked":"SKIP","floor":13.0},{"not_picked":["Backstab","Sucker Punch"],"picked":"Toxin Wave","floor":14.0},{"not_picked":["Adrenaline","Die Die Die"],"picked":"Bullet Time","floor":16.0},{"not_picked":["Backstab","Hidden Blade"],"picked":"Catalyst","floor":18.0},{"not_picked":["Underhanded Strike","Quick Slash","Dodge and Roll"],"picked":"SKIP","floor":20},{"not_picked":["PiercingWail","Acrobatics"],"picked":"A Thousand Cuts","floor":21},{"not_picked":["ReplayTheSpireMod:Scrap Shanks","Outmaneuver"],"picked":"Crippling Poison","floor":24},{"not_picked":["Dagger Throw","Dodge and Roll"],"picked":"Wraith Form v2","floor":25},{"not_picked":["Doppelganger","Outmaneuver","Distraction"],"picked":"SKIP","floor":27},{"not_picked":["Reflex","Skewer"],"picked":"PiercingWail","floor":29}],"player_experience":1593454,"relics_obtained":[{"floor":7.0,"key":"Pear"},{"floor":12.0,"key":"Replay:Rubber Ducky"},{"floor":25,"key":"Ancient Tea Set"},{"floor":26,"key":"Shuriken"},{"floor":27,"key":"Ninja Scroll"}],"event_choices":[{"damage_healed":0.0,"max_hp_gain":0.0,"max_hp_loss":0.0,"gold_gain":75.0,"event_name":"betterThird:BetterGoop","player_choice":"Gold","floor":2.0,"gold_loss":0.0,"damage_taken":11.0},{"damage_healed":16.0,"max_hp_gain":0.0,"max_hp_loss":0.0,"gold_gain":0.0,"event_name":"The Cleric","player_choice":"Healed","floor":3.0,"gold_loss":35.0,"damage_taken":0.0},{"damage_healed":0,"gold_gain":0,"cards_transformed":["Strike_G"],"player_choice":"Transformed","damage_taken":0,"max_hp_gain":0,"max_hp_loss":0,"event_name":"Transmorgrifier","floor":22,"gold_loss":0,"cards_obtained":["Bane"]},{"damage_healed":15,"gold_gain":0,"player_choice":"Heal","damage_taken":0,"max_hp_gain":0,"max_hp_loss":0,"event_name":"The Library","floor":31,"gold_loss":0}],"is_beta":false,"boss_relics":[{"not_picked":["ReplayTheSpireMod:DimensionalGlitch","hubris:BlackHole"],"picked":"Ring of the Serpent"}],"items_purged_floors":[],"is_endless":false,"potions_floor_spawned":[1,4,7,12,14,18,20,24],"killed_by":"Automaton","ascension_level":20}}