{"host":"kabf61oc9jgfwufg","time":1608851612,"event":{"mods":["AchievementEnabler","Act Like it!","Aspiration","Bartender","BaseMod","CatGirl Mod","Conspire","GifTheSpireLib","Halation","HexUI Lib","Hubris","Infinite Spire","Marisa????????","Minty Spire (QoL Compilation)","Pale of the Ancients","Rare Cards Sparkle","Replay The Spire","StSLib","The Alterego","The Animator","The Blackbeard","The Bladedancer","The Cursed","The Jungle","The Marked","The Servant 0.9.4","TheSwordswoman"],"gold_per_floor":[119,119,119,129,148,178,34,68,93,93,119,131,147,1,1,106,106,120,131,150,161,177,177,205,205,259,259,259,276,29,46,46,147,147,167,184,110,110,121,171,4,31,58,85,110,122,147,168,168,279,279,306,354,381,381,381,405,405,429,99,99],"floor_reached":0,"playtime":4295,"items_purged":["Distraction","Draining Mist"],"score":451,"play_id":"9e337552-8f1d-48d7-940d-86ee9bb58983","local_time":"20201224231332","is_ascension_mode":true,"campfire_choices":[{"data":"Infernal Blade","floor":23,"key":"SMITH"},{"data":"Rage","floor":25,"key":"SMITH"},{"data":"infinitespire:Menacing","floor":49,"key":"SMITH"},{"data":"infinitespire:TheBestDefense","floor":56,"key":"SMITH"},{"data":"Seeing Red","floor":58,"key":"SMITH"}],"circlet_count":0,"master_deck":["Bash","Defend_R","Defend_R","Defend_R","Defend_R","Strike_R","Strike_R","Strike_R","Strike_R","Strike_R"],"relics":["Burning Blood","paleoftheancients:Timepiece"],"acts_visited":["Exordium","TheCity","TheBeyond","paleoftheancients:PaleOfTheAncients"],"potions_floor_usage":[16,16,20,20,27,31,33,33,39,40,40,42,44,45,48,50,57],"damage_taken":[{"damage":15,"enemies":"Small Slimes","floor":1,"turns":5},{"damage":11,"enemies":"Jaw Worm","floor":4,"turns":2},{"damage":0,"enemies":"Cultist","floor":5,"turns":2},{"damage":18,"enemies":"Lagavulin","floor":6,"turns":4},{"damage":12,"enemies":"Gremlin Nob","floor":8,"turns":3},{"damage":0,"enemies":"Lagavulin","floor":11,"turns":4},{"damage":7,"enemies":"Blue Slaver","floor":12,"turns":2},{"damage":11,"enemies":"Gremlin Gang","floor":13,"turns":2},{"damage":48,"enemies":"Hexaghost","floor":16,"turns":5},{"damage":19,"enemies":"Spheric Guardian","floor":18,"turns":4},{"damage":1,"enemies":"Chosen","floor":19,"turns":3},{"damage":3,"enemies":"3 Cultists","floor":20,"turns":3},{"damage":7,"enemies":"Chosen and Byrds","floor":21,"turns":4},{"damage":22,"enemies":"Snake Plant","floor":22,"turns":3},{"damage":41,"enemies":"Slavers","floor":24,"turns":5},{"damage":2,"enemies":"conspire:HollyBat","floor":27,"turns":4},{"damage":0,"enemies":"3 Cultists","floor":29,"turns":3},{"damage":15,"enemies":"Shelled Parasite and Fungi","floor":31,"turns":2},{"damage":19,"enemies":"Automaton","floor":33,"turns":4},{"damage":4,"enemies":"3 Darklings","floor":35,"turns":2},{"damage":2,"enemies":"Orb Walker","floor":36,"turns":2},{"damage":0,"enemies":"Jaw Worm Horde","floor":39,"turns":2},{"damage":74,"enemies":"Nightmare","floor":40,"turns":7},{"damage":1,"enemies":"Nemesis","floor":42,"turns":4},{"damage":12,"enemies":"R_Hoarder","floor":44,"turns":3},{"damage":8,"enemies":"4 Shapes","floor":45,"turns":3},{"damage":3,"enemies":"Transient","floor":46,"turns":5},{"damage":0,"enemies":"Reptomancer","floor":47,"turns":3},{"damage":29,"enemies":"3 Darklings","floor":48,"turns":3},{"damage":66,"enemies":"Replay:Hell Engine","floor":50,"turns":10},{"damage":35,"enemies":"Replay:Hell Engine","floor":52,"turns":7},{"damage":15,"enemies":"Replay:Hell Engine","floor":53,"turns":5},{"damage":0,"enemies":"paleoftheancients:Thorton1","floor":54,"turns":3},{"damage":60,"enemies":"paleoftheancients:Thorton1","floor":57,"turns":11}],"seed_played":"7898265610241371198","potions_obtained":[{"floor":4,"key":"Explosive Potion"},{"floor":5,"key":"FearPotion"},{"floor":12,"key":"Cursed Concoction"},{"floor":16,"key":"Fire Potion"},{"floor":18,"key":"Swift Potion"},{"floor":21,"key":"ColorlessPotion"},{"floor":24,"key":"PowerPotion"},{"floor":29,"key":"Venom Potion"},{"floor":33,"key":"BlessingOfTheForge"},{"floor":35,"key":"FearPotion"},{"floor":44,"key":"Swift Potion"},{"floor":46,"key":"Swift Potion"},{"floor":48,"key":"Ancient Potion"},{"floor":52,"key":"Strength Potion"},{"floor":54,"key":"FearPotion"},{"floor":57,"key":"Fire Potion"}],"is_trial":false,"path_per_floor":["M","?","?","M","M","E","$","E","T","?","E","M","M","$","R","B",null,"M","M","M","M","M","R","E","R","T","M","?","M","$","M","R","B",null,"M","M","$","AVR","M","NM","$","E","T","E","M","M","E","M","R","B",null,"M","M","M","T","R","M","R","T","?"],"character_chosen":"IRONCLAD","items_purchased":["halation:LostSnail","ReplayTheSpireMod:Limb From Limb+1","Metallicize","halation:AfternoonTea","Armaments","AttackPotion","BloodPotion","PowerPotion","Dual Wield"],"campfire_rested":0,"item_purchase_floors":[7,7,14,30,37,37,41,41,41],"current_hp_per_floor":[71,71,71,66,72,60,60,54,54,54,60,59,54,54,78,36,80,67,72,75,74,58,58,23,23,23,27,27,33,33,24,24,11,80,80,80,80,80,80,12,12,33,33,27,25,51,61,56,56,25,84,70,73,82,82,82,58,58,58,0,0],"gold":99,"neow_bonus":"NOSTALGIA","is_daily":false,"chose_seed":false,"campfire_upgraded":5,"win_rate":0.0,"timestamp":1608851612,"path_taken":["M","?","?","M","M","E","?","E","T","?","E","?","M","?","R","BOSS","M","M","M","?","M","R","E","R","T","M","?","M","?","M","R","BOSS","M","M","?","AVR","M","NM","$","E","T","E","M","M","E","M","R","BOSS","M","M","?","T","R","M","R","T","?"],"items_purchased_type":["Relic","Card","Card","Relic","Card","Potion","Potion","Potion","Card"],"build_version":"2020-12-22","purchased_purges":2,"victory":false,"max_hp_per_floor":[80,80,80,80,80,80,80,80,80,80,80,80,80,80,80,80,80,80,80,80,80,80,80,80,80,80,80,80,80,80,80,80,80,80,80,80,80,80,80,80,80,80,80,80,80,80,84,84,84,84,84,84,84,84,84,84,84,84,84,80,80],"card_choices":[{"not_picked":["ReplayTheSpireMod:Strike From Hell","Iron Wave"],"picked":"Battle Trance","floor":1},{"not_picked":["Warcry","Replay:Undeath\u0027s Touch+1"],"picked":"Headbutt+1","floor":4},{"not_picked":["Rampage+1","Juggernaut"],"picked":"Thunderclap+1","floor":5},{"not_picked":["Sword Boomerang+1","Headbutt+1"],"picked":"Rage","floor":6},{"not_picked":["Sword Boomerang+1","Flex"],"picked":"Infernal Blade","floor":8},{"not_picked":["ReplayReversal","Feel No Pain"],"picked":"Replay:Undeath\u0027s Touch+1","floor":11},{"not_picked":["Heavy Blade+1","Flame Barrier"],"picked":"Twin Strike+1","floor":12},{"not_picked":["Run Through+1","Iron Wave+1"],"picked":"Dropkick+1","floor":13},{"not_picked":["Brutality","Replay:Many Hands"],"picked":"Double Tap","floor":16},{"not_picked":["Run Through+1","Cleave+1"],"picked":"Bloodletting","floor":18},{"not_picked":["Body Slam+1","Twin Strike+1"],"picked":"infinitespire:OneForAll+1","floor":19},{"not_picked":["Warcry","Demonic Infusion"],"picked":"Flex+1","floor":20},{"not_picked":["Defy Death+1","Clothesline+1","Body Slam+1"],"picked":"SKIP","floor":21},{"not_picked":["Twin Strike+1","Dark Embrace"],"picked":"Cleave+1","floor":22},{"not_picked":["Clothesline+1","Warcry"],"picked":"Pommel Strike+1","floor":24},{"not_picked":["Twin Strike+1","Fire Breathing"],"picked":"Thunderclap+1","floor":27},{"not_picked":["Headbutt+1","Warcry"],"picked":"Pommel Strike+1","floor":29},{"not_picked":["Barricade","Cleave+1"],"picked":"Infernal Blade","floor":31},{"not_picked":["Impervious","Brutality"],"picked":"Bludgeon+1","floor":33},{"not_picked":["Defy Death+1","Fire Breathing"],"picked":"Carnage+1","floor":35},{"not_picked":["Flex","Sword Boomerang+1"],"picked":"Shrug It Off","floor":36},{"not_picked":["Metallicize+1","True Grit"],"picked":"Thunderclap+1","floor":39},{"not_picked":["Replay:Fractal Strike","infinitespire:TheBestDefense"],"picked":"infinitespire:Menacing","floor":40},{"not_picked":["Bloodletting+1","Run Through+1"],"picked":"hubris:StunningStrike+1","floor":40},{"not_picked":["hubris:SharpeningStone+1","Dark Embrace+1"],"picked":"Feed+1","floor":42},{"not_picked":["Entrench","hubris:ReadiedAction","Clash+1"],"picked":"ReplayTheSpireMod:Strike From Hell+1","floor":44},{"not_picked":["Sever Soul+1","Run Through+1","ReplayTheSpireMod:Strike From Hell+1"],"picked":"Reaper+1","floor":45},{"not_picked":["Iron Wave+1","Battle Trance+1","Fire Breathing+1"],"picked":"Massacre+1","floor":46},{"not_picked":["Clothesline+1","Burning Pact+1","Offering"],"picked":"Armaments+1","floor":47},{"not_picked":["Reaper+1","Body Slam+1","Replay:Undeath\u0027s Touch+1"],"picked":"Flex+1","floor":48},{"not_picked":["Brutality","Limit Break","conspire:HitWhereItHurts+1"],"picked":"Juggernaut","floor":50},{"not_picked":["Flex+1","ReplayTheSpireMod:Corrosion Curse","Run Through+1","Defy Death+1"],"picked":"SKIP","floor":52},{"not_picked":["Iron Wave+1","Limit Break","Wild Strike+1"],"picked":"Reckless Charge+1","floor":53},{"not_picked":["ReplayReversal","Warcry+1","Flex"],"picked":"Seeing Red","floor":54},{"not_picked":["ReplayTheSpireMod:Strike From Hell+1","Uppercut+1","Sword Boomerang+1"],"picked":"Pommel Strike+1","floor":57}],"player_experience":24647,"relics_obtained":[{"floor":6,"key":"infinitespire:Satchel"},{"floor":8,"key":"Pet Ghost"},{"floor":9,"key":"aspiration:HiddenCompartment"},{"floor":10,"key":"conspire:BottledYoYo"},{"floor":11,"key":"King of Hearts"},{"floor":24,"key":"Vajra"},{"floor":26,"key":"Centennial Puzzle"},{"floor":40,"key":"Red Skull"},{"floor":42,"key":"Question Card"},{"floor":43,"key":"PreservedInsect"},{"floor":44,"key":"Ice Cream"},{"floor":47,"key":"ReplayFunnel"},{"floor":52,"key":"paleoftheancients:SoulOfTheShapes"},{"floor":53,"key":"paleoftheancients:SoulOfTheIroncluck"},{"floor":54,"key":"paleoftheancients:SoulOfTheThorton"},{"floor":55,"key":"hubris:AstralHammer"},{"floor":57,"key":"paleoftheancients:SoulOfTheVixen"},{"floor":59,"key":"infinitespire:Lucky Rock"}],"event_choices":[{"damage_healed":0,"gold_gain":0,"player_choice":"Upgraded","damage_taken":0,"max_hp_gain":0,"max_hp_loss":0,"event_name":"Upgrade Shrine","floor":28,"gold_loss":0,"cards_upgraded":["Double Tap"]},{"damage_healed":0,"gold_gain":0,"player_choice":"Opened","damage_taken":0,"relics_obtained":["Champion Belt"],"max_hp_gain":0,"max_hp_loss":0,"event_name":"The Mausoleum","floor":32,"gold_loss":0,"cards_obtained":["Writhe"]}],"is_beta":false,"boss_relics":[{"not_picked":["conspire:SlowCooker","Replay:Fungal Core"],"picked":"Replay:Bronze Core"},{"not_picked":["Velvet Choker","Runic Pyramid"],"picked":"hubris:RunicObelisk"},{"not_picked":["halation:Risk","aspiration:ServantSkillbook"],"picked":"Silver_Glasses"}],"items_purged_floors":[14,30],"is_endless":true,"potions_floor_spawned":[4,5,12,16,18,21,24,29,33,35,44,46,48,52,54,57],"ascension_level":1}}