{"host":"53w25izqmiakdcya","time":1608815409,"event":{"mods":["BaseMod","Colored Powertips","Downfall","Minty Spire (QoL Compilation)","Quick Restart","Rare Cards Sparkle","StSLib"],"gold_per_floor":[99,119,31,31,42,55,55,55,73,84,112,131,131,150,163,163,163,163],"floor_reached":16,"playtime":1631,"items_purged":[],"score":106,"play_id":"6b2987f1-97c1-4fbe-a6df-3cbd79f44356","local_time":"20201224071009","is_ascension_mode":false,"campfire_choices":[{"data":"champ:Taunt","floor":1.0,"key":"SMITH"},{"data":"champ:FocusedGladiator","floor":8.0,"key":"SMITH"},{"floor":13,"key":"REST"}],"circlet_count":0,"master_deck":["champ:Strike","champ:Strike","champ:Strike","champ:Strike","champ:Defend","champ:Defend","champ:Defend","champ:Defend","champ:Execute+1","champ:Taunt+1","champ:FlashCut","champ:Encircle","champ:Haymaker","champ:GladiatorsShout","champ:BringItOn","champ:FocusedGladiator+1","champ:ViciousMockery","champ:Riposte","champ:CrookedStrike","champ:TornadoPunch","champ:SkillfulDodge","champ:DefensiveStyle"],"relics":["champ:ChampionCrown","Shuriken","champ:FightingForDummies"],"acts_visited":["Exordium"],"potions_floor_usage":[16],"damage_taken":[{"damage":6.0,"enemies":"Cultist","floor":2.0,"turns":4.0},{"damage":15.0,"enemies":"downfall:FleeingMerchant","floor":3.0,"turns":4.0},{"damage":11.0,"enemies":"Small Slimes","floor":5.0,"turns":3.0},{"damage":15.0,"enemies":"Jaw Worm","floor":6.0,"turns":4.0},{"damage":11.0,"enemies":"Large Slime","floor":9.0,"turns":6.0},{"damage":15.0,"enemies":"2 Fungi Beasts","floor":10.0,"turns":3.0},{"damage":35.0,"enemies":"Gremlin Nob","floor":11.0,"turns":5.0},{"damage":4.0,"enemies":"Blue Slaver","floor":12.0,"turns":4.0},{"damage":15,"enemies":"Lots of Slimes","floor":14,"turns":2},{"damage":16,"enemies":"Exordium Thugs","floor":15,"turns":5},{"damage":46,"enemies":"downfall:Defect","floor":16,"turns":8}],"seed_played":"1102356014789417804","potions_obtained":[{"floor":6.0,"key":"champ:OpenerPotion"},{"floor":9.0,"key":"SneckoOil"},{"floor":10.0,"key":"PowerPotion"},{"floor":14,"key":"BlessingOfTheForge"}],"is_trial":false,"path_per_floor":["R","M","$","?","M","M","T","R","M","M","E","M","R","M","M","B"],"character_chosen":"THE_CHAMP","items_purchased":["champ:Haymaker","champ:GladiatorsShout"],"campfire_rested":1,"item_purchase_floors":[3,3],"current_hp_per_floor":[99,98,93,93,87,80,80,80,71,63,37,37,66,53,44,0,0,0],"gold":163,"neow_bonus":"TEN_PERCENT_HP_BONUS","is_daily":false,"chose_seed":false,"campfire_upgraded":2,"win_rate":0.0,"timestamp":1608815409,"path_taken":["R","M","?","?","?","M","T","R","M","M","E","M","R","M","M","BOSS"],"items_purchased_type":["Card","Card"],"build_version":"2020-12-22","purchased_purges":0,"victory":false,"max_hp_per_floor":[99,99,99,99,99,99,99,99,99,99,99,99,99,99,99,99,99,99],"card_choices":[{"not_picked":["champ:GladiatorsShout","champ:RecklessLeap"],"picked":"champ:FlashCut","floor":2.0},{"not_picked":["champ:Duel","champ:RecklessLeap"],"picked":"champ:Encircle","floor":3.0},{"not_picked":["champ:EndlessRage","champ:DefensiveShout"],"picked":"champ:BringItOn","floor":5.0},{"not_picked":["champ:AdrenalArmor","champ:SkillfulDodge"],"picked":"champ:FocusedGladiator","floor":6.0},{"not_picked":["champ:StanceDance","champ:TornadoPunch"],"picked":"champ:ViciousMockery","floor":9.0},{"not_picked":["champ:PerfectedStrike","champ:Haymaker"],"picked":"champ:Riposte","floor":10.0},{"not_picked":["champ:EnGarde","champ:Haymaker"],"picked":"champ:CrookedStrike","floor":11.0},{"not_picked":["champ:CrookedStrike","champ:SwordThrow"],"picked":"champ:TornadoPunch","floor":12.0},{"not_picked":["champ:GutPunch","champ:BringItOn"],"picked":"champ:SkillfulDodge","floor":14},{"not_picked":["champ:Backstep","champ:TornadoPunch"],"picked":"champ:DefensiveStyle","floor":15}],"player_experience":492443,"relics_obtained":[{"floor":7.0,"key":"Shuriken"},{"floor":11.0,"key":"champ:FightingForDummies"}],"event_choices":[{"damage_healed":0.0,"max_hp_gain":0.0,"max_hp_loss":0.0,"gold_gain":0.0,"event_name":"Accursed Blacksmith","player_choice":"Forge","floor":4.0,"gold_loss":0.0,"damage_taken":0.0,"cards_upgraded":["champ:Execute"]}],"is_beta":false,"boss_relics":[],"items_purged_floors":[],"is_endless":false,"potions_floor_spawned":[6,9,10,14,15],"killed_by":"downfall:Defect","ascension_level":0}}