{"host":"i09pxcjttd31eh4q","time":1608811193,"event":{"mods":["AchievementEnabler","BaseMod","Colored Map","Keyboard Shortcuts","Minty Spire (QoL Compilation)","StSLib","SuperFastMode"],"gold_per_floor":[116,116,127,142,67,67,80,110,110,110,121,152,227,247,247,247,247],"floor_reached":16,"playtime":370,"items_purged":[],"score":274,"play_id":"2fdd08b8-8971-47ca-a978-9b97960e103a","local_time":"20201224205953","is_ascension_mode":true,"campfire_choices":[{"data":"Deadly Poison","floor":6.0,"key":"SMITH"},{"floor":10.0,"key":"REST"},{"floor":15,"key":"REST"}],"circlet_count":0,"master_deck":["AscendersBane","Strike_G","Strike_G","Strike_G","Strike_G","Defend_G","Defend_G","Defend_G","Defend_G","Survivor","Neutralize","Backflip","Tactician","Deadly Poison+1","Prepared","Acrobatics+1","Malaise+1","Tactician+1"],"relics":["Ring of the Snake","NeowsBlessing","HornCleat","Toxic Egg 2","Matryoshka"],"acts_visited":["Exordium"],"potions_floor_usage":[],"damage_taken":[{"damage":0.0,"enemies":"Small Slimes","floor":1.0,"turns":1.0},{"damage":0.0,"enemies":"2 Louse","floor":3.0,"turns":1.0},{"damage":0.0,"enemies":"Cultist","floor":4.0,"turns":1.0},{"damage":3.0,"enemies":"Blue Slaver","floor":7.0,"turns":5.0},{"damage":55.0,"enemies":"Gremlin Nob","floor":8.0,"turns":5.0},{"damage":7.0,"enemies":"Large Slime","floor":11.0,"turns":8.0},{"damage":0.0,"enemies":"3 Sentries","floor":12.0,"turns":8.0},{"damage":1,"enemies":"Red Slaver","floor":14,"turns":4},{"damage":32,"enemies":"Slime Boss","floor":16,"turns":8}],"seed_played":"-8875918559161897168","potions_obtained":[{"floor":1.0,"key":"BlessingOfTheForge"},{"floor":4.0,"key":"Regen Potion"},{"floor":12.0,"key":"FearPotion"}],"is_trial":false,"path_per_floor":["M","?","M","M","?","R","M","E","T","R","M","E","?","M","R","B"],"character_chosen":"THE_SILENT","items_purchased":[],"campfire_rested":2,"item_purchase_floors":[],"current_hp_per_floor":[59,52,52,52,52,52,49,9,9,28,21,21,10,9,28,0,0],"gold":247,"neow_bonus":"THREE_ENEMY_KILL","is_daily":false,"chose_seed":false,"campfire_upgraded":1,"win_rate":0.0,"timestamp":1608811193,"path_taken":["M","?","M","M","?","R","M","E","T","R","M","E","?","M","R","BOSS"],"items_purchased_type":[],"build_version":"2020-12-22","purchased_purges":0,"victory":false,"max_hp_per_floor":[66,66,66,66,66,66,66,66,66,66,66,66,66,66,66,66,66],"card_choices":[{"not_picked":["Leg Sweep","Bane"],"picked":"Backflip","floor":1.0},{"not_picked":["Poisoned Stab","Acrobatics"],"picked":"Tactician","floor":3.0},{"not_picked":["PiercingWail","Flying Knee"],"picked":"Deadly Poison","floor":4.0},{"not_picked":["All Out Attack","Backflip","Endless Agony"],"picked":"SKIP","floor":7.0},{"not_picked":["A Thousand Cuts","All Out Attack"],"picked":"Prepared","floor":8.0},{"not_picked":["Outmaneuver+1","Footwork"],"picked":"Acrobatics+1","floor":11.0},{"not_picked":["Backflip+1","Setup+1"],"picked":"Malaise+1","floor":12.0},{"not_picked":["Sucker Punch","Slice"],"picked":"Tactician+1","floor":14}],"player_experience":768668,"relics_obtained":[{"floor":8.0,"key":"HornCleat"},{"floor":9.0,"key":"Toxic Egg 2"},{"floor":12.0,"key":"Matryoshka"}],"event_choices":[{"cards_removed":["Defend_G"],"damage_healed":0.0,"max_hp_gain":0.0,"max_hp_loss":0.0,"gold_gain":0.0,"event_name":"Golden Wing","player_choice":"Card Removal","floor":2.0,"gold_loss":0.0,"damage_taken":7.0},{"cards_removed":["Strike_G"],"damage_healed":0.0,"max_hp_gain":0.0,"max_hp_loss":0.0,"gold_gain":0.0,"event_name":"The Cleric","player_choice":"Card Removal","floor":5.0,"gold_loss":75.0,"damage_taken":0.0},{"damage_healed":0.0,"max_hp_gain":0.0,"max_hp_loss":0.0,"gold_gain":75.0,"event_name":"World of Goop","player_choice":"Gather Gold","floor":13.0,"gold_loss":0.0,"damage_taken":11.0}],"is_beta":false,"boss_relics":[],"items_purged_floors":[],"is_endless":false,"potions_floor_spawned":[1,4,12],"killed_by":"Slime Boss","ascension_level":20}}