{"host":"ci7ivtocgfxh0ueo","time":1608813340,"event":{"mods":["BaseMod","GifTheSpireLib","Minty Spire (QoL Compilation)","StSLib"],"gold_per_floor":[110,128,142,105,121,121,156,170,242,253,253,67,67,67,67],"floor_reached":14,"playtime":271,"items_purged":["Eviscerate"],"score":170,"play_id":"ef604b16-a96c-4438-aa4d-76f268ef4f68","local_time":"20201224203540","is_ascension_mode":true,"campfire_choices":[{"floor":6,"key":"REST"}],"circlet_count":0,"master_deck":["AscendersBane","Strike_G","Strike_G","Strike_G","Strike_G","Strike_G","Defend_G+1","Defend_G","Defend_G+1","Defend_G","Defend_G","Survivor","Neutralize","Flying Knee","Slice","PiercingWail","Corpse Explosion","Tactician","Sucker Punch"],"relics":["Ring of the Snake","NeowsBlessing","Pen Nib","Paper Crane"],"acts_visited":["Exordium"],"potions_floor_usage":[5,7,10,14,14,14,14],"damage_taken":[{"damage":0,"enemies":"Cultist","floor":1,"turns":1},{"damage":0,"enemies":"Small Slimes","floor":2,"turns":1},{"damage":0,"enemies":"Jaw Worm","floor":3,"turns":1},{"damage":33,"enemies":"Large Slime","floor":5,"turns":6},{"damage":20,"enemies":"3 Sentries","floor":7,"turns":3},{"damage":0,"enemies":"2 Fungi Beasts","floor":8,"turns":2},{"damage":3,"enemies":"Exordium Wildlife","floor":10,"turns":4},{"damage":13,"enemies":"Gremlin Nob","floor":14,"turns":3}],"seed_played":"8387262036365028189","potions_obtained":[{"floor":1,"key":"Dexterity Potion"},{"floor":3,"key":"BlessingOfTheForge"},{"floor":5,"key":"Poison Potion"},{"floor":8,"key":"Block Potion"}],"is_trial":false,"path_per_floor":["M","M","M","$","M","R","E","M","T","M","?","$","?","E"],"character_chosen":"THE_SILENT","items_purchased":["Eviscerate","EntropicBrew"],"campfire_rested":1,"item_purchase_floors":[4,12],"current_hp_per_floor":[59,59,59,59,26,45,25,25,25,22,22,22,2,0,0],"gold":67,"neow_bonus":"THREE_ENEMY_KILL","is_daily":false,"chose_seed":false,"campfire_upgraded":0,"win_rate":0.0,"timestamp":1608813340,"path_taken":["M","M","?","$","?","R","E","M","T","?","?","$","?","E"],"items_purchased_type":["Card","Potion"],"build_version":"2020-12-22","purchased_purges":1,"victory":false,"max_hp_per_floor":[66,66,66,66,66,66,66,66,66,66,66,66,66,66,66],"card_choices":[{"not_picked":["Setup","Well Laid Plans"],"picked":"Flying Knee","floor":1},{"not_picked":["Acrobatics","Concentrate"],"picked":"Slice","floor":2},{"not_picked":["Escape Plan","Flying Knee"],"picked":"PiercingWail","floor":3},{"not_picked":["Flying Knee","PiercingWail"],"picked":"Corpse Explosion","floor":5},{"not_picked":["Backflip","Endless Agony"],"picked":"Tactician","floor":7},{"not_picked":["Finisher","Backflip"],"picked":"Sucker Punch","floor":8},{"not_picked":["Backflip","Cloak And Dagger","Leg Sweep"],"picked":"SKIP","floor":10}],"player_experience":1290233,"relics_obtained":[{"floor":7,"key":"Pen Nib"},{"floor":9,"key":"Paper Crane"}],"event_choices":[{"damage_healed":0,"gold_gain":0,"player_choice":"Ignored","damage_taken":0,"max_hp_gain":0,"max_hp_loss":0,"event_name":"Golden Wing","floor":11,"gold_loss":0},{"damage_healed":0,"gold_gain":0,"player_choice":"Entered Light","damage_taken":20,"max_hp_gain":0,"max_hp_loss":0,"event_name":"Shining Light","floor":13,"gold_loss":0,"cards_upgraded":["Defend_G","Defend_G"]}],"is_beta":false,"boss_relics":[],"items_purged_floors":[12],"is_endless":false,"potions_floor_spawned":[1,3,5,8],"killed_by":"Gremlin Nob","ascension_level":17}}