{"host":"5dk97cf2ubw2v967","time":1608825010,"event":{"mods":["AlwaysNeverKeys","BaseMod","Better Altar","Better Vampires","Block Reminder","Colored Powertips","Downfall","Googly Eyes","Highlight Path","Minty Spire (QoL Compilation)","Permanent Neow","Potion Indicator Mod","Quick Restart","Relic Filter","Relic Stats","Say the Spire","Spicy Shops","StSLib","Waifu the Spire","everything is the same but u backflip on backflip"],"gold_per_floor":[13,13,13,23,23,23,51,61,136,156,156,236,236,248,248,319,319,334,363,23,73,90,124,49,67,67,94,94,106,106,121,121,121,121],"floor_reached":33,"playtime":1825,"items_purged":["Strike_G"],"score":690,"play_id":"0c400091-180c-4873-81ec-2360c24078a2","local_time":"20201224155010","is_ascension_mode":true,"campfire_choices":[{"data":"Metamorphosis","floor":6.0,"key":"SMITH"},{"floor":11.0,"key":"REST"},{"data":"Terror","floor":15.0,"key":"SMITH"},{"data":"After Image","floor":28,"key":"SMITH"},{"floor":32,"key":"REST"}],"circlet_count":0,"master_deck":["AscendersBane","Strike_G","Strike_G","Defend_G","Defend_G","Defend_G","Defend_G","Defend_G","Survivor","Neutralize","Metamorphosis+1","Terror+1","Dagger Throw","Deflect","Deflect","Predator+1","Leg Sweep","After Image+1","Reflex+1","Tactician","Footwork","Backflip","Unload","Blur+1","Prepared+1","Quick Slash+1","Footwork","Writhe","True Grit+1"],"relics":["Ring of the Snake","Pocketwatch","Meat on the Bone","Tiny House","StrikeDummy","Philosopher\u0027s Stone","Red Mask","Gambling Chip","Toxic Egg 2","The Courier","PrismaticShard","Oddly Smooth Stone"],"acts_visited":["Exordium","TheCity"],"potions_floor_usage":[27,31],"damage_taken":[{"damage":0.0,"enemies":"2 Louse","floor":1.0,"turns":2.0},{"damage":4.0,"enemies":"Small Slimes","floor":4.0,"turns":5.0},{"damage":14.0,"enemies":"Gremlin Nob","floor":7.0,"turns":3.0},{"damage":0.0,"enemies":"Cultist","floor":8.0,"turns":2.0},{"damage":18.0,"enemies":"3 Louse","floor":10.0,"turns":3.0},{"damage":7.0,"enemies":"3 Sentries","floor":12.0,"turns":5.0},{"damage":0.0,"enemies":"Exordium Wildlife","floor":14.0,"turns":6.0},{"damage":0.0,"enemies":"Slime Boss","floor":16.0,"turns":4.0},{"damage":15.0,"enemies":"2 Thieves","floor":18.0,"turns":4.0},{"damage":35.0,"enemies":"Masked Bandits","floor":19.0,"turns":6.0},{"damage":0.0,"enemies":"Chosen","floor":22.0,"turns":2.0},{"damage":14,"enemies":"Slavers","floor":23,"turns":5},{"damage":1,"enemies":"Snake Plant","floor":25,"turns":4},{"damage":36,"enemies":"Book of Stabbing","floor":27,"turns":6},{"damage":23,"enemies":"Snecko","floor":29,"turns":5},{"damage":7,"enemies":"Shelled Parasite and Fungi","floor":31,"turns":5},{"damage":41,"enemies":"Collector","floor":33,"turns":7}],"seed_played":"-6384477052716251435","potions_obtained":[{"floor":4.0,"key":"Fire Potion"},{"floor":8.0,"key":"GhostInAJar"},{"floor":19.0,"key":"Poison Potion"},{"floor":25,"key":"ColorlessPotion"},{"floor":27,"key":"SpeedPotion"}],"is_trial":false,"path_per_floor":["M","?","?","M","?","R","E","M","T","M","R","E","?","M","R","B",null,"M","?","$","?","M","E","?","M","T","E","R","M","?","M","R","B"],"character_chosen":"THE_SILENT","items_purchased":["Gambling Chip","Footwork","Backflip"],"campfire_rested":2,"item_purchase_floors":[20,20,20],"current_hp_per_floor":[59,59,64,60,71,71,57,57,57,39,60,58,40,40,40,40,67,52,29,29,29,41,39,39,50,50,26,26,15,15,20,42,1,1],"gold":121,"neow_bonus":"RANDOM_COLORLESS_2","is_daily":false,"chose_seed":false,"campfire_upgraded":3,"win_rate":0.0,"timestamp":1608825010,"path_taken":["M","?","?","M","?","R","E","M","T","?","R","E","?","M","R","BOSS","M","?","$","?","M","E","?","M","T","E","R","M","?","?","R","BOSS"],"items_purchased_type":["Relic","Card","Card"],"build_version":"2020-12-22","purchased_purges":1,"victory":false,"max_hp_per_floor":[66,66,71,71,71,71,71,71,71,71,71,76,76,76,76,76,76,76,76,76,76,76,76,76,76,76,76,76,76,76,76,76,76,76],"relic_stats":{"counters":[17,74],"Gambling Chip":[29],"obtain_stats":[{"Tiny House":12,"Gambling Chip":20,"Oddly Smooth Stone":30,"Philosopher\u0027s Stone":17,"The Courier":26,"Red Mask":19,"Toxic Egg 2":23,"StrikeDummy":13,"PrismaticShard":27,"Ring of the Snake":0,"Pocketwatch":7,"Meat on the Bone":9},{"Tiny House":6,"Gambling Chip":10,"Oddly Smooth Stone":15,"Philosopher\u0027s Stone":8,"The Courier":13,"Red Mask":10,"Toxic Egg 2":12,"StrikeDummy":6,"PrismaticShard":14,"Ring of the Snake":0,"Pocketwatch":3,"Meat on the Bone":4},{"Tiny House":20,"Gambling Chip":40,"Oddly Smooth Stone":62,"Philosopher\u0027s Stone":30,"The Courier":51,"Red Mask":40,"Toxic Egg 2":47,"StrikeDummy":20,"PrismaticShard":57,"Ring of the Snake":0,"Pocketwatch":10,"Meat on the Bone":12}],"Ring of the Snake":[34],"Pocketwatch":[36],"Meat on the Bone":84},"card_choices":[{"not_picked":["Thinking Ahead","Magnetism"],"picked":"Metamorphosis","floor":0.0},{"not_picked":["Outmaneuver","Infinite Blades"],"picked":"Terror","floor":1.0},{"not_picked":["Flying Knee","Underhanded Strike"],"picked":"Dagger Throw","floor":4.0},{"not_picked":["Setup","Underhanded Strike"],"picked":"Deflect","floor":7.0},{"not_picked":["Well Laid Plans","Eviscerate"],"picked":"Deflect","floor":8.0},{"not_picked":["Deadly Poison","Dagger Throw"],"picked":"Predator","floor":10.0},{"not_picked":["Slice","Flechettes"],"picked":"Leg Sweep","floor":12.0},{"not_picked":["Cloak And Dagger","Bane","Eviscerate"],"picked":"SKIP","floor":14.0},{"not_picked":["Wraith Form v2","Grand Finale"],"picked":"After Image","floor":16.0},{"not_picked":["Dagger Spray","Blade Dance"],"picked":"Reflex+1","floor":18.0},{"not_picked":["Eviscerate","Crippling Poison"],"picked":"Tactician","floor":19.0},{"not_picked":["Dagger Spray","Blade Dance"],"picked":"Unload","floor":22.0},{"not_picked":["Bane","Finisher+1"],"picked":"Blur+1","floor":23},{"not_picked":["Flying Knee","Cloak And Dagger+1"],"picked":"Prepared+1","floor":25},{"not_picked":["Predator","Dagger Throw"],"picked":"Quick Slash+1","floor":27},{"not_picked":["Blizzard","Guardian:Gem_Yellow"],"picked":"Footwork","floor":29},{"not_picked":["Guardian:WalkerClaw","Wireheading"],"picked":"True Grit+1","floor":31}],"player_experience":1249603,"relics_obtained":[{"floor":7.0,"key":"Pocketwatch"},{"floor":9.0,"key":"Meat on the Bone"},{"floor":12.0,"key":"Tiny House"},{"floor":19.0,"key":"Red Mask"},{"floor":23,"key":"Toxic Egg 2"},{"floor":26,"key":"The Courier"},{"floor":27,"key":"PrismaticShard"}],"event_choices":[{"cards_removed":["Strike_G"],"damage_healed":0.0,"max_hp_gain":0.0,"max_hp_loss":0.0,"gold_gain":0.0,"event_name":"Living Wall","player_choice":"Forget","floor":2.0,"gold_loss":0.0,"damage_taken":0.0},{"damage_healed":0.0,"max_hp_gain":5.0,"max_hp_loss":0.0,"gold_gain":0.0,"event_name":"Big Fish","player_choice":"Donut","floor":3.0,"gold_loss":0.0,"damage_taken":0.0},{"damage_healed":11.0,"max_hp_gain":0.0,"max_hp_loss":0.0,"gold_gain":0.0,"event_name":"Wheel of Change","player_choice":"Full Heal","floor":5.0,"gold_loss":0.0,"damage_taken":0.0},{"damage_healed":0.0,"max_hp_gain":0.0,"max_hp_loss":0.0,"gold_gain":0.0,"event_name":"Scrap Ooze","player_choice":"Success","floor":13.0,"gold_loss":0.0,"damage_taken":18.0,"relics_obtained":["StrikeDummy"]},{"damage_healed":0.0,"max_hp_gain":0.0,"max_hp_loss":0.0,"gold_gain":0.0,"event_name":"Masked Bandits","player_choice":"Fought Bandits","floor":19.0,"gold_loss":0.0,"damage_taken":0.0},{"damage_healed":0.0,"max_hp_gain":0.0,"max_hp_loss":0.0,"gold_gain":50.0,"event_name":"Nest","player_choice":"Stole From Cult","floor":21.0,"gold_loss":0.0,"damage_taken":0.0},{"cards_removed":["Strike_G"],"damage_healed":0,"gold_gain":0,"player_choice":"Gave Gold","damage_taken":0,"max_hp_gain":0,"max_hp_loss":0,"event_name":"Beggar","floor":24,"gold_loss":75},{"damage_healed":0,"gold_gain":0,"player_choice":"Opened","damage_taken":0,"relics_obtained":["Oddly Smooth Stone"],"max_hp_gain":0,"max_hp_loss":0,"event_name":"The Mausoleum","floor":30,"gold_loss":0,"cards_obtained":["Writhe"]}],"is_beta":false,"boss_relics":[{"not_picked":["Astrolabe","Velvet Choker"],"picked":"Philosopher\u0027s Stone"}],"items_purged_floors":[20],"is_endless":false,"potions_floor_spawned":[4,8,19,25,27,29],"killed_by":"Collector","ascension_level":20}}