{"host":"s7tmyr5e6xvpia4b","time":1608803490,"event":{"mods":["ATMod(°¢èªMod)","BaseMod","Bestiary","Better Synergies","BshForSts","Curses Come First","GifTheSpireLib","Minty Spire (QoL Compilation)","Replay The Spire","StSLib","The Blue Laboratory","noobMod"],"gold_per_floor":[109,125,50,125,137,164,164,164,243,243,243,259,259,270,270,371,371,382,394,405,419,433,460,460,491,570,495,348,398,398,429,429,524,524,543,45,56,56,71,97,97,108,108,140,153,178,196,209,209,209,209,209,54,85,85],"floor_reached":56,"playtime":10916,"items_purged":["Strike_B","Defend_B","Clumsy"],"score":1432,"play_id":"22eab502-2242-434b-b4c4-2a3ff2a2ba9e","local_time":"20201224175130","is_ascension_mode":true,"campfire_choices":[{"data":"AT_EMC2","floor":7,"key":"SMITH"},{"data":"Zap","floor":11,"key":"SMITH"},{"data":"Dualcast","floor":13,"key":"SMITH"},{"data":"Sunder","floor":15,"key":"SMITH"},{"floor":24,"key":"RECALL"},{"data":"AT_RobotInSpace","floor":30,"key":"SMITH"},{"data":"Redo","floor":32,"key":"SMITH"},{"data":"Crystallizer","floor":41,"key":"SMITH"},{"data":"AT_DarkMatter","floor":49,"key":"SMITH"},{"data":"Coolheaded","floor":52,"key":"SMITH"}],"circlet_count":0,"master_deck":["Strike_B+1","Strike_B","Strike_B","Defend_B+1","Defend_B","Zap+1","Dualcast+1","AT_EMC2+1","ReplaySort+1","Sunder+1","Sweeping Beam+1","BasicCrystalCard+1","AT_RobotInSpace+1","Redo+1","Mirror Shield+1","Crystallizer+1","Compile Driver","Crystallizer+1","Coolheaded+1","Time Bomb+1","Replay:Hysterical Blindness","AT_DarkMatter+1","Skim+1"],"relics":["Cracked Core","AT_ATBox","ice","NeowsBlessing","AT_EbonyIvory","CultistMask","ReplayTheSpireMod:DimensionalGlitch","ReplayTheSpireMod:Lightbulb","AT_BladeRuinedKing","Pantograph","ReplayTheSpireMod:Ring of Exchange","Ring of Greed","Golden Egg","Replay:Wax Seal","Red Mask","Inserter","Blue Doll","Strange Spoon","Replay:Accelerometer","Singing Bowl","AT_GreenNoBalance","Boot","War Paint","Geode"],"acts_visited":["Exordium","TheCity","TheBeyond","TheEnding"],"potions_floor_usage":[21,33,33,33,44,50,55,55,55],"damage_taken":[{"damage":0,"enemies":"Small Slimes","floor":1,"turns":1},{"damage":0,"enemies":"2 Louse","floor":2,"turns":1},{"damage":0,"enemies":"Cultist","floor":5,"turns":1},{"damage":40,"enemies":"3 Sentries","floor":6,"turns":8},{"damage":1,"enemies":"Exordium Wildlife","floor":12,"turns":3},{"damage":0,"enemies":"Blue Slaver","floor":14,"turns":2},{"damage":20,"enemies":"Fading Forest","floor":16,"turns":11},{"damage":5,"enemies":"Shell Parasite","floor":18,"turns":8},{"damage":10,"enemies":"Spheric Guardian","floor":19,"turns":4},{"damage":7,"enemies":"Centurion and Healer","floor":20,"turns":5},{"damage":36,"enemies":"Snecko","floor":21,"turns":4},{"damage":15,"enemies":"Cultist and Chosen","floor":22,"turns":5},{"damage":9,"enemies":"Replay:Snechameleon","floor":23,"turns":5},{"damage":0,"enemies":"Gremlin Leader","floor":25,"turns":5},{"damage":14,"enemies":"Masked Bandits","floor":31,"turns":2},{"damage":16,"enemies":"Pondfish","floor":33,"turns":6},{"damage":0,"enemies":"3 Shapes","floor":35,"turns":3},{"damage":0,"enemies":"Orb Walker","floor":37,"turns":2},{"damage":0,"enemies":"Maw","floor":39,"turns":5},{"damage":38,"enemies":"R_Hoarder","floor":40,"turns":4},{"damage":33,"enemies":"Writhing Mass","floor":42,"turns":3},{"damage":3,"enemies":"Nemesis","floor":44,"turns":6},{"damage":44,"enemies":"Spire Growth","floor":45,"turns":5},{"damage":0,"enemies":"Reptomancer","floor":46,"turns":4},{"damage":20,"enemies":"4 Shapes","floor":47,"turns":3},{"damage":0,"enemies":"Maw","floor":48,"turns":5},{"damage":21,"enemies":"Awakened One","floor":50,"turns":9},{"damage":27,"enemies":"Shield and Spear","floor":54,"turns":5},{"damage":129,"enemies":"The Heart","floor":55,"turns":9}],"seed_played":"-7843952695808811826","potions_obtained":[{"floor":1,"key":"blueLaboratory:NullPotion"},{"floor":6,"key":"PowerPotion"},{"floor":12,"key":"blueLaboratory:RelayPotion"},{"floor":21,"key":"Regen Potion"},{"floor":33,"key":"blueLaboratory:ArtificerPotion"},{"floor":39,"key":"blueLaboratory:HeartbeatPotion"},{"floor":40,"key":"Strength Potion"},{"floor":46,"key":"blueLaboratory:PyrophylliteBrew"},{"floor":54,"key":"blueLaboratory:PhilterOfMotion"}],"is_trial":false,"path_per_floor":["M","M","$","?","M","E","R","?","T","?","R","M","R","M","R","B",null,"M","M","M","M","M","E","R","E","T","?","$","?","R","?","R","B",null,"M","$","M","?","M","E","R","M","T","E","M","E","M","M","R","B",null,"R","$","E","B",null],"character_chosen":"DEFECT","items_purchased":["Redo","Blue Doll","Crystallizer","Strange Spoon","War Paint"],"campfire_rested":0,"item_purchase_floors":[28,36,36,36,53],"current_hp_per_floor":[75,75,75,64,64,24,24,9,9,9,9,8,8,75,75,55,83,78,68,61,25,10,55,55,55,55,55,55,55,55,41,41,47,126,126,126,126,126,126,88,88,55,55,52,30,78,59,84,84,76,183,183,183,158,42],"gold":85,"neow_bonus":"THREE_ENEMY_KILL","is_daily":false,"chose_seed":false,"campfire_upgraded":9,"win_rate":0.0,"timestamp":1608803490,"path_taken":["M","M","$","?","M","E","R","?","T","?","R","M","R","M","R","BOSS","M","?","M","M","M","E","R","E","T","?","$","?","R","?","R","BOSS","M","$","M","?","M","E","R","M","T","E","?","E","M","M","R","BOSS","R","$","E","BOSS"],"items_purchased_type":["Card","Relic","Card","Relic","Relic"],"build_version":"2020-12-22","purchased_purges":3,"victory":true,"max_hp_per_floor":[75,75,75,75,75,75,75,75,75,75,75,75,75,75,75,83,83,94,97,99,101,105,111,111,117,117,117,117,117,117,119,119,126,126,128,128,129,129,132,133,133,139,139,148,153,159,164,169,169,183,183,183,183,195,287],"card_choices":[{"not_picked":["Hologram","Conserve Battery"],"picked":"ReplaySort","floor":1},{"not_picked":["Doom and Gloom","BasicCrystalCard","Chill"],"picked":"SKIP","floor":2},{"not_picked":["AT_HeatAcrobatics","Sweeping Beam","Steam"],"picked":"SKIP","floor":5},{"not_picked":["ReplayTheSpireMod:Omega Cannon","Cold Snap","Heatsinks"],"picked":"SKIP","floor":6},{"not_picked":["Ball Lightning","Reinforced Body"],"picked":"Sunder","floor":12},{"not_picked":["White Noise","Leap","AT_WarpDrive"],"picked":"SKIP","floor":14},{"not_picked":["Leap","Steam"],"picked":"Sweeping Beam+1","floor":18},{"not_picked":["Panic Button","Gash","Sweeping Beam"],"picked":"SKIP","floor":19},{"not_picked":["Leap","ReplaySolidLightProjector","Doom and Gloom"],"picked":"SKIP","floor":20},{"not_picked":["Consume","Sweeping Beam"],"picked":"BasicCrystalCard+1","floor":21},{"not_picked":["Stack","Heatsinks","White Noise"],"picked":"SKIP","floor":22},{"not_picked":["Panic Button","Rip and Tear","Doom and Gloom"],"picked":"SKIP","floor":23},{"not_picked":["Beam Cell","Undo+1"],"picked":"AT_RobotInSpace","floor":25},{"not_picked":["Multi-Cast","Meteor Strike"],"picked":"Mirror Shield","floor":33},{"not_picked":["Ball Lightning","ReplaySort+1","Sunder"],"picked":"SKIP","floor":35},{"not_picked":["AT_HeatAcrobatics","Steam+1"],"picked":"Compile Driver","floor":37},{"not_picked":["AT_HeatAcrobatics","Capacitor+1","ReplayTheSpireMod:Repulse+1"],"picked":"SKIP","floor":39},{"not_picked":["Thunder Strike","Lockon"],"picked":"Crystallizer","floor":40},{"not_picked":["ReplaySolidLightProjector","Streamline"],"picked":"Coolheaded","floor":42},{"not_picked":["Creative AI","Storm+1"],"picked":"Time Bomb","floor":44},{"not_picked":["Chaos","Streamline+1"],"picked":"AT_DarkMatter","floor":45},{"not_picked":["Rip and Tear","Static Discharge","Gash"],"picked":"Singing Bowl","floor":46},{"not_picked":["Ball Lightning+1","Chaos"],"picked":"Skim+1","floor":47},{"not_picked":["Sweeping Beam+1","Go for the Eyes","Gash"],"picked":"Singing Bowl","floor":48},{"not_picked":["Streamline+1","Gash","Self Repair"],"picked":"Singing Bowl","floor":54}],"player_experience":41986,"relics_obtained":[{"floor":6,"key":"AT_EbonyIvory"},{"floor":23,"key":"ReplayTheSpireMod:Lightbulb"},{"floor":25,"key":"AT_BladeRuinedKing"},{"floor":26,"key":"Pantograph"},{"floor":29,"key":"ReplayTheSpireMod:Ring of Exchange"},{"floor":29,"key":"Ring of Greed"},{"floor":29,"key":"Golden Egg"},{"floor":29,"key":"Replay:Wax Seal"},{"floor":31,"key":"Red Mask"},{"floor":40,"key":"Replay:Accelerometer"},{"floor":43,"key":"Singing Bowl"},{"floor":44,"key":"AT_SilverBalance"},{"floor":46,"key":"Boot"},{"floor":54,"key":"Geode"}],"event_choices":[{"damage_healed":0,"gold_gain":75,"player_choice":"Gather Gold","damage_taken":11,"max_hp_gain":0,"max_hp_loss":0,"event_name":"World of Goop","floor":4,"gold_loss":0},{"damage_healed":0,"gold_gain":0,"player_choice":"Entered Light","damage_taken":15,"max_hp_gain":0,"max_hp_loss":0,"event_name":"Shining Light","floor":8,"gold_loss":0,"cards_upgraded":["Strike_B","ReplaySort"]},{"damage_healed":0,"gold_gain":0,"player_choice":"Trade","damage_taken":0,"relics_obtained":["CultistMask"],"max_hp_gain":0,"max_hp_loss":0,"event_name":"FaceTrader","floor":10,"gold_loss":0},{"cards_removed":["Defend_B"],"damage_healed":0,"gold_gain":0,"player_choice":"Gave Gold","damage_taken":0,"max_hp_gain":0,"max_hp_loss":0,"event_name":"Beggar","floor":27,"gold_loss":75},{"damage_healed":0,"gold_gain":0,"player_choice":"Fought Bandits","damage_taken":0,"max_hp_gain":0,"max_hp_loss":0,"event_name":"Masked Bandits","floor":31,"gold_loss":0},{"cards_removed":["Amnesia"],"damage_healed":0,"gold_gain":0,"player_choice":"Removed Curses","damage_taken":0,"max_hp_gain":0,"max_hp_loss":0,"event_name":"Fountain of Cleansing","floor":38,"gold_loss":0}],"is_beta":false,"boss_relics":[{"not_picked":["Painkiller Herb","ChewingGum"],"picked":"ReplayTheSpireMod:DimensionalGlitch"},{"not_picked":["Replay:Drink Me","Lee\u0027s Waffle"],"picked":"Inserter"}],"items_purged_floors":[3,28,36],"is_endless":false,"potions_floor_spawned":[1,6,12,14,16,18,21,23,31,33,39,40,44,46,47,48,54],"ascension_level":2}}