{"host":"g520aj7wy7fyc13m","time":1608834511,"event":{"mods":["2.2 Compatiblity","AlwaysNeverKeys","Aspiration","BaseMod","Better Sensory Stone","Better Third Choice","Colored Powertips","Downfall","Hermit","Jorbs\u0027s Wanderer Trilogy","Minty Spire (QoL Compilation)","Permanent Neow","Quick Restart","Random Character Button","StSLib","The Blue Laboratory","The Cursed","The Disciple","The Runesmith","egg"],"gold_per_floor":[111,65,129,145,245,9,23,34,114,127,127,158,84,84,84,185,185,200,200,299,311,411,411,411],"floor_reached":23,"playtime":1227,"items_purged":[],"score":189,"play_id":"ec65f84a-2559-4bff-9f42-93ec25b9c40c","local_time":"20201224182831","is_ascension_mode":false,"campfire_choices":[{"data":"Enlightenment","floor":11.0,"key":"SMITH"},{"floor":15.0,"key":"REST"}],"circlet_count":0,"master_deck":["hermit:Strike_Hermit","hermit:Strike_Hermit","hermit:Strike_Hermit","hermit:Strike_Hermit","hermit:Defend_Hermit","hermit:Defend_Hermit","hermit:Defend_Hermit","hermit:Defend_Hermit","hermit:Snapshot","hermit:Covet","hermit:Magnum","hermit:Gestalt","hermit:Snipe","hermit:Showdown","hermit:Brawl","hermit:Shortfuse","Enlightenment+1","hermit:LuckOfTheDraw","hermit:Shortfuse","hermit:Gestalt","hermit:EyeOfTheStorm+1","Pride","Pride","Pride","hermit:HighNoon"],"relics":["hermit:Momento","Question Card","Gremlin Horn","Runic Pyramid"],"acts_visited":["Exordium","TheCity"],"potions_floor_usage":[],"damage_taken":[{"damage":0.0,"enemies":"Cultist","floor":1.0,"turns":4.0},{"damage":11.0,"enemies":"Small Slimes","floor":4.0,"turns":6.0},{"damage":1.0,"enemies":"Jaw Worm","floor":7.0,"turns":2.0},{"damage":14.0,"enemies":"3 Louse","floor":8.0,"turns":3.0},{"damage":7.0,"enemies":"Looter","floor":10.0,"turns":4.0},{"damage":23.0,"enemies":"3 Sentries","floor":12.0,"turns":5.0},{"damage":39.0,"enemies":"Hexaghost","floor":16.0,"turns":10.0},{"damage":7,"enemies":"Spheric Guardian","floor":18,"turns":4},{"damage":11,"enemies":"Chosen","floor":21,"turns":5},{"damage":70,"enemies":"3 Cultists","floor":23,"turns":5}],"seed_played":"-2639542789787142160","potions_obtained":[{"floor":1.0,"key":"SteroidPotion"},{"floor":8.0,"key":"blueLaboratory:ExaltedPotion"},{"floor":21,"key":"AttackPotion"}],"is_trial":false,"path_per_floor":["M","$","?","M","?","$","M","M","T","M","R","E","$","?","R","B",null,"M","?","?","M","?","M"],"character_chosen":"HERMIT","items_purchased":["hermit:Snipe","hermit:Brawl","hermit:Shortfuse","Enlightenment","hermit:EyeOfTheStorm"],"campfire_rested":1,"item_purchase_floors":[2,6,6,6,13],"current_hp_per_floor":[75,75,75,64,64,64,63,49,49,42,42,19,19,19,41,2,75,68,68,68,57,57,0,0],"gold":411,"neow_bonus":"ONE_RANDOM_RARE_CARD","is_daily":false,"chose_seed":false,"campfire_upgraded":1,"win_rate":0.0,"timestamp":1608834511,"path_taken":["M","$","?","M","?","$","M","M","T","?","R","E","?","?","R","BOSS","M","?","?","M","?","M"],"items_purchased_type":["Card","Card","Card","Card","Card"],"build_version":"2020-12-22","purchased_purges":0,"victory":false,"max_hp_per_floor":[75,75,75,75,75,75,75,75,75,75,75,75,75,75,75,75,75,75,75,75,75,75,75,75],"card_choices":[{"not_picked":["hermit:LowProfile","hermit:Misfire"],"picked":"hermit:Gestalt","floor":1.0},{"not_picked":["hermit:Roulette","hermit:Glare"],"picked":"hermit:Showdown","floor":4.0},{"not_picked":["hermit:HoleUp","hermit:Headshot"],"picked":"hermit:LuckOfTheDraw","floor":7.0},{"not_picked":["hermit:HighCaliber","hermit:Roulette","hermit:BodyArmor"],"picked":"SKIP","floor":8.0},{"not_picked":["hermit:Cheat","hermit:HighCaliber","hermit:Snipe"],"picked":"hermit:Shortfuse","floor":10.0},{"not_picked":["hermit:Roulette","hermit:FinalCanter","hermit:TrackingShot"],"picked":"hermit:Gestalt","floor":12.0},{"not_picked":["hermit:FromBeyond","hermit:OverwhelmingPower","hermit:HeroicBravado"],"picked":"hermit:HighNoon","floor":16.0},{"not_picked":["hermit:Quickdraw","hermit:Combo","hermit:Glare","hermit:Feint"],"picked":"SKIP","floor":18},{"not_picked":["hermit:Snipe+1","hermit:CursedWeapon","hermit:Headshot","hermit:Cheat"],"picked":"SKIP","floor":21}],"player_experience":608987,"relics_obtained":[{"floor":9.0,"key":"Question Card"},{"floor":12.0,"key":"Gremlin Horn"}],"event_choices":[{"damage_healed":0.0,"max_hp_gain":0.0,"max_hp_loss":0.0,"gold_gain":64.0,"event_name":"Golden Wing","player_choice":"Gained Gold","floor":3.0,"gold_loss":0.0,"damage_taken":0.0},{"damage_healed":0.0,"max_hp_gain":0.0,"max_hp_loss":0.0,"gold_gain":100.0,"event_name":"Golden Shrine","player_choice":"Pray","floor":5.0,"gold_loss":0.0,"damage_taken":0.0},{"damage_healed":0.0,"max_hp_gain":0.0,"max_hp_loss":0.0,"gold_gain":0.0,"event_name":"Living Wall","player_choice":"Grow","floor":14.0,"gold_loss":0.0,"damage_taken":0.0,"cards_upgraded":["hermit:EyeOfTheStorm"]},{"damage_healed":0,"gold_gain":99,"player_choice":"Steal","damage_taken":0,"max_hp_gain":0,"max_hp_loss":0,"event_name":"betterThird:BetterNest","floor":20,"gold_loss":0},{"damage_healed":0,"gold_gain":100,"player_choice":"Pray","damage_taken":0,"max_hp_gain":0,"max_hp_loss":0,"event_name":"Golden Shrine","floor":22,"gold_loss":0}],"is_beta":false,"boss_relics":[{"not_picked":["Sozu","aspiration:RunicSpoon"],"picked":"Runic Pyramid"}],"items_purged_floors":[],"is_endless":false,"potions_floor_spawned":[1,8,21],"killed_by":"3 Cultists","ascension_level":0}}