{"host":"hvwa7s69zr612rn1","time":1608787915,"event":{"mods":["BaseMod","Colored Map","Colored Powertips","Downfall","Minty Spire (QoL Compilation)","StSLib"],"gold_per_floor":[99,109,123,133,152,180,233,249,249,249,263,277,277,277,289,387,387,387,398,417,433,433,433,433,433],"floor_reached":23,"playtime":1615,"items_purged":[],"score":207,"play_id":"0f46c24f-32c8-4083-95ea-15bfd1a52c75","local_time":"20201224163155","is_ascension_mode":true,"campfire_choices":[{"data":"champ:Execute","floor":1,"key":"SMITH"},{"data":"champ:Devastate","floor":10,"key":"SMITH"},{"data":"champ:Lariat","floor":13,"key":"SMITH"},{"data":"champ:CheapShot","floor":18,"key":"SMITH"}],"circlet_count":0,"master_deck":["champ:Strike+1","champ:Strike","champ:Strike","champ:Strike","champ:Defend","champ:Defend+1","champ:Defend+1","champ:Defend","champ:Execute+1","champ:Taunt+1","champ:IronFortress","champ:Lariat+1","champ:Devastate+1","champ:Control","Regret","champ:CheapShot+1"],"relics":["champ:ChampionCrownUpgraded","Bottled Flame","Centennial Puzzle","Enchiridion"],"acts_visited":["Exordium","TheCity"],"potions_floor_usage":[6,16,23],"damage_taken":[{"damage":5,"enemies":"2 Louse","floor":2,"turns":3},{"damage":6,"enemies":"Cultist","floor":3,"turns":4},{"damage":26,"enemies":"Jaw Worm","floor":4,"turns":5},{"damage":28,"enemies":"Large Slime","floor":5,"turns":8},{"damage":36,"enemies":"3 Sentries","floor":6,"turns":8},{"damage":18,"enemies":"3 Louse","floor":8,"turns":3},{"damage":15,"enemies":"Gremlin Gang","floor":11,"turns":5},{"damage":20,"enemies":"Exordium Thugs","floor":12,"turns":4},{"damage":9,"enemies":"Gremlin Gang","floor":15,"turns":4},{"damage":34,"enemies":"downfall:Silent","floor":16,"turns":12},{"damage":35,"enemies":"Shell Parasite","floor":19,"turns":4},{"damage":37,"enemies":"Chosen","floor":20,"turns":4},{"damage":19,"enemies":"Snecko","floor":21,"turns":3},{"damage":54,"enemies":"Gremlin Leader","floor":23,"turns":5}],"seed_played":"-1838939755211014794","potions_obtained":[{"floor":2,"key":"LiquidMemories"},{"floor":3,"key":"Guardian:BlockOnCardUsePotion"},{"floor":6,"key":"champ:CounterPotion"},{"floor":9,"key":"Weak Potion"},{"floor":15,"key":"DuplicationPotion"},{"floor":19,"key":"SpeedPotion"}],"is_trial":false,"path_per_floor":["R","M","M","M","M","E","T","M","?","R","M","M","R","?","M","B",null,"R","M","M","M","?","E"],"character_chosen":"THE_CHAMP","items_purchased":[],"campfire_rested":0,"item_purchase_floors":[],"current_hp_per_floor":[90,90,89,87,87,74,74,61,61,61,51,41,41,41,37,18,90,90,81,68,62,46,0,0,0],"gold":433,"neow_bonus":"UPGRADE_CARD","is_daily":false,"chose_seed":false,"campfire_upgraded":4,"win_rate":0.0,"timestamp":1608787915,"path_taken":["R","M","M","M","M","E","T","M","?","R","M","?","R","?","M","BOSS","R","M","M","M","?","E"],"items_purchased_type":[],"build_version":"2020-12-22","purchased_purges":0,"victory":false,"max_hp_per_floor":[90,90,90,90,90,90,90,90,90,90,90,90,90,90,90,90,90,90,90,90,90,90,90,90,90],"card_choices":[{"not_picked":["champ:CrookedStrike","champ:Haymaker"],"picked":"champ:IronFortress","floor":2},{"not_picked":["champ:BladeFlurry","champ:Backstep"],"picked":"champ:Lariat","floor":3},{"not_picked":["champ:CrookedStrike","champ:BerserkersShout"],"picked":"champ:Devastate","floor":4},{"not_picked":["champ:PreciseThrust","champ:AdrenalArmor"],"picked":"champ:Control","floor":5},{"not_picked":["champ:ShieldThrow","champ:FanOfKnives","champ:HeartStrike"],"picked":"SKIP","floor":6},{"not_picked":["champ:Riposte","champ:EnGarde","champ:FightOn"],"picked":"SKIP","floor":8},{"not_picked":["champ:GladiatorsShout","champ:DefensiveShout","champ:GladiatorStyle"],"picked":"SKIP","floor":11},{"not_picked":["champ:CrookedStrike","champ:Haymaker","champ:BladeFlurry"],"picked":"SKIP","floor":12},{"not_picked":["champ:BerserkersShout","champ:Lariat","champ:GladiatorsShout"],"picked":"SKIP","floor":15},{"not_picked":["champ:DancingMaster","champ:StrikeOfGenius"],"picked":"champ:CheapShot","floor":16},{"not_picked":["champ:DefensiveShout+1","champ:AdrenalArmor","champ:PreciseThrust"],"picked":"SKIP","floor":19},{"not_picked":["champ:Control","champ:CrookedStrike","champ:ArenaPreparation"],"picked":"SKIP","floor":20},{"not_picked":["champ:FocusedDefense","champ:CrookedStrike+1","champ:GladiatorsShout"],"picked":"SKIP","floor":21}],"player_experience":386505,"relics_obtained":[{"floor":6,"key":"Bottled Flame"},{"floor":7,"key":"Centennial Puzzle"},{"floor":22,"key":"Enchiridion"}],"event_choices":[{"damage_healed":0,"gold_gain":0,"player_choice":"Got Potions","damage_taken":0,"max_hp_gain":0,"max_hp_loss":0,"event_name":"Lab","floor":9,"gold_loss":0}],"is_beta":false,"boss_relics":[{"not_picked":["Black Star","Pandora\u0027s Box"],"picked":"champ:ChampionCrownUpgraded"}],"items_purged_floors":[],"is_endless":false,"potions_floor_spawned":[2,3,6,15,19,21],"killed_by":"Gremlin Leader","ascension_level":1}}