{"host":"d4km6p8r92tm3vpl","time":1608811572,"event":{"mods":["BaseMod","Minty Spire (QoL Compilation)","Relic Stats","StSLib"],"gold_per_floor":[111,111,111,126,141,141,175,196,196,196,47,47,47],"floor_reached":12,"playtime":271,"items_purged":[],"score":125,"play_id":"2854afdf-332b-4af5-814b-96b2df5cf167","local_time":"20201224070612","is_ascension_mode":true,"campfire_choices":[{"data":"Bash","floor":6,"key":"SMITH"},{"floor":10,"key":"REST"}],"circlet_count":0,"master_deck":["AscendersBane","Strike_R","Strike_R","Strike_R","Strike_R","Defend_R","Defend_R","Defend_R","Defend_R","Bash+1","Twin Strike","Cleave","Battle Trance","Feed"],"relics":["Snecko Eye","Golden Idol","Ornamental Fan","Pantograph"],"acts_visited":["Exordium"],"potions_floor_usage":[],"damage_taken":[{"damage":13,"enemies":"Jaw Worm","floor":1,"turns":4},{"damage":5,"enemies":"2 Louse","floor":4,"turns":3},{"damage":7,"enemies":"Small Slimes","floor":5,"turns":4},{"damage":29,"enemies":"Gremlin Nob","floor":7,"turns":4},{"damage":6,"enemies":"Blue Slaver","floor":8,"turns":3},{"damage":31,"enemies":"3 Sentries","floor":12,"turns":4}],"seed_played":"-7024453795413570778","potions_obtained":[{"floor":5,"key":"BlessingOfTheForge"},{"floor":8,"key":"SkillPotion"}],"is_trial":false,"path_per_floor":["M","?","?","M","M","R","E","M","T","R","$","E"],"character_chosen":"IRONCLAD","items_purchased":["Feed"],"campfire_rested":1,"item_purchase_floors":[11],"current_hp_per_floor":[59,59,52,47,40,40,11,5,5,27,27,0,0],"gold":47,"neow_bonus":"BOSS_RELIC","is_daily":false,"chose_seed":false,"campfire_upgraded":1,"win_rate":0.0,"timestamp":1608811572,"path_taken":["M","?","?","M","M","R","E","M","T","R","$","E"],"items_purchased_type":["Card"],"build_version":"2020-12-22","purchased_purges":0,"victory":false,"max_hp_per_floor":[80,74,74,74,74,74,74,74,74,74,74,77,77],"relic_stats":{"counters":[6,22],"Golden Idol":17,"Ornamental Fan":[8],"Pantograph":0,"Snecko Eye":[31,32,41,42],"obtain_stats":[{"Golden Idol":2,"Ornamental Fan":7,"Pantograph":9,"Snecko Eye":0,"Burning Blood":0},{"Golden Idol":1,"Ornamental Fan":4,"Pantograph":5,"Snecko Eye":0,"Burning Blood":0},{"Golden Idol":4,"Ornamental Fan":15,"Pantograph":18,"Snecko Eye":0,"Burning Blood":0}]},"card_choices":[{"not_picked":["Havoc","Warcry"],"picked":"Twin Strike","floor":1},{"not_picked":["Havoc","Wild Strike","Twin Strike"],"picked":"SKIP","floor":4},{"not_picked":["Burning Pact","True Grit","Entrench"],"picked":"SKIP","floor":5},{"not_picked":["Warcry","Rampage"],"picked":"Cleave","floor":7},{"not_picked":["Limit Break","Thunderclap"],"picked":"Battle Trance","floor":8}],"player_experience":796916,"relics_obtained":[{"floor":7,"key":"Ornamental Fan"},{"floor":9,"key":"Pantograph"}],"event_choices":[{"damage_healed":0,"gold_gain":0,"player_choice":"Lose Max HP","damage_taken":0,"relics_obtained":["Golden Idol"],"max_hp_gain":0,"max_hp_loss":6,"event_name":"Golden Idol","floor":2,"gold_loss":0},{"cards_removed":["Strike_R"],"damage_healed":0,"gold_gain":0,"player_choice":"Card Removal","damage_taken":7,"max_hp_gain":0,"max_hp_loss":0,"event_name":"Golden Wing","floor":3,"gold_loss":0}],"is_beta":false,"boss_relics":[],"items_purged_floors":[],"is_endless":false,"potions_floor_spawned":[5,8],"killed_by":"3 Sentries","ascension_level":12}}