{"host":"ye7dkdlypz0ka1od","time":1608784709,"event":{"mods":["Act Like it!","Aspiration","BaseMod","Better Third Choice","Gensokyo","Hallownest","Hubris","Infinite Spire","Marisa????????","Minty Spire (QoL Compilation)","Replay The Spire","StSLib","The Runesmith"],"gold_per_floor":[110,128,143,155,230,230,230,230,282,299,317,333,343,362,362,457,457,477,477,477,487,427,427,447,447,447,466,466,466,466,480,480,480,480],"floor_reached":33,"playtime":1223,"items_purged":["Languid"],"score":243,"play_id":"e9020d6e-ead9-44c7-a4c4-22ef69c88625","local_time":"20201223233829","is_ascension_mode":false,"campfire_choices":[{"data":"Runesmith:Fortify","floor":6.0,"key":"SMITH"},{"data":"Runesmith:HeatExchange","floor":8.0,"key":"SMITH"},{"data":"Runesmith:MetallurgicalResearch","floor":23.0,"key":"SMITH"},{"data":"aspiration:UnbridledHammer","floor":25.0,"key":"SMITH"},{"data":"Runesmith:DuctTape","floor":30.0,"key":"SMITH"},{"floor":32,"key":"DIG"}],"circlet_count":0,"master_deck":["infinitespire:Collect+1","Runesmith:Strike_RS","Runesmith:Defend_RS","Runesmith:Defend_RS","Runesmith:CraftFirestone","Runesmith:Fortify+1","Runesmith:CraftIncendium","Runesmith:HeatExchange+1","Runesmith:StaticCage","Runesmith:GoWithTheFlow","Runesmith:LithiumIon+1","Runesmith:LithiumIon+1","Runesmith:MetallurgicalResearch+1","Replay:Sluggish","Runesmith:ChiselStab","aspiration:UnbridledHammer+1","Runesmith:DuctTape+1"],"relics":["Runesmith:BrokenRuby","hubris:Icosahedron","Replay:Mystery Machine","Kintsugi","ReplayTheSpireMod:Shallot","Singing Bowl","Turnip","Replay:Bottled Eggs"],"acts_visited":["Exordium","TheCity"],"potions_floor_usage":[33],"damage_taken":[{"damage":0.0,"enemies":"2 Louse","floor":1.0,"turns":3.0},{"damage":0.0,"enemies":"Small Slimes","floor":2.0,"turns":3.0},{"damage":0.0,"enemies":"Cultist","floor":3.0,"turns":3.0},{"damage":0.0,"enemies":"Gremlin Gang","floor":4.0,"turns":3.0},{"damage":0.0,"enemies":"2 Fungi Beasts","floor":10.0,"turns":2.0},{"damage":6.0,"enemies":"Exordium Thugs","floor":11.0,"turns":3.0},{"damage":0.0,"enemies":"Large Slime","floor":12.0,"turns":4.0},{"damage":0.0,"enemies":"3 Louse","floor":13.0,"turns":1.0},{"damage":8.0,"enemies":"Exordium Wildlife","floor":14.0,"turns":6.0},{"damage":8.0,"enemies":"Slime Boss","floor":16.0,"turns":6.0},{"damage":12.0,"enemies":"2 Thieves","floor":18.0,"turns":3.0},{"damage":0.0,"enemies":"Spheric Guardian","floor":21.0,"turns":3.0},{"damage":14.0,"enemies":"Snake Plant","floor":24.0,"turns":3.0},{"damage":4.0,"enemies":"Centurion and Healer","floor":27.0,"turns":5.0},{"damage":17,"enemies":"Snecko","floor":31,"turns":5},{"damage":48,"enemies":"Automaton","floor":33,"turns":6}],"seed_played":"2875133320183025559","potions_obtained":[{"floor":1.0,"key":"Regen Potion"},{"floor":3.0,"key":"Energy Potion"},{"floor":4.0,"key":"Ancient Potion"},{"floor":12.0,"key":"Fruit Juice"},{"floor":13.0,"key":"DuplicationPotion"},{"floor":24.0,"key":"Reflective Coating"}],"is_trial":false,"path_per_floor":["M","M","M","M","?","R","?","R","T","M","M","M","M","M","R","B",null,"M","?","T","M","?","R","M","R","T","M","?","AVR","R","M","R","B"],"character_chosen":"RUNESMITH_CLASS","items_purchased":[],"campfire_rested":0,"item_purchase_floors":[],"current_hp_per_floor":[77,77,77,77,66,66,66,66,66,66,60,65,65,57,81,73,82,70,70,70,70,70,70,56,56,56,52,52,52,52,37,37,0,0],"gold":480,"neow_bonus":"TEN_PERCENT_HP_BONUS","is_daily":false,"chose_seed":false,"campfire_upgraded":5,"win_rate":0.0,"timestamp":1608784709,"path_taken":["M","M","M","M","?","R","?","R","T","M","M","?","M","?","R","BOSS","M","?","?","M","?","R","M","R","T","M","?","AVR","R","?","R","BOSS"],"items_purchased_type":[],"build_version":"2020-12-22","purchased_purges":1,"victory":false,"max_hp_per_floor":[77,77,77,77,77,77,77,77,77,77,77,82,82,82,82,82,82,82,82,82,82,82,82,82,82,82,82,82,82,82,84,84,84,84],"card_choices":[{"not_picked":["Runesmith:EnergizedChisel","Runesmith:HeatedChisel"],"picked":"Runesmith:CraftIncendium","floor":1.0},{"not_picked":["Runesmith:Retool","Runesmith:CraftProtectio"],"picked":"Runesmith:HeatExchange","floor":2.0},{"not_picked":["Runesmith:Overpower","Runesmith:PerfectChisel"],"picked":"Runesmith:StaticCage","floor":3.0},{"not_picked":["Runesmith:ShiftingStrike","Runesmith:RunicBlueprint","Runesmith:MakeshiftArmor"],"picked":"SKIP","floor":4.0},{"not_picked":["Runesmith:RunicBlueprint","Runesmith:EnergizedChisel"],"picked":"Runesmith:GoWithTheFlow","floor":10.0},{"not_picked":["Runesmith:GoWithTheFlow","Runesmith:CraftSpiculum","Runesmith:GenerateForcefield"],"picked":"SKIP","floor":11.0},{"not_picked":["Runesmith:HeatedChisel","Runesmith:Superposition"],"picked":"Runesmith:LithiumIon","floor":12.0},{"not_picked":["Runesmith:Discharge","Runesmith:RuneHurl","Runesmith:ShiftingStrike"],"picked":"SKIP","floor":13.0},{"not_picked":["Runesmith:StaticCage","Runesmith:CraftMagma"],"picked":"Runesmith:LithiumIon","floor":14.0},{"not_picked":["Runesmith:FissionHammer","Runesmith:GrandSlam"],"picked":"Runesmith:MetallurgicalResearch","floor":16.0},{"not_picked":["Runesmith:Repurpose","Runesmith:ChaoticBlast+1"],"picked":"Runesmith:ChiselStab","floor":18.0},{"not_picked":["Runesmith:HammerThrow","Runesmith:Retool+1","Runesmith:Repurpose+1"],"picked":"SKIP","floor":21.0},{"not_picked":["Runesmith:RuneHurl","Runesmith:NanitesCloud+1"],"picked":"aspiration:UnbridledHammer","floor":24.0},{"not_picked":["Runesmith:RuneHurl","Runesmith:HeatedChisel"],"picked":"Runesmith:DuctTape","floor":27.0},{"not_picked":["Runesmith:CraftProtectio","Runesmith:HeatedChisel","Runesmith:HammerTime+1"],"picked":"Singing Bowl","floor":31}],"player_experience":1413140,"relics_obtained":[{"floor":9.0,"key":"Replay:Mystery Machine"},{"floor":20.0,"key":"ReplayTheSpireMod:Shallot"},{"floor":26.0,"key":"Singing Bowl"},{"floor":32,"key":"Replay:Bottled Eggs"}],"event_choices":[{"damage_healed":0.0,"max_hp_gain":0.0,"max_hp_loss":0.0,"gold_gain":75.0,"event_name":"betterThird:BetterGoop","player_choice":"Gold","floor":5.0,"gold_loss":0.0,"damage_taken":11.0},{"damage_healed":0.0,"max_hp_gain":0.0,"max_hp_loss":0.0,"gold_gain":0.0,"event_name":"Ghosts","player_choice":"Ignored","floor":28.0,"gold_loss":0.0,"damage_taken":0.0}],"is_beta":false,"boss_relics":[{"not_picked":["Honey Jar","hubris:Stopwatch"],"picked":"Kintsugi"}],"items_purged_floors":[29],"is_endless":false,"potions_floor_spawned":[1,3,4,12,13,24,27],"killed_by":"Automaton","ascension_level":0}}