{"host":"baymyijz6sxaqj5s","time":1608830647,"event":{"mods":["AchievementEnabler","BaseMod","Colored Map","Colored Powertips","DeckTracker","KOR Keyword Fix","Keyboard Shortcuts","Minty Spire (QoL Compilation)","Quick Restart","StSLib","SuperFastMode"],"gold_per_floor":[109,127,142,160,173,189,206,206,206,281,281,234,251,265,265,367,367,382,203,192,192,192,192,210,283,333,333,348,361,218,231,231,327,327,344,358,358,371,371,371,371],"floor_reached":40,"playtime":1956,"items_purged":[],"score":430,"play_id":"6bdba736-07ee-4c12-82b9-7cdaea3452e7","local_time":"20201225022407","is_ascension_mode":true,"campfire_choices":[{"data":"Poisoned Stab","floor":8,"key":"SMITH"},{"floor":11,"key":"REST"},{"data":"Backflip","floor":15,"key":"SMITH"},{"data":"After Image","floor":23,"key":"SMITH"},{"floor":27,"key":"REST"},{"floor":32,"key":"REST"}],"circlet_count":0,"master_deck":["Strike_G","Strike_G","Strike_G","Defend_G","Defend_G","Defend_G","Defend_G","Defend_G","Survivor","Neutralize","Outmaneuver","Dodge and Roll","Bane","Deflect","Dodge and Roll","Dagger Spray","Poisoned Stab+1","Backflip+1","After Image+1","All Out Attack+1","Flying Knee","Noxious Fumes","Poisoned Stab+1","Terror+1","Deflect+1","Impatience","Madness","Madness"],"relics":["Ring of the Snake","Sundial","Empty Cage","Oddly Smooth Stone","Pear","Shuriken","Ancient Tea Set","ClockworkSouvenir","Sozu"],"acts_visited":["Exordium","TheCity","TheBeyond"],"potions_floor_usage":[4,6,14,16,20,29,33,35],"damage_taken":[{"damage":0,"enemies":"2 Louse","floor":1,"turns":4},{"damage":1,"enemies":"Jaw Worm","floor":2,"turns":5},{"damage":0,"enemies":"Cultist","floor":3,"turns":5},{"damage":4,"enemies":"Exordium Wildlife","floor":4,"turns":3},{"damage":0,"enemies":"Blue Slaver","floor":5,"turns":7},{"damage":11,"enemies":"Gremlin Gang","floor":6,"turns":10},{"damage":0,"enemies":"2 Fungi Beasts","floor":7,"turns":4},{"damage":2,"enemies":"Blue Slaver","floor":13,"turns":5},{"damage":0,"enemies":"Gremlin Gang","floor":14,"turns":4},{"damage":44,"enemies":"The Guardian","floor":16,"turns":18},{"damage":18,"enemies":"3 Byrds","floor":18,"turns":11},{"damage":24,"enemies":"2 Thieves","floor":20,"turns":4},{"damage":33,"enemies":"Sentry and Sphere","floor":24,"turns":12},{"damage":0,"enemies":"Shelled Parasite and Fungi","floor":28,"turns":10},{"damage":4,"enemies":"Centurion and Healer","floor":29,"turns":9},{"damage":8,"enemies":"Sentry and Sphere","floor":31,"turns":7},{"damage":60,"enemies":"Collector","floor":33,"turns":11},{"damage":32,"enemies":"3 Shapes","floor":35,"turns":7},{"damage":1,"enemies":"3 Darklings","floor":36,"turns":5},{"damage":8,"enemies":"Spire Growth","floor":38,"turns":6},{"damage":52,"enemies":"Giant Head","floor":40,"turns":8}],"seed_played":"1395947284433197794","potions_obtained":[{"floor":3,"key":"DistilledChaos"},{"floor":5,"key":"BlessingOfTheForge"},{"floor":6,"key":"DistilledChaos"},{"floor":14,"key":"BlessingOfTheForge"},{"floor":16,"key":"FearPotion"},{"floor":28,"key":"AttackPotion"},{"floor":29,"key":"Weak Potion"},{"floor":33,"key":"Regen Potion"}],"is_trial":false,"path_per_floor":["M","M","M","M","M","M","M","R","T","?","R","$","M","M","R","B",null,"M","$","M","?","T","R","M","T","T","R","M","M","$","M","R","B",null,"M","M","?","M","?","E"],"character_chosen":"THE_SILENT","items_purchased":["Backflip","Oddly Smooth Stone","Flying Knee","ClockworkSouvenir"],"campfire_rested":3,"item_purchase_floors":[12,19,19,30],"current_hp_per_floor":[77,76,76,72,72,61,61,61,61,50,73,73,71,71,71,27,77,59,59,35,60,70,70,37,37,37,63,63,59,59,51,77,17,87,70,69,69,61,50,0,0],"gold":371,"neow_bonus":"TEN_PERCENT_HP_BONUS","is_daily":false,"chose_seed":false,"campfire_upgraded":3,"win_rate":0.0,"timestamp":1608830647,"path_taken":["M","M","M","M","M","M","M","R","T","?","R","?","?","M","R","BOSS","M","$","M","?","?","R","M","?","T","R","M","M","?","M","R","BOSS","M","M","?","?","?","E"],"items_purchased_type":["Card","Relic","Card","Relic"],"build_version":"2020-12-22","purchased_purges":0,"victory":false,"max_hp_per_floor":[77,77,77,77,77,77,77,77,77,77,77,77,77,77,77,77,77,77,77,77,77,87,87,87,87,87,87,87,87,87,87,87,87,87,87,87,87,87,87,87,87],"card_choices":[{"not_picked":["Acrobatics","Accuracy"],"picked":"Outmaneuver","floor":1},{"not_picked":["Outmaneuver","Dagger Spray"],"picked":"Dodge and Roll","floor":2},{"not_picked":["Reflex","Cloak And Dagger"],"picked":"Bane","floor":3},{"not_picked":["Dagger Throw","Quick Slash"],"picked":"Deflect","floor":4},{"not_picked":["Bullet Time","Blade Dance"],"picked":"Dodge and Roll","floor":5},{"not_picked":["Accuracy","Bane"],"picked":"Dagger Spray","floor":6},{"not_picked":["Prepared","Backflip"],"picked":"Poisoned Stab","floor":7},{"not_picked":["Eviscerate","Riddle With Holes","Accuracy"],"picked":"SKIP","floor":13},{"not_picked":["Dodge and Roll","Outmaneuver","Acrobatics"],"picked":"SKIP","floor":14},{"not_picked":["Night Terror","Corpse Explosion"],"picked":"After Image","floor":16},{"not_picked":["Quick Slash","Blade Dance"],"picked":"All Out Attack+1","floor":18},{"not_picked":["Backstab","Outmaneuver+1","Well Laid Plans+1"],"picked":"SKIP","floor":20},{"not_picked":["Endless Agony","Masterful Stab","Distraction"],"picked":"SKIP","floor":24},{"not_picked":["Skewer+1","Acrobatics"],"picked":"Noxious Fumes","floor":28},{"not_picked":["Prepared","Eviscerate+1","Dodge and Roll"],"picked":"SKIP","floor":29},{"not_picked":["Bane","Acrobatics"],"picked":"Poisoned Stab+1","floor":31},{"not_picked":["Slice","Dodge and Roll"],"picked":"Terror+1","floor":35},{"not_picked":["Dagger Spray","Flying Knee"],"picked":"Deflect+1","floor":36},{"not_picked":["PiercingWail+1","Bane","Masterful Stab+1"],"picked":"SKIP","floor":38}],"player_experience":226546,"relics_obtained":[{"floor":9,"key":"Sundial"},{"floor":22,"key":"Pear"},{"floor":25,"key":"Shuriken"},{"floor":26,"key":"Ancient Tea Set"}],"event_choices":[{"damage_healed":0,"gold_gain":75,"player_choice":"Gather Gold","damage_taken":11,"max_hp_gain":0,"max_hp_loss":0,"event_name":"World of Goop","floor":10,"gold_loss":0},{"damage_healed":25,"gold_gain":0,"player_choice":"Heal","damage_taken":0,"max_hp_gain":0,"max_hp_loss":0,"event_name":"The Library","floor":21,"gold_loss":0},{"damage_healed":0,"gold_gain":0,"player_choice":"1 cards matched","damage_taken":0,"max_hp_gain":0,"max_hp_loss":0,"event_name":"Match and Keep!","floor":37,"gold_loss":0,"cards_obtained":["Impatience"]},{"damage_healed":0,"gold_gain":0,"player_choice":"Embrace Madness","damage_taken":11,"max_hp_gain":0,"max_hp_loss":0,"event_name":"Winding Halls","floor":39,"gold_loss":0,"cards_obtained":["Madness","Madness"]}],"is_beta":false,"boss_relics":[{"not_picked":["Velvet Choker","HoveringKite"],"picked":"Empty Cage"},{"not_picked":["WristBlade","Pandora\u0027s Box"],"picked":"Sozu"}],"items_purged_floors":[],"is_endless":false,"potions_floor_spawned":[3,5,6,14,16,28,29,33,36,38],"killed_by":"Giant Head","ascension_level":1}}