{"host":"0msxzbajcl1c78mb","time":1608788053,"event":{"mods":["AchievementEnabler","BaseMod","Colored Map","Colored Powertips","Highlight Path","Minty Spire (QoL Compilation)","Relic Sorter","Relic Stats","StSLib","The Jungle","everything is the same but u backflip on backflip"],"gold_per_floor":[113,113,124,124,142,169,178,178,178],"floor_reached":8,"playtime":308,"items_purged":[],"score":81,"play_id":"90b3c0b3-e755-4c8c-a1f7-3fa7c3eebc34","local_time":"20201224003413","is_ascension_mode":true,"campfire_choices":[],"circlet_count":0,"master_deck":["Strike_R","Strike_R","Strike_R","Strike_R","Strike_R","Defend_R","Defend_R","Defend_R","Defend_R","Bash","Regret","Cleave","Reaper","Decay"],"relics":["Runic Cube","Self Forming Clay","FaceOfCleric","CeramicFish"],"acts_visited":["Exordium"],"potions_floor_usage":[6],"damage_taken":[{"damage":3,"enemies":"Jaw Worm","floor":1,"turns":5},{"damage":0,"enemies":"Small Slimes","floor":3,"turns":3},{"damage":4,"enemies":"Cultist","floor":5,"turns":4},{"damage":40,"enemies":"3 Sentries","floor":6,"turns":6},{"damage":42,"enemies":"Gremlin Nob","floor":8,"turns":4}],"seed_played":"-7470116466265444586","potions_obtained":[{"floor":3,"key":"LiquidBronze"}],"is_trial":false,"path_per_floor":["M","?","M","?","M","E","?","E"],"character_chosen":"IRONCLAD","items_purchased":[],"campfire_rested":0,"item_purchase_floors":[],"current_hp_per_floor":[69,69,69,69,66,39,39,0,0],"gold":178,"neow_bonus":"BOSS_RELIC","is_daily":false,"chose_seed":false,"campfire_upgraded":0,"win_rate":0.0,"timestamp":1608788053,"path_taken":["M","?","M","?","?","E","?","E"],"items_purchased_type":[],"build_version":"2020-12-22","purchased_purges":0,"victory":false,"max_hp_per_floor":[80,80,80,80,81,82,82,82,82],"relic_stats":{"FaceOfCleric":2,"counters":[5,22],"Self Forming Clay":[33],"CeramicFish":9,"obtain_stats":[{"FaceOfCleric":4,"Self Forming Clay":2,"CeramicFish":6,"Burning Blood":0,"Runic Cube":0},{"FaceOfCleric":2,"Self Forming Clay":1,"CeramicFish":4,"Burning Blood":0,"Runic Cube":0},{"FaceOfCleric":8,"Self Forming Clay":5,"CeramicFish":18,"Burning Blood":0,"Runic Cube":0}],"Runic Cube":[14]},"card_choices":[{"not_picked":["Anger","Thunderclap","Armaments"],"picked":"SKIP","floor":1},{"not_picked":["Anger","Armaments"],"picked":"Cleave","floor":3},{"not_picked":["Hemokinesis","Iron Wave"],"picked":"Reaper","floor":5},{"not_picked":["Reckless Charge","Bloodletting","Sword Boomerang"],"picked":"SKIP","floor":6}],"player_experience":286412,"relics_obtained":[{"floor":6,"key":"CeramicFish"}],"event_choices":[{"damage_healed":0,"gold_gain":0,"player_choice":"Box","damage_taken":0,"relics_obtained":["Self Forming Clay"],"max_hp_gain":0,"max_hp_loss":0,"event_name":"Big Fish","floor":2,"gold_loss":0,"cards_obtained":["Regret"]},{"damage_healed":0,"gold_gain":0,"player_choice":"Trade","damage_taken":0,"relics_obtained":["FaceOfCleric"],"max_hp_gain":0,"max_hp_loss":0,"event_name":"FaceTrader","floor":4,"gold_loss":0},{"damage_healed":0,"gold_gain":0,"player_choice":"Cursed","damage_taken":0,"max_hp_gain":0,"max_hp_loss":0,"event_name":"Wheel of Change","floor":7,"gold_loss":0,"cards_obtained":["Decay"]}],"is_beta":false,"boss_relics":[],"items_purged_floors":[],"is_endless":false,"potions_floor_spawned":[3],"killed_by":"Gremlin Nob","ascension_level":9}}