{"host":"x039aayur7qovk2d","time":1608785837,"event":{"mods":["AchievementEnabler","BaseMod","Block Reminder","Colored Map","Colored Powertips","DeckTracker","Googly Eyes","Highlight Path","Minty Spire (QoL Compilation)","Permanent Neow","Quick Restart","Rare Cards Sparkle","Relic Sorter","Relic Stats"],"gold_per_floor":[117,128,139,151,205,205,235,248,248,268,280,280,25,53,53,156,156,166,182,195,195,195,227,240,271,322,322,334,334,366,9,9,113,113,128,141,156,167,183,215,3,3,3,34,44,77,97,107,107,107,107],"floor_reached":50,"playtime":5686,"items_purged":[],"score":735,"play_id":"07093242-6481-4ac8-8233-049e62195802","local_time":"20201223205717","is_ascension_mode":false,"campfire_choices":[{"floor":6.0,"key":"RECALL"},{"floor":12.0,"key":"REST"},{"data":"1","floor":15.0,"key":"LIFT"},{"data":"2","floor":29.0,"key":"LIFT"},{"data":"3","floor":32.0,"key":"LIFT"},{"data":"After Image","floor":42,"key":"SMITH"},{"floor":49,"key":"REST"}],"circlet_count":0,"master_deck":["Strike_G+1","Strike_G+1","Strike_G+1","Strike_G+1","Strike_G+1","Defend_G+1","Defend_G+1","Defend_G+1","Defend_G+1","Defend_G+1","Survivor","Neutralize","Underhanded Strike","Leg Sweep","Cloak And Dagger","Dagger Throw","Backstab","Bouncing Flask","Blade Dance","Crippling Poison","Envenom","Adrenaline","Prepared","Blur","Dodge and Roll+1","Ghostly","Ghostly","Ghostly","Ghostly","Acrobatics","Bouncing Flask","Choke","Underhanded Strike","Sucker Punch","Deadly Poison","After Image+1","Calculated Gamble+1","Deflect","Eviscerate","Quick Slash","Calculated Gamble+1","Noxious Fumes","Deadly Poison","Quick Slash+1","Poisoned Stab+1","Prepared+1","Infinite Blades","Outmaneuver+1","Quick Slash+1"],"relics":["Ring of the Snake","CaptainsWheel","Oddly Smooth Stone","Boot","Mercury Hourglass","Shuriken","Girya","Busted Crown","Kunai","Bronze Scales","Membership Card","Dream Catcher","MealTicket","Black Star","Blue Candle","Bird Faced Urn","TungstenRod","Unceasing Top","Molten Egg 2","Toy Ornithopter","Sundial","Darkstone Periapt"],"acts_visited":["Exordium","TheCity","TheBeyond"],"potions_floor_usage":[35,36,40,44,44,44,44,48],"damage_taken":[{"damage":0.0,"enemies":"Jaw Worm","floor":1.0,"turns":5.0},{"damage":0.0,"enemies":"2 Louse","floor":2.0,"turns":3.0},{"damage":0.0,"enemies":"Cultist","floor":3.0,"turns":4.0},{"damage":0.0,"enemies":"Gremlin Gang","floor":4.0,"turns":7.0},{"damage":34.0,"enemies":"Lagavulin","floor":7.0,"turns":16.0},{"damage":0.0,"enemies":"Large Slime","floor":8.0,"turns":6.0},{"damage":0.0,"enemies":"Exordium Wildlife","floor":10.0,"turns":2.0},{"damage":3.0,"enemies":"2 Fungi Beasts","floor":11.0,"turns":3.0},{"damage":5.0,"enemies":"3 Sentries","floor":14.0,"turns":5.0},{"damage":21.0,"enemies":"The Guardian","floor":16.0,"turns":9.0},{"damage":4.0,"enemies":"2 Thieves","floor":18.0,"turns":3.0},{"damage":14.0,"enemies":"Shell Parasite","floor":19.0,"turns":4.0},{"damage":8.0,"enemies":"Shelled Parasite and Fungi","floor":20.0,"turns":5.0},{"damage":4.0,"enemies":"Book of Stabbing","floor":23.0,"turns":6.0},{"damage":17.0,"enemies":"Snake Plant","floor":24.0,"turns":3.0},{"damage":0.0,"enemies":"Slavers","floor":25.0,"turns":5.0},{"damage":0.0,"enemies":"Centurion and Healer","floor":28.0,"turns":5.0},{"damage":0.0,"enemies":"Book of Stabbing","floor":30.0,"turns":5.0},{"damage":5.0,"enemies":"Champ","floor":33.0,"turns":11.0},{"damage":0,"enemies":"3 Darklings","floor":35,"turns":4},{"damage":0,"enemies":"3 Shapes","floor":36,"turns":2},{"damage":12,"enemies":"Spire Growth","floor":37,"turns":5},{"damage":2,"enemies":"Sphere and 2 Shapes","floor":38,"turns":6},{"damage":1,"enemies":"4 Shapes","floor":39,"turns":3},{"damage":5,"enemies":"Reptomancer","floor":40,"turns":8},{"damage":4,"enemies":"Giant Head","floor":44,"turns":9},{"damage":18,"enemies":"Spire Growth","floor":45,"turns":5},{"damage":0,"enemies":"Nemesis","floor":46,"turns":7},{"damage":11,"enemies":"Sphere and 2 Shapes","floor":47,"turns":6},{"damage":21,"enemies":"Maw","floor":48,"turns":7},{"damage":39,"enemies":"Awakened One","floor":50,"turns":13}],"seed_played":"-6198287823426787590","potions_obtained":[{"floor":4.0,"key":"Explosive Potion"},{"floor":7.0,"key":"Fruit Juice"},{"floor":10.0,"key":"SkillPotion"},{"floor":11.0,"key":"EssenceOfSteel"},{"floor":14.0,"key":"ColorlessPotion"},{"floor":16.0,"key":"CultistPotion"},{"floor":20.0,"key":"LiquidMemories"},{"floor":23.0,"key":"LiquidBronze"},{"floor":30.0,"key":"Explosive Potion"},{"floor":33.0,"key":"Explosive Potion"},{"floor":35,"key":"FearPotion"},{"floor":39,"key":"EntropicBrew"},{"floor":40,"key":"FairyPotion"},{"floor":46,"key":"SmokeBomb"},{"floor":47,"key":"ColorlessPotion"}],"is_trial":false,"path_per_floor":["M","M","M","M","?","R","E","M","T","M","M","R","$","E","R","B",null,"M","M","M","?","?","E","M","E","T","?","M","R","E","$","R","B",null,"M","M","M","M","M","E","$","R","T","E","M","E","M","M","R","B"],"character_chosen":"THE_SILENT","items_purchased":["Shuriken","Membership Card","Dream Catcher","MealTicket","Sucker Punch","Deadly Poison","Fire Potion","TungstenRod","Noxious Fumes","Deadly Poison"],"campfire_rested":2,"item_purchase_floors":[13,31,31,31,31,31,31,41,41,41],"current_hp_per_floor":[70,70,70,70,70,70,41,41,41,41,38,60,60,55,55,34,75,71,57,49,49,37,33,16,16,16,21,21,21,21,21,21,16,37,37,37,25,23,22,17,32,32,32,37,19,23,14,6,17,0,0],"gold":107,"neow_bonus":"RANDOM_COMMON_RELIC","is_daily":false,"chose_seed":false,"campfire_upgraded":1,"win_rate":0.0,"timestamp":1608785837,"path_taken":["M","M","M","M","?","R","E","M","T","M","M","R","$","E","R","BOSS","M","M","M","?","?","E","M","E","T","?","?","R","E","$","R","BOSS","M","M","M","?","M","E","$","R","T","E","M","E","M","M","R","BOSS"],"items_purchased_type":["Relic","Relic","Relic","Relic","Card","Card","Potion","Relic","Card","Card"],"build_version":"2020-12-22","purchased_purges":0,"victory":false,"max_hp_per_floor":[70,70,70,70,70,70,75,75,75,75,75,75,75,75,75,75,75,75,75,75,75,37,37,37,37,37,37,37,37,37,37,37,37,37,37,37,37,37,37,37,37,37,37,37,37,37,37,37,37,37,37],"relic_stats":{"Darkstone Periapt":0,"counters":[31,181],"Blue Candle":[0],"Boot":[71],"Mercury Hourglass":[480],"Dream Catcher":1,"Busted Crown":42,"Shuriken":[50],"Sundial":[0],"Bronze Scales":[277],"Bird Faced Urn":[26],"MealTicket":15,"Black Star":3,"Kunai":[32],"obtain_stats":[{"Darkstone Periapt":46,"Girya":14,"Blue Candle":40,"Oddly Smooth Stone":0,"Boot":7,"Mercury Hourglass":9,"CaptainsWheel":30,"Dream Catcher":31,"Busted Crown":17,"Shuriken":13,"Sundial":46,"Bronze Scales":25,"Bird Faced Urn":40,"MealTicket":31,"Molten Egg 2":44,"Black Star":34,"Kunai":23,"Membership Card":31,"TungstenRod":41,"Unceasing Top":43,"Toy Ornithopter":44,"Ring of the Snake":0},{"Darkstone Periapt":28,"Girya":9,"Blue Candle":25,"Oddly Smooth Stone":0,"Boot":5,"Mercury Hourglass":6,"CaptainsWheel":18,"Dream Catcher":18,"Busted Crown":10,"Shuriken":8,"Sundial":28,"Bronze Scales":16,"Bird Faced Urn":25,"MealTicket":18,"Molten Egg 2":26,"Black Star":19,"Kunai":14,"Membership Card":18,"TungstenRod":25,"Unceasing Top":25,"Toy Ornithopter":26,"Ring of the Snake":0},{"Darkstone Periapt":156,"Girya":51,"Blue Candle":135,"Oddly Smooth Stone":0,"Boot":35,"Mercury Hourglass":41,"CaptainsWheel":96,"Dream Catcher":96,"Busted Crown":60,"Shuriken":46,"Sundial":156,"Bronze Scales":86,"Bird Faced Urn":135,"MealTicket":96,"Molten Egg 2":144,"Black Star":107,"Kunai":78,"Membership Card":96,"TungstenRod":135,"Unceasing Top":135,"Toy Ornithopter":144,"Ring of the Snake":0}],"TungstenRod":16,"Unceasing Top":[9],"Toy Ornithopter":5,"Ring of the Snake":[62]},"card_choices":[{"not_picked":["Deflect","Bane"],"picked":"Underhanded Strike","floor":1.0},{"not_picked":["PiercingWail","Deflect"],"picked":"Leg Sweep","floor":2.0},{"not_picked":["Finisher","Dagger Throw"],"picked":"Cloak And Dagger","floor":3.0},{"not_picked":["Flying Knee","Doppelganger"],"picked":"Dagger Throw","floor":4.0},{"not_picked":["Blur","Noxious Fumes"],"picked":"Backstab","floor":7.0},{"not_picked":["Distraction","Dodge and Roll"],"picked":"Bouncing Flask","floor":8.0},{"not_picked":["Dagger Throw","Flying Knee"],"picked":"Blade Dance","floor":10.0},{"not_picked":["Dodge and Roll","Blade Dance"],"picked":"Crippling Poison","floor":11.0},{"not_picked":["Accuracy","Well Laid Plans"],"picked":"Envenom","floor":14.0},{"not_picked":["Bullet Time","Malaise"],"picked":"Adrenaline","floor":16.0},{"not_picked":[],"picked":"Prepared","floor":18.0},{"not_picked":[],"picked":"Blur","floor":19.0},{"not_picked":[],"picked":"Dodge and Roll+1","floor":20.0},{"not_picked":[],"picked":"Acrobatics","floor":23.0},{"not_picked":[],"picked":"Bouncing Flask","floor":24.0},{"not_picked":[],"picked":"Choke","floor":25.0},{"not_picked":[],"picked":"Underhanded Strike","floor":28.0},{"not_picked":["Storm of Steel"],"picked":"SKIP","floor":30.0},{"not_picked":[],"picked":"After Image","floor":33.0},{"not_picked":[],"picked":"Calculated Gamble+1","floor":35},{"not_picked":[],"picked":"Deflect","floor":36},{"not_picked":[],"picked":"Eviscerate","floor":37},{"not_picked":["PiercingWail+1"],"picked":"SKIP","floor":38},{"not_picked":[],"picked":"Quick Slash","floor":39},{"not_picked":[],"picked":"Calculated Gamble+1","floor":40},{"not_picked":[],"picked":"Quick Slash+1","floor":44},{"not_picked":[],"picked":"Poisoned Stab+1","floor":45},{"not_picked":[],"picked":"Prepared+1","floor":46},{"not_picked":[],"picked":"Infinite Blades","floor":47},{"not_picked":[],"picked":"Outmaneuver+1","floor":48},{"not_picked":[],"picked":"Quick Slash+1","floor":49}],"player_experience":65488,"relics_obtained":[{"floor":7.0,"key":"Boot"},{"floor":9.0,"key":"Mercury Hourglass"},{"floor":14.0,"key":"Girya"},{"floor":23.0,"key":"Kunai"},{"floor":25.0,"key":"Bronze Scales"},{"floor":30.0,"key":"CaptainsWheel"},{"floor":40,"key":"Blue Candle"},{"floor":40,"key":"Bird Faced Urn"},{"floor":43,"key":"Unceasing Top"},{"floor":44,"key":"Molten Egg 2"},{"floor":44,"key":"Toy Ornithopter"},{"floor":46,"key":"Sundial"},{"floor":46,"key":"Darkstone Periapt"}],"event_choices":[{"damage_healed":0.0,"max_hp_gain":0.0,"max_hp_loss":0.0,"gold_gain":54.0,"event_name":"Golden Wing","player_choice":"Gained Gold","floor":5.0,"gold_loss":0.0,"damage_taken":0.0},{"damage_healed":0.0,"max_hp_gain":0.0,"max_hp_loss":0.0,"gold_gain":0.0,"event_name":"Back to Basics","player_choice":"Simplicity","floor":21.0,"gold_loss":0.0,"damage_taken":0.0,"cards_upgraded":["Strike_G","Strike_G","Strike_G","Strike_G","Strike_G","Defend_G","Defend_G","Defend_G","Defend_G","Defend_G"]},{"damage_healed":0.0,"max_hp_gain":0.0,"max_hp_loss":38.0,"gold_gain":0.0,"event_name":"Ghosts","player_choice":"Became a Ghost","floor":22.0,"gold_loss":0.0,"damage_taken":0.0,"cards_obtained":["Ghostly","Ghostly","Ghostly","Ghostly","Ghostly"]},{"cards_removed":["Ghostly"],"damage_healed":5.0,"max_hp_gain":0.0,"max_hp_loss":0.0,"gold_gain":0.0,"event_name":"Bonfire Elementals","player_choice":"Offered Special","floor":27.0,"gold_loss":0.0,"damage_taken":0.0}],"is_beta":false,"boss_relics":[{"not_picked":["Pandora\u0027s Box","Tiny House"],"picked":"Busted Crown"},{"not_picked":["Empty Cage","Philosopher\u0027s Stone"],"picked":"Black Star"}],"items_purged_floors":[],"is_endless":false,"potions_floor_spawned":[4,7,10,11,14,16,20,23,30,33,35,39,40,46,47],"killed_by":"Awakened One","ascension_level":0}}