{"host":"zxkjcgzis4pm3za5","time":1608833446,"event":{"mods":["AchievementEnabler","BaseMod","Colored Map","Colored Powertips","Minty Spire (QoL Compilation)","Quick Restart","RNG Fix","Random Character Button","StSLib"],"gold_per_floor":[211,211,31,49,49,49,80,96,176,211,211,225,225,81,81,176,176,195,195,195,14,28,60,74,89,89,89,89,123,20,20,20,120,120,131,131,74,74,89,89,103,103,185,218,142,156,156,176,176,176,176,176,0,32,32,32],"floor_reached":55,"playtime":1928,"items_purged":["FlurryOfBlows"],"score":1233,"play_id":"76aa6f4f-2666-40b4-91e1-1997cacd7e50","local_time":"20201224234046","is_ascension_mode":true,"campfire_choices":[{"data":"Vigilance","floor":6.0,"key":"SMITH"},{"data":"Meditate","floor":11.0,"key":"SMITH"},{"data":"Tantrum","floor":13.0,"key":"SMITH"},{"data":"Crescendo","floor":15.0,"key":"SMITH"},{"floor":27.0,"key":"REST"},{"floor":32.0,"key":"REST"},{"data":"Fasting2","floor":40.0,"key":"SMITH"},{"floor":47.0,"key":"REST"},{"floor":49.0,"key":"RECALL"},{"data":"Devotion","floor":52,"key":"SMITH"}],"circlet_count":0,"master_deck":["Eruption+1","Vigilance+1","Consecrate+1","FlurryOfBlows","CutThroughFate","Meditate+1","Crescendo+1","DeusExMachina+1","Tantrum+1","Wish+1","DevaForm","FearNoEvil","Judgement+1","FlyingSleeves","Devotion+1","EmptyBody+1","Ragnarok","Protect+1","Evaluate+1","ClearTheMind+1","Conclude","BowlingBash+1","BattleHymn+1","Evaluate+1","Halt+1","SpiritShield+1","Perseverance+1","Fasting2+1","WheelKick","Swivel+1","Adaptation+1","Prostrate+1","DeceiveReality+1","Sanctity+1","Evaluate+1","Fasting2","CutThroughFate","SashWhip+1","Pray+1","TalkToTheHand","Protect+1"],"relics":["PureWater","OrangePellets","Pear","TeardropLocket","Toxic Egg 2","HandDrill","Pandora\u0027s Box","Nilry\u0027s Codex","Membership Card","MealTicket","Sundial","Strawberry","Damaru","Mercury Hourglass","SlaversCollar","White Beast Statue","Gremlin Horn","Blood Vial","Orrery","ClockworkSouvenir","Kunai"],"acts_visited":["Exordium","TheCity","TheBeyond","TheEnding"],"potions_floor_usage":[50,54,55,55,55],"damage_taken":[{"damage":0.0,"enemies":"2 Louse","floor":1.0,"turns":2.0},{"damage":0.0,"enemies":"Small Slimes","floor":4.0,"turns":3.0},{"damage":0.0,"enemies":"3 Sentries","floor":7.0,"turns":3.0},{"damage":0.0,"enemies":"Cultist","floor":8.0,"turns":2.0},{"damage":0.0,"enemies":"Gremlin Nob","floor":10.0,"turns":2.0},{"damage":0.0,"enemies":"Exordium Wildlife","floor":12.0,"turns":3.0},{"damage":0.0,"enemies":"Slime Boss","floor":16.0,"turns":5.0},{"damage":14.0,"enemies":"2 Thieves","floor":18.0,"turns":2.0},{"damage":0.0,"enemies":"3 Byrds","floor":22.0,"turns":3.0},{"damage":21.0,"enemies":"Gremlin Leader","floor":23.0,"turns":4.0},{"damage":14.0,"enemies":"Snake Plant","floor":24.0,"turns":2.0},{"damage":0.0,"enemies":"Centurion and Healer","floor":25.0,"turns":3.0},{"damage":28.0,"enemies":"Colosseum Slavers","floor":28.0,"turns":2.0},{"damage":0.0,"enemies":"Slavers","floor":29.0,"turns":1.0},{"damage":3.0,"enemies":"Collector","floor":33.0,"turns":4.0},{"damage":11.0,"enemies":"3 Shapes","floor":35.0,"turns":3.0},{"damage":27.0,"enemies":"3 Darklings","floor":39.0,"turns":4.0},{"damage":7.0,"enemies":"Spire Growth","floor":41.0,"turns":3.0},{"damage":12.0,"enemies":"Reptomancer","floor":44.0,"turns":4.0},{"damage":7.0,"enemies":"4 Shapes","floor":46.0,"turns":3.0},{"damage":7.0,"enemies":"Transient","floor":48.0,"turns":5.0},{"damage":27,"enemies":"Time Eater","floor":50,"turns":4},{"damage":39,"enemies":"Shield and Spear","floor":54,"turns":5},{"damage":53,"enemies":"The Heart","floor":55,"turns":6}],"seed_played":"-1899866052370906963","potions_obtained":[{"floor":1.0,"key":"Fire Potion"},{"floor":7.0,"key":"StancePotion"},{"floor":8.0,"key":"Weak Potion"},{"floor":10.0,"key":"DistilledChaos"},{"floor":18.0,"key":"Strength Potion"},{"floor":22.0,"key":"SteroidPotion"},{"floor":23.0,"key":"SmokeBomb"},{"floor":25.0,"key":"DistilledChaos"},{"floor":39.0,"key":"FearPotion"},{"floor":41.0,"key":"Explosive Potion"},{"floor":44.0,"key":"SkillPotion"},{"floor":48.0,"key":"Strength Potion"},{"floor":54,"key":"Block Potion"}],"is_trial":false,"path_per_floor":["M","?","$","M","?","R","E","M","T","E","R","M","R","$","R","B",null,"M","?","T","$","M","E","M","M","T","R","?","E","$","T","R","B",null,"M","?","$","T","M","R","M","?","T","E","$","M","R","M","R","B",null,"R","$","E","B"],"character_chosen":"WATCHER","items_purchased":["OrangePellets","FlurryOfBlows","HandDrill","Membership Card","Evaluate+1","Damaru","Halt+1","Fasting2","WheelKick","Orrery","ClockworkSouvenir","TalkToTheHand","PowerPotion"],"campfire_rested":3,"item_purchase_floors":[3,3,14,21,21,30,30,37,37,45,53,53,53],"current_hp_per_floor":[65,51,51,51,51,51,61,61,61,61,61,61,61,61,61,61,77,63,47,47,47,47,26,12,12,12,36,8,15,30,30,56,53,80,69,69,84,84,57,57,50,50,50,38,53,48,74,69,69,44,78,78,89,50,0,0],"gold":32,"neow_bonus":"HUNDRED_GOLD","is_daily":false,"chose_seed":false,"campfire_upgraded":6,"win_rate":0.0,"timestamp":1608833446,"path_taken":["M","?","$","M","?","R","E","?","T","E","R","?","R","$","R","BOSS","M","?","?","$","M","E","M","?","T","R","?","E","$","?","R","BOSS","M","?","$","?","M","R","M","?","T","E","$","M","R","M","R","BOSS","R","$","E","BOSS"],"items_purchased_type":["Relic","Card","Relic","Relic","Card","Relic","Card","Card","Card","Relic","Relic","Card","Potion"],"build_version":"2020-12-22","purchased_purges":1,"victory":false,"max_hp_per_floor":[72,72,72,72,72,72,82,82,82,82,82,82,82,82,82,82,82,82,82,82,82,82,82,82,82,82,82,82,89,89,89,89,89,89,89,89,89,89,89,89,89,89,89,89,89,89,89,89,89,89,89,89,89,89,89,89],"card_choices":[{"not_picked":["WaveOfTheHand","InnerPeace"],"picked":"Consecrate","floor":1.0},{"not_picked":["FollowUp","FlyingSleeves"],"picked":"CutThroughFate","floor":4.0},{"not_picked":["Worship","FollowUp"],"picked":"Meditate","floor":7.0},{"not_picked":["FollowUp","CrushJoints"],"picked":"Crescendo","floor":8.0},{"not_picked":["Adaptation","Evaluate+1"],"picked":"DeusExMachina+1","floor":10.0},{"not_picked":["CarveReality","Evaluate+1"],"picked":"Tantrum","floor":12.0},{"not_picked":["MasterReality","Judgement+1"],"picked":"Wish+1","floor":16.0},{"not_picked":["Evaluate+1","CarveReality"],"picked":"Protect+1","floor":18.0},{"not_picked":["PathToVictory+1","CarveReality+1"],"picked":"ClearTheMind+1","floor":22.0},{"not_picked":["SandsOfTime","PathToVictory+1"],"picked":"Conclude","floor":23.0},{"not_picked":["WindmillStrike","Evaluate+1"],"picked":"BowlingBash+1","floor":24.0},{"not_picked":["ForeignInfluence+1","FollowUp"],"picked":"BattleHymn+1","floor":25.0},{"not_picked":["EmptyBody+1","SashWhip"],"picked":"Evaluate+1","floor":29.0},{"not_picked":["Blasphemy+1","Wish+1"],"picked":"SpiritShield+1","floor":33.0},{"not_picked":["CrushJoints+1","WreathOfFlame+1"],"picked":"Perseverance+1","floor":35.0},{"not_picked":["PathToVictory+1","Perseverance+1"],"picked":"Swivel+1","floor":39.0},{"not_picked":["ThirdEye+1","FollowUp+1"],"picked":"Adaptation+1","floor":41.0},{"not_picked":["Collect+1","CutThroughFate+1"],"picked":"Prostrate+1","floor":44.0},{"not_picked":["Halt+1","EmptyFist"],"picked":"DeceiveReality+1","floor":45.0},{"not_picked":["Halt+1","Alpha+1"],"picked":"Sanctity+1","floor":45.0},{"not_picked":["FlyingSleeves+1","Collect+1"],"picked":"Evaluate+1","floor":45.0},{"not_picked":["FlyingSleeves+1","CutThroughFate"],"picked":"Fasting2","floor":45.0},{"not_picked":["CrushJoints","Tantrum"],"picked":"CutThroughFate","floor":45.0},{"not_picked":["WreathOfFlame+1","Protect+1"],"picked":"SashWhip+1","floor":46.0},{"not_picked":["Alpha+1","FlurryOfBlows+1"],"picked":"Pray+1","floor":48.0},{"not_picked":["SandsOfTime+1","CutThroughFate"],"picked":"Protect+1","floor":54}],"player_experience":137850,"relics_obtained":[{"floor":7.0,"key":"Pear"},{"floor":9.0,"key":"TeardropLocket"},{"floor":10.0,"key":"Toxic Egg 2"},{"floor":19.0,"key":"Nilry\u0027s Codex"},{"floor":23.0,"key":"MealTicket"},{"floor":26.0,"key":"Sundial"},{"floor":29.0,"key":"Strawberry"},{"floor":31.0,"key":"Mercury Hourglass"},{"floor":38.0,"key":"White Beast Statue"},{"floor":43.0,"key":"Gremlin Horn"},{"floor":44.0,"key":"Blood Vial"},{"floor":54,"key":"Kunai"}],"event_choices":[{"damage_healed":0.0,"max_hp_gain":0.0,"max_hp_loss":0.0,"gold_gain":0.0,"event_name":"Shining Light","player_choice":"Entered Light","floor":2.0,"gold_loss":0.0,"damage_taken":14.0,"cards_upgraded":["Consecrate","Strike_P"]},{"damage_healed":0.0,"max_hp_gain":0.0,"max_hp_loss":0.0,"gold_gain":0.0,"event_name":"Living Wall","player_choice":"Grow","floor":5.0,"gold_loss":0.0,"damage_taken":0.0,"cards_upgraded":["Eruption"]},{"damage_healed":0.0,"max_hp_gain":0.0,"max_hp_loss":0.0,"gold_gain":0.0,"event_name":"Cursed Tome","player_choice":"Obtained Book","floor":19.0,"gold_loss":0.0,"damage_taken":16.0},{"damage_healed":0.0,"max_hp_gain":0.0,"max_hp_loss":0.0,"gold_gain":0.0,"event_name":"Colosseum","player_choice":"Fight","floor":28.0,"gold_loss":0.0,"damage_taken":0.0},{"damage_healed":0.0,"max_hp_gain":0.0,"max_hp_loss":0.0,"gold_gain":0.0,"event_name":"Colosseum","player_choice":"Fled From Nobs","floor":28.0,"gold_loss":0.0,"damage_taken":0.0},{"damage_healed":0.0,"max_hp_gain":0.0,"max_hp_loss":0.0,"gold_gain":0.0,"event_name":"Tomb of Lord Red Mask","player_choice":"Ignored","floor":36.0,"gold_loss":0.0,"damage_taken":0.0},{"damage_healed":0.0,"max_hp_gain":0.0,"max_hp_loss":0.0,"gold_gain":0.0,"event_name":"SensoryStone","player_choice":"Memory 1","floor":42.0,"gold_loss":0.0,"damage_taken":0.0}],"is_beta":false,"boss_relics":[{"not_picked":["Cursed Key","Sozu"],"picked":"Pandora\u0027s Box"},{"not_picked":["Velvet Choker","Runic Dome"],"picked":"SlaversCollar"}],"items_purged_floors":[53],"is_endless":false,"potions_floor_spawned":[1,7,8,10,18,22,23,25,39,41,44,46,48,54],"killed_by":"The Heart","ascension_level":9}}