{"host":"sav7uxregyirlf69","time":1608778199,"event":{"mods":["AchievementEnabler","BaseMod","Colored Map","DeckTracker","Keyboard Shortcuts","Minty Spire (QoL Compilation)","READ ME - Guardian Mod","StSLib","SuperFastMode"],"gold_per_floor":[110,27,27,27,27,52,66,83,83,103,103,114,129,4,4,105,105,124,141,155,155,4,4,37,37,37,37,37,37],"floor_reached":28,"playtime":620,"items_purged":["Strike_B"],"score":420,"play_id":"5b3f6bdc-f91d-4155-b166-e10082e6a5b8","local_time":"20201224114959","is_ascension_mode":true,"campfire_choices":[{"data":"Reprogram","floor":15,"key":"SMITH"},{"data":"Zap","floor":23,"key":"SMITH"},{"data":"Turbo","floor":27,"key":"SMITH"}],"circlet_count":0,"master_deck":["AscendersBane","Strike_B","Defend_B+1","Defend_B","Defend_B","Zap+1","Dualcast","Leap+1","Flash of Steel","Reprogram+1","Fusion+1","Genetic Algorithm","Compile Driver","Conserve Battery","Sweeping Beam","Steam","Core Surge","Go for the Eyes","Compile Driver","Coolheaded+1","Turbo+1","Echo Form","Gash+1","Injury"],"relics":["Cracked Core","NeowsBlessing","Darkstone Periapt","Question Card","Cursed Key","Lee\u0027s Waffle","Meat on the Bone","Singing Bowl"],"acts_visited":["Exordium","TheCity"],"potions_floor_usage":[13,13,16,16,16,20],"damage_taken":[{"damage":0,"enemies":"Small Slimes","floor":1,"turns":1},{"damage":0,"enemies":"3 Sentries","floor":6,"turns":1},{"damage":0,"enemies":"Jaw Worm","floor":7,"turns":1},{"damage":2,"enemies":"Cultist","floor":8,"turns":5},{"damage":19,"enemies":"Large Slime","floor":10,"turns":6},{"damage":2,"enemies":"Red Slaver","floor":12,"turns":4},{"damage":6,"enemies":"Gremlin Gang","floor":13,"turns":4},{"damage":30,"enemies":"The Guardian","floor":16,"turns":13},{"damage":11,"enemies":"3 Byrds","floor":18,"turns":6},{"damage":8,"enemies":"Chosen","floor":19,"turns":5},{"damage":28,"enemies":"3 Cultists","floor":20,"turns":6},{"damage":24,"enemies":"Book of Stabbing","floor":24,"turns":6},{"damage":53,"enemies":"Slavers","floor":28,"turns":2}],"seed_played":"4112556520945570799","potions_obtained":[{"floor":1,"key":"LiquidMemories"},{"floor":8,"key":"LiquidMemories"},{"floor":10,"key":"FocusPotion"},{"floor":13,"key":"Regen Potion"},{"floor":19,"key":"Swift Potion"},{"floor":20,"key":"Fire Potion"}],"is_trial":false,"path_per_floor":["M","$","?","?","?","E","M","M","T","M","?","M","M","$","R","B",null,"M","M","M","?","$","R","E","?","T","R","E"],"character_chosen":"DEFECT","items_purchased":["Flash of Steel","PowerPotion","Lee\u0027s Waffle"],"campfire_rested":0,"item_purchase_floors":[2,14,22],"current_hp_per_floor":[68,68,73,57,57,57,57,55,55,36,36,34,28,28,28,13,63,52,44,16,16,87,87,63,46,52,52,0,0],"gold":37,"neow_bonus":"THREE_ENEMY_KILL","is_daily":false,"chose_seed":false,"campfire_upgraded":3,"win_rate":0.0,"timestamp":1608778199,"path_taken":["M","$","?","?","?","E","M","M","T","?","?","M","?","$","R","BOSS","M","?","M","?","$","R","E","?","T","R","E"],"items_purchased_type":["Card","Potion","Relic"],"build_version":"2020-12-22","purchased_purges":1,"victory":false,"max_hp_per_floor":[75,75,80,80,80,80,80,80,80,80,80,80,80,80,80,80,80,80,80,80,80,87,87,87,92,98,98,98,98],"card_choices":[{"not_picked":["Steam Power","Turbo"],"picked":"Leap","floor":1},{"not_picked":["Stack","Barrage"],"picked":"Fusion","floor":6},{"not_picked":["Cold Snap","Ball Lightning"],"picked":"Genetic Algorithm","floor":7},{"not_picked":["Static Discharge","Ball Lightning"],"picked":"Compile Driver","floor":8},{"not_picked":["Turbo","Ball Lightning","Storm"],"picked":"Conserve Battery","floor":10},{"not_picked":["Lockon","Redo","Turbo"],"picked":"Sweeping Beam","floor":12},{"not_picked":["Blizzard","Capacitor","Leap"],"picked":"Steam","floor":13},{"not_picked":["Seek","Reboot","Biased Cognition"],"picked":"Core Surge","floor":16},{"not_picked":["Redo","Rebound","Undo"],"picked":"Go for the Eyes","floor":18},{"not_picked":["Barrage","Rebound","Sunder"],"picked":"Compile Driver","floor":19},{"not_picked":["Sweeping Beam","Redo+1","Genetic Algorithm"],"picked":"Coolheaded+1","floor":20},{"not_picked":["Capacitor","Recycle","Biased Cognition"],"picked":"Gash+1","floor":24}],"player_experience":995761,"relics_obtained":[{"floor":6,"key":"Darkstone Periapt"},{"floor":9,"key":"Question Card"},{"floor":24,"key":"Meat on the Bone"},{"floor":26,"key":"Singing Bowl"}],"event_choices":[{"damage_healed":0,"gold_gain":0,"player_choice":"Donut","damage_taken":0,"max_hp_gain":5,"max_hp_loss":0,"event_name":"Big Fish","floor":3,"gold_loss":0},{"damage_healed":0,"gold_gain":0,"player_choice":"Entered Light","damage_taken":16,"max_hp_gain":0,"max_hp_loss":0,"event_name":"Shining Light","floor":4,"gold_loss":0,"cards_upgraded":["Leap","Defend_B"]},{"damage_healed":0,"gold_gain":0,"cards_transformed":["Strike_B"],"player_choice":"Transformed","damage_taken":0,"max_hp_gain":0,"max_hp_loss":0,"event_name":"Transmorgrifier","floor":5,"gold_loss":0,"cards_obtained":["Reprogram"]},{"damage_healed":0,"gold_gain":0,"player_choice":"Upgraded","damage_taken":0,"max_hp_gain":0,"max_hp_loss":0,"event_name":"Upgrade Shrine","floor":11,"gold_loss":0,"cards_upgraded":["Fusion"]},{"damage_healed":0,"gold_gain":0,"cards_transformed":["Strike_B","Defend_B"],"player_choice":"Became Test Subject","damage_taken":0,"max_hp_gain":0,"max_hp_loss":0,"event_name":"Drug Dealer","floor":21,"gold_loss":0,"cards_obtained":["Turbo","Echo Form"]},{"damage_healed":0,"gold_gain":0,"player_choice":"Shed Blood","damage_taken":22,"max_hp_gain":5,"max_hp_loss":0,"event_name":"Forgotten Altar","floor":25,"gold_loss":0}],"is_beta":false,"boss_relics":[{"not_picked":["FrozenCore","Inserter"],"picked":"Cursed Key"}],"items_purged_floors":[14],"is_endless":false,"potions_floor_spawned":[1,8,10,13,19,20],"killed_by":"Slavers","ascension_level":10}}