{"host":"kdt6w7ix8lwe69i9","time":1608828827,"event":{"mods":["Bartender","BaseMod","Downfall","Fiend Mod","Jorbs\u0027s Wanderer Trilogy","Minty Spire (QoL Compilation)","Reimu（博丽灵梦）","Robot Space Explorer","StSLib","The Cursed","The Disciple","The Dragon Tamer","The Druid","The Elementalist","The Forsaken","The Gatherer","The Judge","TheBandit"],"gold_per_floor":[115,115,115,132,60,89,89,0,46,46,73,91,156,168,168,265,265,278,288,65,85,85,85,114,134,158,1,14,43,43,54,54,156,156,174,174,174,191,208,208,208],"floor_reached":40,"playtime":5374,"items_purged":[],"score":486,"play_id":"783c5647-3f3b-4dc7-b67e-010b43329e7e","local_time":"20201224115347","is_ascension_mode":false,"campfire_choices":[{"data":"theForsaken:BattleHymn","floor":7,"key":"SMITH"},{"data":"theForsaken:WrathOfGod","floor":10,"key":"SMITH"},{"floor":15,"key":"REST"},{"data":"theForsaken:TearsOfSunlight","floor":23,"key":"SMITH"},{"data":"theForsaken:SpreadingPlague","floor":32,"key":"SMITH"}],"circlet_count":0,"master_deck":["theForsaken:Smite+1","theForsaken:Penitence","theForsaken:Thunderbolt","Regret","theForsaken:DefensiveStance","theForsaken:MagicWeapon","theForsaken:BattleHymn+1","theForsaken:WrathOfGod+2","theForsaken:CreepingInfection+1","theForsaken:HealingLight+1","theForsaken:BattleHymn","theForsaken:Riposte","theForsaken:NobleSacrifice+1","theForsaken:TearsOfSunlight+1","theForsaken:StoreUp+1","theForsaken:Tranquility+1","theForsaken:DarkRift","theForsaken:SpreadingPlague+1","theForsaken:Devotion+1","theForsaken:PreciseStrike","theForsaken:WrathOfGod","theForsaken:DarkBargain","theForsaken:Terrorize+1","theForsaken:ChargeAttack+1","theForsaken:InspiringBlow","theForsaken:QuickAttack","theForsaken:Backlash+1","theForsaken:FatRoll+1","theForsaken:FatRoll+1","theForsaken:HealingLight+1","theForsaken:AncientWords","theForsaken:Confusion","theForsaken:BottledPlague+1","Madness+1","Madness+1","theForsaken:DarkRift","theForsaken:ShieldCharge","theForsaken:BlessedWeapon+1","theForsaken:WardingHymn+1"],"relics":["theForsaken:JudgementScales","NeowsBlessing","Boot","Toxic Egg 2","MealTicket","Orichalcum","Ornamental Fan","Pandora\u0027s Box","Whetstone","Nunchaku","Strawberry","Lee\u0027s Waffle","Oddly Smooth Stone","Cursed Key"],"acts_visited":["Exordium","TheCity","TheBeyond"],"potions_floor_usage":[11,13,19,21,29,31,31,35,39],"damage_taken":[{"damage":0,"enemies":"Small Slimes","floor":1,"turns":1},{"damage":1,"enemies":"2 Louse","floor":4,"turns":2},{"damage":0,"enemies":"Gremlin Nob","floor":6,"turns":1},{"damage":34,"enemies":"Lagavulin","floor":11,"turns":6},{"damage":11,"enemies":"Jaw Worm","floor":12,"turns":4},{"damage":25,"enemies":"3 Sentries","floor":13,"turns":9},{"damage":10,"enemies":"2 Fungi Beasts","floor":14,"turns":4},{"damage":47,"enemies":"The Guardian","floor":16,"turns":11},{"damage":19,"enemies":"Spheric Guardian","floor":18,"turns":5},{"damage":13,"enemies":"Shell Parasite","floor":19,"turns":6},{"damage":32,"enemies":"Sentry and Sphere","floor":21,"turns":6},{"damage":92,"enemies":"Gremlin Leader","floor":24,"turns":9},{"damage":33,"enemies":"Centurion and Healer","floor":25,"turns":11},{"damage":33,"enemies":"Cultist and Chosen","floor":28,"turns":9},{"damage":42,"enemies":"Slavers","floor":29,"turns":6},{"damage":22,"enemies":"Shelled Parasite and Fungi","floor":31,"turns":6},{"damage":79,"enemies":"Champ","floor":33,"turns":14},{"damage":21,"enemies":"3 Shapes","floor":35,"turns":8},{"damage":22,"enemies":"Orb Walker","floor":38,"turns":6},{"damage":43,"enemies":"Transient","floor":39,"turns":5},{"damage":58,"enemies":"Reptomancer","floor":40,"turns":2}],"seed_played":"7321358577186326804","potions_obtained":[{"floor":6,"key":"Explosive Potion"},{"floor":12,"key":"theForsaken:FearPotion"},{"floor":18,"key":"AttackPotion"},{"floor":19,"key":"AttackPotion"},{"floor":25,"key":"sneckomod:MuddlingPotion"},{"floor":29,"key":"Block Potion"},{"floor":30,"key":"DistilledChaos"},{"floor":30,"key":"Ancient Potion"}],"is_trial":false,"path_per_floor":["M","?","?","M","$","E","R","$","T","R","E","M","?","M","R","B",null,"M","M","$","M","?","R","E","M","T","$","M","E","?","M","R","B",null,"M","?","?","M","M","E"],"character_chosen":"THE_FORSAKEN","items_purchased":["theForsaken:MagicWeapon","theForsaken:WrathOfGod","theForsaken:CreepingInfection+1","Whetstone","theForsaken:InspiringBlow","Lee\u0027s Waffle"],"campfire_rested":1,"item_purchase_floors":[5,8,8,20,20,27],"current_hp_per_floor":[65,65,65,64,64,64,64,64,64,64,42,33,22,12,31,22,65,50,55,65,65,65,65,27,20,27,79,58,53,53,79,79,79,79,79,69,69,79,50,0,0],"gold":208,"neow_bonus":"THREE_ENEMY_KILL","is_daily":false,"chose_seed":false,"campfire_upgraded":4,"win_rate":0.0,"timestamp":1608828827,"path_taken":["M","?","?","M","?","E","R","$","T","R","E","M","?","?","R","BOSS","M","M","$","?","?","R","E","M","T","?","M","E","?","?","R","BOSS","M","?","?","M","?","E"],"items_purchased_type":["Card","Card","Card","Relic","Card","Relic"],"build_version":"2020-12-22","purchased_purges":0,"victory":false,"max_hp_per_floor":[65,65,65,65,65,65,65,65,65,65,65,65,65,65,65,65,65,65,65,65,65,65,65,65,65,72,79,79,79,79,79,79,79,79,79,79,79,79,79,79,79],"card_choices":[{"not_picked":["theForsaken:FatRoll","theForsaken:BountifulSunlight"],"picked":"theForsaken:Thunderbolt","floor":1},{"not_picked":["theForsaken:SolarFlare","theForsaken:SiphonStrike"],"picked":"theForsaken:DefensiveStance","floor":4},{"not_picked":["theForsaken:DarkBarrier+1","theForsaken:ShieldBash"],"picked":"theForsaken:BattleHymn","floor":6},{"not_picked":["theForsaken:FatRoll+1","theForsaken:Parry+1"],"picked":"theForsaken:HealingLight+1","floor":11},{"not_picked":["theForsaken:SolarFlare","theForsaken:ShieldCharge"],"picked":"theForsaken:BattleHymn","floor":12},{"not_picked":["theForsaken:ShieldBash","theForsaken:Preservation+1"],"picked":"theForsaken:Riposte","floor":13},{"not_picked":["theForsaken:MagicWeapon","theForsaken:WordsOfPestilence"],"picked":"theForsaken:NobleSacrifice+1","floor":14},{"not_picked":["theForsaken:SpreadingPlague","theForsaken:CorruptedForm"],"picked":"theForsaken:TearsOfSunlight","floor":16},{"not_picked":["theForsaken:Preservation+1","theForsaken:BlessedWeapon+1"],"picked":"theForsaken:Terrorize+1","floor":18},{"not_picked":["theForsaken:FuryStrikes","theForsaken:HorrifyingStrike+1"],"picked":"theForsaken:ChargeAttack","floor":19},{"not_picked":["theForsaken:Tranquility+1","theForsaken:SpinAttack"],"picked":"theForsaken:QuickAttack","floor":21},{"not_picked":["theForsaken:PreciseStrike","theForsaken:ChargeAttack"],"picked":"theForsaken:Backlash+1","floor":24},{"not_picked":["theForsaken:InspiringBlow+1","theForsaken:CreepingInfection+1"],"picked":"theForsaken:FatRoll+1","floor":25},{"not_picked":["theForsaken:ChargeAttack","theForsaken:HymnOfRest+1"],"picked":"theForsaken:FatRoll+1","floor":28},{"not_picked":["theForsaken:TearsOfSunlight","theForsaken:FountainOfLife"],"picked":"theForsaken:HealingLight+1","floor":29},{"not_picked":["theForsaken:NobleSacrifice+1","theForsaken:ShieldCharge"],"picked":"theForsaken:AncientWords","floor":31},{"not_picked":["theForsaken:FountainOfLife","theForsaken:Temperance"],"picked":"theForsaken:Confusion","floor":33},{"not_picked":["theForsaken:BlindFaith+1","theForsaken:Devotion+1"],"picked":"theForsaken:BottledPlague+1","floor":35},{"not_picked":["theForsaken:CreepingInfection+1","theForsaken:QuickAttack+1"],"picked":"theForsaken:BlessedWeapon+1","floor":38},{"not_picked":["theForsaken:Terrorize+1","theForsaken:DarkBarrier+1"],"picked":"theForsaken:WardingHymn+1","floor":39}],"player_experience":1603207,"relics_obtained":[{"floor":6,"key":"Toxic Egg 2"},{"floor":9,"key":"MealTicket"},{"floor":11,"key":"Orichalcum"},{"floor":13,"key":"Ornamental Fan"},{"floor":24,"key":"Nunchaku"},{"floor":26,"key":"Strawberry"},{"floor":29,"key":"Oddly Smooth Stone"}],"event_choices":[{"damage_healed":0,"gold_gain":0,"player_choice":"Grow","damage_taken":0,"max_hp_gain":0,"max_hp_loss":0,"event_name":"Living Wall","floor":2,"gold_loss":0,"cards_upgraded":["theForsaken:Smite"]},{"damage_healed":0,"gold_gain":0,"player_choice":"Box","damage_taken":0,"relics_obtained":["Boot"],"max_hp_gain":0,"max_hp_loss":0,"event_name":"Big Fish","floor":3,"gold_loss":0,"cards_obtained":["Regret"]},{"damage_healed":0,"gold_gain":30,"player_choice":"Searched \u00273\u0027 times","damage_taken":0,"max_hp_gain":0,"max_hp_loss":0,"event_name":"Dead Adventurer","floor":13,"gold_loss":0},{"damage_healed":0,"gold_gain":0,"player_choice":"Ignored","damage_taken":0,"max_hp_gain":0,"max_hp_loss":0,"event_name":"NoteForYourself","floor":22,"gold_loss":0},{"damage_healed":0,"gold_gain":0,"player_choice":"Got Potions","damage_taken":0,"max_hp_gain":0,"max_hp_loss":0,"event_name":"Lab","floor":30,"gold_loss":0},{"damage_healed":0,"gold_gain":0,"player_choice":"Embrace Madness","damage_taken":10,"max_hp_gain":0,"max_hp_loss":0,"event_name":"Winding Halls","floor":36,"gold_loss":0,"cards_obtained":["Madness","Madness"]},{"damage_healed":0,"gold_gain":0,"player_choice":"2 cards matched","damage_taken":0,"max_hp_gain":0,"max_hp_loss":0,"event_name":"Match and Keep!","floor":37,"gold_loss":0,"cards_obtained":["theForsaken:DarkRift","theForsaken:ShieldCharge"]}],"is_beta":false,"boss_relics":[{"not_picked":["Fiend:Scarf","Silver_Glasses"],"picked":"Pandora\u0027s Box"},{"not_picked":["Runic Dome","Empty Cage"],"picked":"Cursed Key"}],"items_purged_floors":[],"is_endless":false,"potions_floor_spawned":[6,12,18,19,25,29],"killed_by":"Reptomancer","ascension_level":0}}