{"host":"lytueob6x0yvfkof","time":1608800644,"event":{"mods":["Act Like it!","Aspiration","Bard","BaseMod","Beaked The Cultist","Colored Map","Conspire","Downfall","Glutton Mod","Halation","Hallownest","HololiveMod","Hubris","Infinite Spire","Jedi Mod","Mad Scientist","Marisa????????","Mimic Mod","Minty Spire (QoL Compilation)","Potionbrewer","Reimu??????","Remilia??????","Replay The Spire","Somnambulant","StSLib","The Bug Knight","The Clintock","The Construct","The Cursed","The Disciple","The Elementalist","The Exalted","The Forsaken","The Hierophant","The Jungle","The Mystic","The Runesmith","The Servant 0.9.4","TheArtist","TheBandit","Yuyuko","vexMod"],"gold_per_floor":[80,30,42,58,92,121,121,154,154,24,44,6,6,18,18,138,138,152,152,170,186,204,204,235,235,235,235,263,263,280,128,128,229,229,271,271,271,289,289,289,305,318,318,330,346,271,271,283,283,291,291],"floor_reached":50,"playtime":3451,"items_purged":["Hololive_CallYogiri"],"score":696,"play_id":"9d3dcd8d-32f8-4524-934e-32d695a23728","local_time":"20201224090404","is_ascension_mode":false,"campfire_choices":[{"data":"Hololive_CallHimemoriLuna","floor":7,"key":"SMITH"},{"data":"Hololive_CallAZKi","floor":13,"key":"SMITH"},{"data":"Hololive_CallInugamiKorone","floor":15,"key":"SMITH"},{"data":"Hololive_OvertimeWork","floor":23,"key":"SMITH"},{"data":"Hololive_CallHimemoriLuna","floor":27,"key":"SMITH"},{"data":"Hololive_CallHimemoriLuna","floor":29,"key":"SMITH"},{"data":"Hololive_CallMurasakiShion","floor":32,"key":"SMITH"},{"data":"Hololive_CallYozoraMel","floor":40,"key":"SMITH"},{"data":"Panacea","floor":47,"key":"SMITH"},{"data":"Hololive_CallNakiriAyame","floor":49,"key":"PURGE"}],"circlet_count":0,"master_deck":["Hololive_Strike","Hololive_Strike","Hololive_Defend","Hololive_Defend","Hololive_Rebound","Hololive_CallTokoyamiTowa","Hololive_CallInugamiKorone+1","Hololive_CallTsunomakiWatame","Hololive_FlyingPonyTail","conspire:SpireCoStock","Hololive_CallMurasakiShion+1","Hololive_CallYozoraMel+1","Hololive_CallHimemoriLuna+1","Hololive_CallHimemoriLuna+1","Hololive_CallAZKi+1","Hololive_CallOzoraSubaru+1","Hololive_CocoNews+1","Hololive_CallMoonaHoshinova","Hololive_CallHoshimachiSuisei+1","Hololive_IdolExercise+1","Hololive_OvertimeWork+1","Hololive_IdolExercise+1","Hololive_CallTokoyamiTowa+1","Hololive_CallHimemoriLuna+1","Hololive_MaximGun+1","Hololive_CallDoris+1","Hololive_IdolExercise+1","Hololive_CocoNews+1","Panacea+1","Parasite","Hololive_BringToTrial+1"],"relics":["Hololive_TheStar","Golden Egg","aspiration:HummingbirdHeart","Runic Pyramid","Nloth\u0027s Gift","Bag of Marbles","infinitespire:Midas Blood","Chameleon Ring","conspire:TreasureMap","aspiration:IroncladSkillbook","FossilizedHelix"],"acts_visited":["Exordium","TheCity","TheBeyond"],"potions_floor_usage":[50],"damage_taken":[{"damage":0,"enemies":"Cultist","floor":1,"turns":3},{"damage":0,"enemies":"Jaw Worm","floor":3,"turns":4},{"damage":0,"enemies":"conspire:RoseBush","floor":4,"turns":3},{"damage":0,"enemies":"conspire:2 RoseBushes","floor":5,"turns":5},{"damage":0,"enemies":"3 Sentries","floor":6,"turns":6},{"damage":0,"enemies":"Gremlin Nob","floor":8,"turns":4},{"damage":0,"enemies":"2 Fungi Beasts","floor":11,"turns":3},{"damage":0,"enemies":"Looter","floor":14,"turns":2},{"damage":0,"enemies":"The Guardian","floor":16,"turns":6},{"damage":0,"enemies":"Chosen","floor":18,"turns":4},{"damage":0,"enemies":"conspire:FuzzyDice","floor":20,"turns":5},{"damage":0,"enemies":"Snake Plant","floor":21,"turns":4},{"damage":0,"enemies":"Shelled Parasite and Fungi","floor":22,"turns":4},{"damage":0,"enemies":"Replay:Snechameleon","floor":24,"turns":5},{"damage":0,"enemies":"conspire:SneckoGhost","floor":28,"turns":3},{"damage":0,"enemies":"Centurion and Healer","floor":30,"turns":4},{"damage":0,"enemies":"conspire:MysteriousRune","floor":33,"turns":5},{"damage":0,"enemies":"3 Darklings","floor":35,"turns":5},{"damage":0,"enemies":"3 Shapes","floor":38,"turns":2},{"damage":0,"enemies":"Transient","floor":41,"turns":5},{"damage":0,"enemies":"Spire Growth","floor":42,"turns":4},{"damage":0,"enemies":"Writhing Mass","floor":44,"turns":4},{"damage":0,"enemies":"4 Shapes","floor":45,"turns":5},{"damage":0,"enemies":"Jaw Worm Horde","floor":48,"turns":3},{"damage":44,"enemies":"Donu and Deca","floor":50,"turns":10}],"seed_played":"6655519218690100592","potions_obtained":[{"floor":1,"key":"PowerPotion"},{"floor":5,"key":"Reflective Coating"},{"floor":8,"key":"Venom Potion"}],"is_trial":false,"path_per_floor":["M","?","M","M","M","E","R","E","T","$","M","$","R","M","R","B",null,"M","?","M","M","M","R","E","?","T","R","E","R","M","$","R","B",null,"M","?","?","M","?","R","M","M","T","M","M","$","R","M","R_BF","B"],"character_chosen":"Hololive_HololiveCharacter","items_purchased":["Hololive_CallOzoraSubaru","Hololive_CocoNews","Hololive_CallHoshimachiSuisei","conspire:TreasureMap"],"campfire_rested":0,"item_purchase_floors":[10,10,12,31],"current_hp_per_floor":[38,38,38,38,38,38,38,38,38,38,38,38,38,38,38,38,38,38,38,38,38,38,38,38,38,38,38,38,38,38,38,38,38,38,38,38,38,38,38,38,38,38,38,38,38,38,38,38,38,0,0],"gold":291,"neow_bonus":"TEN_PERCENT_HP_BONUS","is_daily":false,"chose_seed":false,"campfire_upgraded":9,"win_rate":0.0,"timestamp":1608800644,"path_taken":["M","?","M","M","M","E","R","E","T","?","M","$","R","M","R","BOSS","M","?","M","M","?","R","E","?","T","R","E","R","M","$","R","BOSS","M","?","?","M","?","R","M","?","T","M","M","$","R","M","R_BF","BOSS"],"items_purchased_type":["Card","Card","Card","Relic"],"build_version":"2020-12-22","purchased_purges":1,"victory":false,"max_hp_per_floor":[38,38,38,38,38,38,38,38,38,38,38,38,38,38,38,38,38,38,38,38,38,38,38,38,38,38,38,38,38,38,38,38,38,38,38,38,38,38,38,38,38,38,38,38,38,38,38,38,38,38,38],"card_choices":[{"not_picked":["Hololive_Breathe","Hololive_CallShiranuiFlare","Hololive_Trident"],"picked":"Hololive_FlyingPonyTail","floor":1},{"not_picked":["Hololive_Trident","Hololive_Rebound","Hololive_OvertimeWork"],"picked":"Hololive_CallMurasakiShion","floor":3},{"not_picked":["Hololive_Trident","Hololive_FlyingPonyTail","Hololive_CallShiranuiFlare"],"picked":"Hololive_CallYozoraMel","floor":4},{"not_picked":["Hololive_RevenueBasedLive","Hololive_OvertimeWork","Hololive_Breathe"],"picked":"Hololive_CallHimemoriLuna","floor":5},{"not_picked":["Hololive_Trident","Hololive_CallHoshimachiSuisei","Hololive_LuckPotion"],"picked":"Hololive_CallHimemoriLuna","floor":6},{"not_picked":["Hololive_CallShishiroBotan","Hololive_MaximGun","Hololive_Rebound"],"picked":"Hololive_CallAZKi","floor":8},{"not_picked":["Hololive_StrengthChampion","Hololive_Breathe","Hololive_HuntDinosaur"],"picked":"Hololive_CallMoonaHoshinova","floor":11},{"not_picked":["Hololive_CallUruhaRushia","Hololive_Rebound","Hololive_StrengthChampion","Hololive_CocoNews"],"picked":"SKIP","floor":14},{"not_picked":["Hololive_FlareMind","Hololive_HighAtkLowDef","Hololive_ScarfAndHalo"],"picked":"Hololive_IdolExercise","floor":16},{"not_picked":["Hololive_StrengthChampion+1","Hololive_FlyingPonyTail+1","Hololive_Drill"],"picked":"Hololive_OvertimeWork","floor":18},{"not_picked":["Hololive_CallRoboco","Hololive_Trident+1","Hololive_CallMomosuzuNene"],"picked":"Hololive_IdolExercise","floor":20},{"not_picked":["Hololive_FlyingPonyTail","Hololive_CocoNews","Hololive_RevenueBasedLive"],"picked":"Hololive_CallTokoyamiTowa+1","floor":21},{"not_picked":["Hololive_Drill+1","Hololive_CallMurasakiShion","Hololive_Trident"],"picked":"Hololive_CallHimemoriLuna","floor":22},{"not_picked":["Hololive_Trident","Hololive_HuntDinosaur","Hololive_OpenUp"],"picked":"Hololive_MaximGun","floor":24},{"not_picked":["Hololive_CallNakiriAyame","Hololive_CallMinatoAqua","Hololive_CallAmaneKanata+1"],"picked":"Hololive_CallDoris+1","floor":28},{"not_picked":["Hololive_CallUruhaRushia","Hololive_HuntDinosaur","Hololive_FlyingPonyTail+1","Hololive_LuckPotion"],"picked":"SKIP","floor":30},{"not_picked":["Hololive_MaximGun","Hololive_StarCraft","Hololive_DDD"],"picked":"Hololive_IdolExercise","floor":33},{"not_picked":["Intimidate","Iron Wave","Hololive_ILoveYou","Wild Strike+1"],"picked":"Hololive_CocoNews+1","floor":35},{"not_picked":["expansioncontent:DecasProtection","expansioncontent:ChargeUp","expansioncontent:HyperBeam","Forethought"],"picked":"Panacea","floor":37},{"not_picked":["Feed","Hololive_CallUruhaRushia+1","Whirlwind+1","Twin Strike+1","Hololive_SoulCatcher+1"],"picked":"SKIP","floor":38},{"not_picked":["Headbutt+1","Combust","Hololive_Rebound","Armaments","Entrench"],"picked":"SKIP","floor":41},{"not_picked":["Armaments+1","Hololive_HuntDinosaur","Body Slam+1","Hololive_CallYuzukiChoco","Hololive_CallNatsuiroMatsuri"],"picked":"SKIP","floor":42},{"not_picked":["Entrench+1","Hololive_CallNatsuiroMatsuri","Inflame+1","Hololive_CallHimemoriLuna","Hololive_CallYukihanaLamy+1"],"picked":"SKIP","floor":44},{"not_picked":["Wild Strike","Hololive_HuntDinosaur+1","Hololive_CallArtia","True Grit+1","jedi:bloodyhammer"],"picked":"SKIP","floor":45},{"not_picked":["Feel No Pain+1","hubris:CleavingFinish+1","Hololive_Trident","Demon Form","Combust"],"picked":"SKIP","floor":48}],"player_experience":197753,"relics_obtained":[{"floor":6,"key":"infinitespire:BottledMercury"},{"floor":8,"key":"Golden Egg"},{"floor":9,"key":"aspiration:HummingbirdHeart"},{"floor":24,"key":"Bag of Marbles"},{"floor":26,"key":"infinitespire:Midas Blood"},{"floor":28,"key":"Chameleon Ring"},{"floor":43,"key":"FossilizedHelix"}],"event_choices":[{"damage_healed":0,"gold_gain":0,"player_choice":"Invest 1","damage_taken":0,"max_hp_gain":0,"max_hp_loss":0,"event_name":"conspire:Investor","floor":2,"gold_loss":0},{"damage_healed":0,"gold_gain":0,"player_choice":"Traded Relic","damage_taken":0,"relics_obtained":["Nloth\u0027s Gift"],"max_hp_gain":0,"max_hp_loss":0,"event_name":"N\u0027loth","floor":19,"relics_lost":["infinitespire:BottledMercury"],"gold_loss":0},{"damage_healed":0,"gold_gain":0,"player_choice":"Memory 1","damage_taken":0,"max_hp_gain":0,"max_hp_loss":0,"event_name":"SensoryStone","floor":37,"gold_loss":0},{"damage_healed":0,"gold_gain":0,"player_choice":"0 cards matched","damage_taken":0,"max_hp_gain":0,"max_hp_loss":0,"event_name":"Match and Keep!","floor":39,"gold_loss":0,"cards_obtained":[]}],"is_beta":false,"boss_relics":[{"not_picked":["hubris:CrackedHourglass","Replay:Grab Bag"],"picked":"Runic Pyramid"},{"not_picked":["hubris:GrandSneckoEye","ReplayTheSpireMod:DimensionalGlitch"],"picked":"aspiration:IroncladSkillbook"}],"items_purged_floors":[46],"is_endless":false,"potions_floor_spawned":[1,5,8,11,16,18,22,33,41,44],"killed_by":"Donu and Deca","ascension_level":0}}