{"host":"z5s44qp1ule1sbwl","time":1608782934,"event":{"mods":["BaseMod","Downfall","Minty Spire (QoL Compilation)","StSLib"],"gold_per_floor":[99,99,99,99,99,99,99,199,199,40,73,58,58,43,58,153,153,78,89,89,100,120,105,105,23,42,60,60,60,75,75,88,184,184,184,200,211,211,211,211,211,240,240,253,253,253,253],"floor_reached":45,"playtime":1782,"items_purged":[],"score":612,"play_id":"bca5e2d4-d18f-431b-9e19-52f5e1fc22b1","local_time":"20201224040854","is_ascension_mode":false,"campfire_choices":[{"data":"Guardian:TwinSlam","floor":1,"key":"SMITH"},{"data":"Guardian:DecasProtection","floor":6,"key":"SMITH"},{"floor":9,"key":"RECALL"},{"floor":13,"key":"REST"},{"data":"Guardian:GatlingBeam","floor":18,"key":"SMITH"},{"floor":28,"key":"REST"},{"data":"Guardian:BaubleBeam","floor":35,"key":"SMITH"}],"circlet_count":0,"master_deck":["Guardian:Strike_Guardian+1","Guardian:Strike_Guardian","Guardian:Strike_Guardian+1","Guardian:Strike_Guardian+1","Guardian:Defend_Guardian","Guardian:Defend_Guardian","Guardian:Defend_Guardian","Guardian:CurlUp","Guardian:TwinSlam+1","Guardian:CrystalBeam+1","Regret","Guardian:DecasProtection+1","Guardian:ExploitGems","Guardian:MultiBeam+1","Guardian:TemporalShield","Parasite","expansioncontent:DarkVoid","Guardian:ChargeUp","Guardian:Orbwalk","Guardian:Harden","Guardian:StasisField","Guardian:GatlingBeam+1","Guardian:EvasiveProtocol+1","Pain","Guardian:TemporalStrike","Guardian:TimeBomb+1","Guardian:DonusPower+1","Guardian:ShieldCharger","Guardian:StasisStrike","Guardian:BaubleBeam+1","Guardian:ChargeUp+1","Guardian:Gem_Purple","Guardian:Gem_Purple","Pain","Parasite"],"relics":["Guardian:ModeShifterPlus","downfall:HeartsMalice","Du-Vu Doll","downfall:GremlinSack","Whetstone","Pantograph","downfall:HeartBlessingRed","HornCleat","The Courier","Akabeko","Bronze Scales","Letter Opener","Black Star","MealTicket","Question Card","Happy Flower"],"acts_visited":["Exordium","TheCity","TheBeyond"],"potions_floor_usage":[16,16,16,33,42,42,42],"damage_taken":[{"damage":0,"enemies":"2 Louse","floor":2,"turns":1},{"damage":0,"enemies":"Cultist","floor":5,"turns":1},{"damage":0,"enemies":"Cultist","floor":8,"turns":1},{"damage":5,"enemies":"downfall:FleeingMerchant","floor":10,"turns":4},{"damage":9,"enemies":"3 Sentries","floor":11,"turns":3},{"damage":13,"enemies":"downfall:FleeingMerchant","floor":12,"turns":4},{"damage":21,"enemies":"downfall:FleeingMerchant","floor":14,"turns":4},{"damage":3,"enemies":"Small Slimes","floor":15,"turns":2},{"damage":27,"enemies":"downfall:Ironclad","floor":16,"turns":6},{"damage":6,"enemies":"Shell Parasite","floor":19,"turns":4},{"damage":9,"enemies":"Chosen","floor":21,"turns":3},{"damage":15,"enemies":"Centurion and Healer","floor":22,"turns":5},{"damage":5,"enemies":"downfall:FleeingMerchant","floor":23,"turns":4},{"damage":4,"enemies":"downfall:FleeingMerchant","floor":25,"turns":3},{"damage":9,"enemies":"Chosen and Byrds","floor":26,"turns":5},{"damage":23,"enemies":"Snake Plant","floor":27,"turns":4},{"damage":12,"enemies":"Cultist and Chosen","floor":30,"turns":5},{"damage":10,"enemies":"Centurion and Healer","floor":32,"turns":5},{"damage":9,"enemies":"downfall:Defect","floor":33,"turns":6},{"damage":37,"enemies":"3 Shapes","floor":36,"turns":4},{"damage":7,"enemies":"Orb Walker","floor":37,"turns":4},{"damage":42,"enemies":"Nemesis","floor":42,"turns":5},{"damage":16,"enemies":"3 Darklings","floor":44,"turns":4},{"damage":23,"enemies":"Writhing Mass","floor":45,"turns":4}],"seed_played":"-687755615778215243","potions_obtained":[{"floor":8,"key":"Guardian:AcceleratePotion"},{"floor":11,"key":"Guardian:DefensiveModePotion"},{"floor":15,"key":"FearPotion"},{"floor":22,"key":"SteroidPotion"},{"floor":30,"key":"Guardian:AcceleratePotion"},{"floor":32,"key":"DistilledChaos"},{"floor":36,"key":"LiquidBronze"},{"floor":37,"key":"Explosive Potion"}],"is_trial":false,"path_per_floor":["R","M","?","?","M","R","T","?","R","$","E","$","R","$","M","B",null,"R","M","?","M","M","$","T","$","M","M","R","?","M","?","M","B",null,"R","M","M","?","?","?","T","E","?","M","M"],"character_chosen":"GUARDIAN","items_purchased":["Whetstone","Akabeko","Bronze Scales","Letter Opener"],"campfire_rested":2,"item_purchase_floors":[10,25,25,25],"current_hp_per_floor":[80,80,80,80,80,80,80,80,80,75,66,53,77,56,53,51,80,80,74,74,65,50,45,45,41,32,9,33,59,47,47,37,53,80,80,43,36,36,70,70,70,28,38,22,0,0,0],"gold":253,"neow_bonus":"THREE_ENEMY_KILL","is_daily":false,"chose_seed":false,"campfire_upgraded":4,"win_rate":0.0,"timestamp":1608782934,"path_taken":["R","M","?","?","M","R","T","?","R","$","E","$","R","$","M","BOSS","R","M","?","?","M","$","T","?","M","M","R","?","M","?","M","BOSS","R","M","M","?","?","?","T","E","?","M","M"],"items_purchased_type":["Relic","Relic","Relic","Relic"],"build_version":"2020-12-22","purchased_purges":0,"victory":false,"max_hp_per_floor":[80,80,80,80,80,80,80,80,80,80,80,80,80,80,80,80,80,80,80,80,80,80,80,80,80,80,80,80,80,80,80,80,80,80,80,80,80,80,70,70,70,70,80,80,80,80,80],"card_choices":[{"not_picked":["Guardian:TimeCapacitor","Guardian:PiercingHide"],"picked":"Guardian:CrystalBeam","floor":2},{"not_picked":["Guardian:RefractedBeam","Guardian:Reroute"],"picked":"Guardian:DecasProtection","floor":5},{"not_picked":["Guardian:Emergency","Guardian:PrismaticBeam"],"picked":"Guardian:ChargeUp","floor":8},{"not_picked":["Guardian:VentSteam","Guardian:GuardianWhirl"],"picked":"Guardian:Gem_Blue","floor":10},{"not_picked":["Guardian:Gem_Red","Guardian:ChargeUp"],"picked":"Guardian:Orbwalk","floor":11},{"not_picked":["Guardian:Emergency","Guardian:PrismaticBeam","Guardian:Preprogram"],"picked":"SKIP","floor":12},{"not_picked":["Guardian:Gem_Blue","Guardian:VentSteam"],"picked":"Guardian:Harden","floor":14},{"not_picked":["Guardian:Incinerate","Guardian:MultiBeam"],"picked":"Guardian:StasisField","floor":15},{"not_picked":["Guardian:BaubleBeam","Guardian:FastForward"],"picked":"Guardian:GatlingBeam","floor":16},{"not_picked":["Guardian:GuardianWhirl+1","Guardian:Gem_Blue"],"picked":"Guardian:EvasiveProtocol+1","floor":19},{"not_picked":["Guardian:Gem_Lightblue","Guardian:PiercingHide"],"picked":"Guardian:TemporalStrike","floor":21},{"not_picked":["Guardian:TemporalStrike","Guardian:Gem_Lightblue"],"picked":"Guardian:TimeBomb+1","floor":22},{"not_picked":["Guardian:RollAttack","Guardian:TemporalStrike"],"picked":"Guardian:DonusPower+1","floor":23},{"not_picked":["Guardian:Gem_Cyan","Guardian:Gem_Fragmented"],"picked":"Guardian:ShieldCharger","floor":25},{"not_picked":["Guardian:ShieldSpikes","Guardian:Suspension","Guardian:TemporalShield"],"picked":"SKIP","floor":26},{"not_picked":["Guardian:Harden","Guardian:ShieldCharger"],"picked":"Guardian:StasisStrike","floor":27},{"not_picked":["Guardian:TemporalStrike","Guardian:Recover+1","Guardian:Repulse"],"picked":"SKIP","floor":30},{"not_picked":["Guardian:Clone+1","Guardian:TemporalStrike+1"],"picked":"Guardian:Gem_Red","floor":32},{"not_picked":["Guardian:AncientConstruct","Guardian:FastForward"],"picked":"Guardian:BaubleBeam","floor":33},{"not_picked":["Guardian:Recover+1","Guardian:DecasProtection"],"picked":"Guardian:ChargeUp+1","floor":36},{"not_picked":["Guardian:ShieldCharger+1","Guardian:ShieldSpikes","Guardian:PrismaticBeam+1"],"picked":"SKIP","floor":37},{"not_picked":["Guardian:PrismaticBarrier+1","Guardian:ArmoredProtocol"],"picked":"Guardian:Gem_Purple","floor":42},{"not_picked":["Guardian:Gem_Cyan","Guardian:Planning+1","Guardian:PiercingHide+1","Guardian:CrystalBeam"],"picked":"SKIP","floor":44}],"player_experience":1131733,"relics_obtained":[{"floor":8,"key":"downfall:GremlinSack"},{"floor":11,"key":"Pantograph"},{"floor":24,"key":"The Courier"},{"floor":41,"key":"MealTicket"},{"floor":42,"key":"Question Card"},{"floor":42,"key":"Happy Flower"}],"event_choices":[{"damage_healed":0,"gold_gain":0,"player_choice":"Box","damage_taken":0,"relics_obtained":["Du-Vu Doll"],"max_hp_gain":0,"max_hp_loss":0,"event_name":"Big Fish","floor":4,"gold_loss":0,"cards_obtained":["Regret"]},{"damage_healed":26,"gold_gain":0,"player_choice":"Heal","damage_taken":0,"max_hp_gain":0,"max_hp_loss":0,"event_name":"The Library","floor":29,"gold_loss":0},{"damage_healed":0,"gold_gain":0,"player_choice":"Ignored","damage_taken":0,"max_hp_gain":0,"max_hp_loss":0,"event_name":"Ghosts","floor":31,"gold_loss":0},{"cards_removed":["Guardian:Defend_Guardian"],"damage_healed":0,"gold_gain":0,"player_choice":"Removed Skill","damage_taken":0,"max_hp_gain":0,"max_hp_loss":0,"event_name":"Falling","floor":38,"gold_loss":0}],"is_beta":false,"boss_relics":[{"not_picked":["Coffee Dripper","Empty Cage"],"picked":"Guardian:ModeShifterPlus"},{"not_picked":["Snecko Eye","Sozu"],"picked":"Black Star"}],"items_purged_floors":[],"is_endless":false,"potions_floor_spawned":[8,11,15,22,30,32,36,37],"killed_by":"Writhing Mass","ascension_level":0}}