{"host":"e1ezmaebp4k769tb","time":1608789044,"event":{"mods":["2.2 Compatiblity","AchievementEnabler","AlwaysNeverKeys","BaseMod","CapriCore","Card Filter","Colored Powertips","Curses Come First","DeckTracker","Energized Spire","Friendly Minions","Halation","Highlight Path","Keyboard Shortcuts","Minty Spire (QoL Compilation)","Permanent Neow","Quick Restart","Red Circlet Mod","Relic Filter","Remilia£¨?Ú·×é?£©","Replay The Spire","StSLib","WarShipGirlsR/??á´Ò³R mod"],"gold_per_floor":[360,380,395,365,46,74,74,74,100,128,48,48,64,75,75,174,174,193,45,71,271,290,290,310,310,310,337,363,376,393,393,393,495,495,507,137,149,194,204,204,220,220,272,272,272,292,28,28,28,28,28,28,28,58,58,58],"floor_reached":55,"playtime":2546,"items_purged":["Strike_P","Strike_P","Strike_P","Strike_P","Languid"],"score":702,"play_id":"f9ee56db-35e7-4286-8cbf-d0b8a85944d4","local_time":"20201224145044","is_ascension_mode":true,"campfire_choices":[{"floor":12.0,"key":"REST"},{"data":"Crescendo","floor":15.0,"key":"SMITH"},{"data":"Eruption","floor":23.0,"key":"SMITH"},{"data":"Study","floor":25.0,"key":"SMITH"},{"floor":32.0,"key":"REST"},{"data":"Wallop","floor":40.0,"key":"SMITH"},{"data":"Bash","floor":42.0,"key":"SMITH"},{"data":"EmptyFist","floor":45.0,"key":"SMITH"},{"data":"WheelKick","floor":49.0,"key":"SMITH"},{"data":"FollowUp","floor":52.0,"key":"SMITH"}],"circlet_count":0,"master_deck":["Defend_P","Defend_P","Defend_P","Defend_P","Eruption+1","Vigilance","Bash+1","m_Survivalism","EmptyFist+1","Replay:AtTheReady","LikeWater","Consecrate+1","FollowUp+1","Conclude+1","Crescendo+1","Halt","Wallop+1","ClearTheMind","Establishment","AbeCurse","Halt+1","Indignation+1","WreathOfFlame+1","WheelKick+1","Study+1","DevaForm","WindmillStrike+1","ReachHeaven+1","MentalFortress+1","Evaluate+1","ReachHeaven+1","FlyingSleeves+1","FlurryOfBlows+1"],"relics":["PureWater","ReplayTheSpireMod:Shallot","Damaru","The Courier","Nunchaku","Garlic","Abe\u0027s Treasure","Red Mask","Torii","Vajra","ReplayTheSpireMod:Ninjato","Anchor","ReplayTheSpireMod:Onyx Gauntlets","Bottled Tornado","Bronze Scales","Ring of Misfortune","Bag of Marbles","Bag of Preparation"],"acts_visited":["Exordium","TheCity","TheBeyond","TheEnding"],"potions_floor_usage":[55,55,55],"damage_taken":[{"damage":14.0,"enemies":"Jaw Worm","floor":1.0,"turns":2.0},{"damage":0.0,"enemies":"Small Slimes","floor":2.0,"turns":2.0},{"damage":0.0,"enemies":"Cultist","floor":3.0,"turns":3.0},{"damage":25.0,"enemies":"Replay:BlueRogue","floor":6.0,"turns":4.0},{"damage":9.0,"enemies":"3 Sentries","floor":10.0,"turns":4.0},{"damage":0.0,"enemies":"Large Slime","floor":13.0,"turns":3.0},{"damage":0.0,"enemies":"Lots of Slimes","floor":14.0,"turns":1.0},{"damage":30.0,"enemies":"The Guardian","floor":16.0,"turns":11.0},{"damage":0.0,"enemies":"Chosen","floor":18.0,"turns":4.0},{"damage":33.0,"enemies":"Masked Bandits","floor":20.0,"turns":4.0},{"damage":0.0,"enemies":"Shell Parasite","floor":22.0,"turns":2.0},{"damage":5.0,"enemies":"Shelled Parasite and Fungi","floor":24.0,"turns":3.0},{"damage":17.0,"enemies":"Slavers","floor":28.0,"turns":4.0},{"damage":1.0,"enemies":"Snake Plant","floor":29.0,"turns":3.0},{"damage":1.0,"enemies":"Centurion and Healer","floor":30.0,"turns":5.0},{"damage":19.0,"enemies":"Collector","floor":33.0,"turns":8.0},{"damage":10.0,"enemies":"3 Shapes","floor":35.0,"turns":5.0},{"damage":0.0,"enemies":"Orb Walker","floor":37.0,"turns":4.0},{"damage":1.0,"enemies":"Spire Growth","floor":39.0,"turns":3.0},{"damage":0.0,"enemies":"Transient","floor":41.0,"turns":5.0},{"damage":1.0,"enemies":"3 Darklings","floor":46.0,"turns":4.0},{"damage":49.0,"enemies":"Donu and Deca","floor":50.0,"turns":6.0},{"damage":26.0,"enemies":"Shield and Spear","floor":54.0,"turns":5.0},{"damage":46,"enemies":"The Heart","floor":55,"turns":3}],"seed_played":"284941386623775650","potions_obtained":[{"floor":1.0,"key":"Strength Potion"},{"floor":2.0,"key":"Venom Potion"},{"floor":10.0,"key":"Elixir"},{"floor":13.0,"key":"BlessingOfTheForge"},{"floor":18.0,"key":"Swift Potion"},{"floor":28.0,"key":"BlessingOfTheForge"},{"floor":35.0,"key":"DistilledChaos"},{"floor":38.0,"key":"Cursed Concoction"},{"floor":38.0,"key":"BottledMiracle"}],"is_trial":false,"path_per_floor":["M","M","M","?","$","E","T","?","T","E","$","R","M","M","R","B",null,"M","$","?","?","M","R","M","R","T","T","E","M","M","T","R","B",null,"M","$","M","?","M","R","M","R","T","?","R","M","$","$","R","B",null,"R","$","E","B"],"character_chosen":"WATCHER","items_purchased":["ReplayTheSpireMod:Shallot","Indignation+1","Bottled Tornado","ReachHeaven+1","Bag of Marbles"],"campfire_rested":2,"item_purchase_floors":[5,19,36,36,47],"current_hp_per_floor":[58,58,58,58,58,33,33,19,19,10,10,31,31,31,31,1,72,72,72,39,39,39,39,34,34,34,34,17,16,15,15,36,17,72,62,62,62,62,61,61,61,61,61,61,61,60,60,60,60,11,72,72,72,46,0,0],"gold":58,"neow_bonus":"TWO_FIFTY_GOLD","is_daily":false,"chose_seed":false,"campfire_upgraded":8,"win_rate":0.0,"timestamp":1608789044,"path_taken":["M","M","M","?","$","E","?","?","T","E","$","R","M","M","R","BOSS","M","$","?","?","?","R","M","R","T","?","E","M","M","?","R","BOSS","M","$","?","?","?","R","M","R","T","?","R","M","?","$","R","BOSS","R","$","E","BOSS"],"items_purchased_type":["Relic","Card","Relic","Card","Relic"],"build_version":"2020-12-22","purchased_purges":5,"victory":false,"max_hp_per_floor":[72,72,72,72,72,72,72,72,72,72,72,72,72,72,72,72,72,72,72,72,72,72,72,72,72,72,72,72,72,72,72,72,72,72,72,72,72,72,72,72,72,72,72,72,72,72,72,72,72,72,72,72,72,72,72,72],"card_choices":[{"not_picked":["FlurryOfBlows","Replay:Hum"],"picked":"EmptyFist","floor":1.0},{"not_picked":["CrushJoints","BowlingBash"],"picked":"Replay:AtTheReady","floor":2.0},{"not_picked":["Replay:AtTheReady","Wireheading"],"picked":"LikeWater","floor":3.0},{"not_picked":[],"picked":"Consecrate","floor":4.0},{"not_picked":[],"picked":"FollowUp","floor":4.0},{"not_picked":[],"picked":"Conclude","floor":4.0},{"not_picked":["FlurryOfBlows","Replay:Battleflow"],"picked":"Crescendo","floor":6.0},{"not_picked":["Omniscience","EmptyFist"],"picked":"Halt","floor":10.0},{"not_picked":["BowlingBash","Replay:DivineShield"],"picked":"Wallop","floor":13.0},{"not_picked":["Perseverance","FlurryOfBlows"],"picked":"ClearTheMind","floor":14.0},{"not_picked":["Replay:AllIn","SpiritShield"],"picked":"Establishment","floor":16.0},{"not_picked":["Replay:ManipulateFuture","SashWhip"],"picked":"Halt+1","floor":18.0},{"not_picked":["Replay:AtTheReady+1","EmptyFist"],"picked":"WreathOfFlame+1","floor":20.0},{"not_picked":["EmptyFist","Swivel"],"picked":"WheelKick","floor":22.0},{"not_picked":["ClearTheMind","Worship"],"picked":"Study","floor":24.0},{"not_picked":["EmptyFist","Replay:Anticipation","Replay:LoomingThreat"],"picked":"SKIP","floor":28.0},{"not_picked":["ClearTheMind","Meditate+1","WindmillStrike"],"picked":"SKIP","floor":29.0},{"not_picked":["CutThroughFate","FlyingSleeves","Replay:AtTheReady+1"],"picked":"SKIP","floor":30.0},{"not_picked":["Replay:AllIn","Omniscience"],"picked":"DevaForm","floor":33.0},{"not_picked":["ThirdEye+1","BowlingBash"],"picked":"WindmillStrike+1","floor":35.0},{"not_picked":["FollowUp","Evaluate+1"],"picked":"MentalFortress+1","floor":37.0},{"not_picked":["Halt+1","Swivel+1"],"picked":"Evaluate+1","floor":38.0},{"not_picked":["Wallop+1","Meditate"],"picked":"ReachHeaven+1","floor":39.0},{"not_picked":["Vengeance+1","WreathOfFlame","Wallop"],"picked":"SKIP","floor":41.0},{"not_picked":["BowlingBash","Nirvana"],"picked":"FlyingSleeves+1","floor":46.0},{"not_picked":["Vengeance","Crescendo"],"picked":"FlurryOfBlows+1","floor":54.0}],"player_experience":194907,"relics_obtained":[{"floor":6.0,"key":"Damaru"},{"floor":7.0,"key":"The Courier"},{"floor":9.0,"key":"Nunchaku"},{"floor":10.0,"key":"Garlic"},{"floor":20.0,"key":"Red Mask"},{"floor":26.0,"key":"Torii"},{"floor":27.0,"key":"Vajra"},{"floor":28.0,"key":"ReplayTheSpireMod:Ninjato"},{"floor":31.0,"key":"Anchor"},{"floor":43.0,"key":"Bronze Scales"},{"floor":44.0,"key":"Ring of Misfortune"},{"floor":54.0,"key":"Bag of Preparation"}],"event_choices":[{"damage_healed":0.0,"max_hp_gain":0.0,"max_hp_loss":0.0,"gold_gain":0.0,"event_name":"Shining Light","player_choice":"Entered Light","floor":8.0,"gold_loss":0.0,"damage_taken":14.0,"cards_upgraded":["Consecrate","Conclude"]},{"damage_healed":0.0,"max_hp_gain":0.0,"max_hp_loss":0.0,"gold_gain":0.0,"event_name":"Masked Bandits","player_choice":"Fought Bandits","floor":20.0,"gold_loss":0.0,"damage_taken":0.0},{"damage_healed":0.0,"max_hp_gain":0.0,"max_hp_loss":0.0,"gold_gain":200.0,"event_name":"Wheel of Change","player_choice":"Gold","floor":21.0,"gold_loss":0.0,"damage_taken":0.0}],"is_beta":false,"boss_relics":[{"not_picked":["energizedSpire:OgreHead","Tiny House"],"picked":"Abe\u0027s Treasure"},{"not_picked":["Fusion Hammer","energizedSpire:EnergizedDie"],"picked":"ReplayTheSpireMod:Onyx Gauntlets"}],"items_purged_floors":[5,11,19,36,47],"is_endless":false,"potions_floor_spawned":[1,2,10,13,18,22,24,28,35,39,46],"killed_by":"The Heart","ascension_level":1}}