{"host":"258i9hh742n85m0z","time":1608800101,"event":{"mods":["Act Like it!","Aspiration","BaseMod","CapriCore","Challenge The Spire","Conspire","Decade(王小明)","Friendly Minions","Gensokyo","Hermit","HololiveMod","KinomotoSakuraMod(木之本樱)","Koishi","LagranYue(拉格朗・月)","Luminous","Minty Spire (QoL Compilation)","Prisma Mod","Quick Restart","Reimu（博丽灵梦）","Relic Stats","Remilia（蕾米莉亚）","Replay The Spire","RumiaBox-露米娅的神秘盒子","Spicy Shops","StSLib","The Alterego","The Bladedancer","The Bug Knight","The Cursed","The Gatherer","The Hierophant","The Immortal","The Poker Player","The Runesmith","The Senshi","The Servant 0.9.4","WarShipGirlsR/战舰少女R mod","Yohane!","Youmu（魂魄妖梦）","Yuri Mod","Yuyuko","【东方二次创作】八云紫mod","【遗物卡牌】REMEMod"],"gold_per_floor":[79,95,45,45,62,62,89,89,139,159,159,196,196,215,311,419,419,442,442,367,137,155,155,186,186,238,255,292,292,292,69,69,212,212,222,263,263,263,291,332,366,408,433,433,175,212,266,292,292,306,306,306,11,52,56],"floor_reached":56,"playtime":2808,"items_purged":[],"score":1762,"play_id":"24be0ff8-53a3-42b7-a2a2-0b6a1838a550","local_time":"20201224165501","is_ascension_mode":true,"campfire_choices":[{"floor":6,"key":"RECALL"},{"data":"Hololive_Rebirth","floor":11,"key":"SMITH"},{"data":"Hololive_RevenueBasedLive","floor":13,"key":"SMITH"},{"data":"Hololive_DDD","floor":23,"key":"SMITH"},{"data":"Hololive_CallOzoraSubaru","floor":25,"key":"SMITH"},{"data":"Hololive_CallAmaneKanata","floor":29,"key":"SMITH"},{"data":"Hololive_CallYuzukiChoco","floor":32,"key":"SMITH"},{"floor":44,"key":"REST"},{"floor":52,"key":"REST"}],"circlet_count":0,"master_deck":["Hololive_Defend","Hololive_Breathe","Hololive_CallAkaiHaato","Hololive_CallYogiri","Hololive_CallYuzukiChoco+1","Hololive_CallRoboco","Hololive_CallAiraniIofifteen+1","Hololive_FlyingPonyTail+1","Hololive_FlyingPonyTail+1","Hololive_RevenueBasedLive+1","Hololive_ManjiGathering","Hololive_Rebound","Hololive_CallAmaneKanata+1","Hololive_Rebirth+1","Hololive_ASMR+1","Hololive_FlyingPonyTail+1","Hololive_DDD+1","Hololive_CallOmaruPolka","Hololive_CallOzoraSubaru+1","Hololive_CallOkamiMio+1","Hololive_CallMoonaHoshinova","Hololive_CallTokinoSora+1","RitualDagger+1","Hololive_Thief","Hololive_CallManoAloe+1","Hololive_CallAZKi+1","Hololive_DDD","Hololive_CallInugamiKorone+1","Hololive_CocoNews+1","Hololive_CallShirakamiFubuki","Hololive_Yoholoon+1","Hololive_CallRosalyn","Hololive_Yoholoon+1","Hololive_CallUsadaPekora+1","Hololive_Psychosis+1"],"relics":["Hololive_TheStar","REME_ComplimentaryCards","LagranYue:RandomDrawCardRelic","ZombieArmy","Molten Egg 2","aspiration:FutureDiary","MutagenicStrength","Bag of Marbles","conspire:TreasureMap","Vajra","Replay:Bottled Eggs","HollowMod:StagPassRelic","ReplayFunnel","Hololive_LightStick","Fusion Hammer","MealTicket","LastBattle","Replay:Rubber Ducky","Happy Flower","Bronze Scales","LagranYue:MagicReflectiveArmorRelic","Membership Card","theSenshi:SailorFukuRelic","Oddly Smooth Stone"],"acts_visited":["Exordium","TheCity","TheBeyond","TheEnding"],"potions_floor_usage":[24,24,24,28,33,47,55,55,55],"damage_taken":[{"damage":0,"enemies":"2 Louse","floor":1,"turns":3},{"damage":0,"enemies":"Small Slimes","floor":2,"turns":3},{"damage":0,"enemies":"Jaw Worm","floor":5,"turns":3},{"damage":5,"enemies":"Gremlin Nob","floor":7,"turns":5},{"damage":9,"enemies":"3 Louse","floor":10,"turns":3},{"damage":0,"enemies":"3 Sentries","floor":12,"turns":6},{"damage":0,"enemies":"2 Fungi Beasts","floor":14,"turns":3},{"damage":0,"enemies":"Slime Boss","floor":16,"turns":8},{"damage":0,"enemies":"3 Byrds","floor":18,"turns":4},{"damage":16,"enemies":"2 Thieves","floor":22,"turns":4},{"damage":2,"enemies":"Gremlin Leader","floor":24,"turns":7},{"damage":0,"enemies":"Chosen and Byrds","floor":27,"turns":4},{"damage":4,"enemies":"Slavers","floor":28,"turns":5},{"damage":0,"enemies":"Collector","floor":33,"turns":6},{"damage":9,"enemies":"3 Shapes","floor":35,"turns":3},{"damage":0,"enemies":"3 Darklings","floor":36,"turns":5},{"damage":0,"enemies":"Transient","floor":39,"turns":5},{"damage":0,"enemies":"Giant Head","floor":40,"turns":4},{"damage":0,"enemies":"Jaw Worm Horde","floor":41,"turns":5},{"damage":0,"enemies":"Nemesis","floor":42,"turns":5},{"damage":0,"enemies":"Giant Head","floor":46,"turns":6},{"damage":0,"enemies":"Maw","floor":47,"turns":4},{"damage":0,"enemies":"conspire:MimicChest","floor":48,"turns":3},{"damage":0,"enemies":"Donu and Deca","floor":50,"turns":7},{"damage":0,"enemies":"Shield and Spear","floor":54,"turns":5},{"damage":0,"enemies":"The Heart","floor":55,"turns":8}],"seed_played":"-1472802704268157692","potions_obtained":[{"floor":2,"key":"ZuzhouPotion:ReiMu"},{"floor":5,"key":"AttackPotion"},{"floor":12,"key":"Weak Potion"},{"floor":18,"key":"Block Potion"},{"floor":24,"key":"SkillPotion"},{"floor":28,"key":"REME_GoldPotion"},{"floor":36,"key":"GrandPatriotsElixir:ReiMu"},{"floor":42,"key":"Fire Potion"},{"floor":46,"key":"REME_GoldPotion"},{"floor":48,"key":"Adrenaline Potion"}],"is_trial":false,"path_per_floor":["M","M","?","?","M","R","E","?","T","M","R","E","R","M","R","B",null,"M","?","?","$","M","R","E","R","T","M","E","R","?","$","R","B",null,"M","M","?","$","M","E","M","E","T","R","$","E","M","?","R","B",null,"R","$","E","B",null],"character_chosen":"Hololive_HololiveCharacter","items_purchased":["Bag of Marbles","conspire:TreasureMap","ReplayFunnel","Hololive_LightStick","Happy Flower","Hololive_CallShirakamiFubuki","Hololive_Yoholoon+1","Membership Card","Hololive_Yoholoon+1","Hololive_CallUsadaPekora","theSenshi:SailorFukuRelic"],"campfire_rested":2,"item_purchase_floors":[21,21,31,31,45,45,45,53,53,53,53],"current_hp_per_floor":[38,38,38,38,38,38,33,26,26,17,17,17,17,17,17,17,38,38,38,38,38,22,22,20,20,20,20,16,16,10,10,10,10,38,29,29,29,29,29,29,29,29,29,38,38,38,38,38,38,38,38,38,38,38,38],"gold":56,"neow_bonus":"TEN_PERCENT_HP_BONUS","is_daily":false,"chose_seed":false,"campfire_upgraded":6,"win_rate":0.0,"timestamp":1608800101,"path_taken":["M","M","?","?","M","R","E","?","T","M","R","E","R","M","R","BOSS","M","?","?","$","M","R","E","R","T","M","E","R","?","?","R","BOSS","M","M","?","$","M","E","M","E","T","R","?","E","M","?","R","BOSS","R","$","E","BOSS"],"items_purchased_type":["Relic","Relic","Relic","Relic","Relic","Card","Card","Relic","Card","Card","Relic"],"build_version":"2020-12-22","purchased_purges":0,"victory":true,"max_hp_per_floor":[38,38,38,38,38,38,38,38,38,38,38,38,38,38,38,38,38,38,38,38,38,38,38,38,38,38,38,38,38,38,38,38,38,38,38,38,38,38,38,38,38,38,38,38,38,38,38,38,38,38,38,38,38,38,38],"relic_stats":{"Happy Flower":[11],"counters":[26,124],"Bronze Scales":[126],"MealTicket":0,"obtain_stats":[{"ReplayFunnel":31,"conspire:TreasureMap":21,"LagranYue:RandomDrawCardRelic":0,"Happy Flower":45,"Vajra":24,"Oddly Smooth Stone":54,"LastBattle":42,"HollowMod:StagPassRelic":28,"LagranYue:MagicReflectiveArmorRelic":48,"Replay:Rubber Ducky":43,"Hololive_LightStick":31,"MutagenicStrength":19,"Bronze Scales":46,"Hololive_TheStar":0,"Molten Egg 2":12,"MealTicket":40,"Fusion Hammer":34,"Bag of Marbles":21,"Membership Card":53,"aspiration:FutureDiary":17,"Replay:Bottled Eggs":26,"theSenshi:SailorFukuRelic":53,"REME_ComplimentaryCards":0,"ZombieArmy":7},{"ReplayFunnel":13,"conspire:TreasureMap":9,"LagranYue:RandomDrawCardRelic":0,"Happy Flower":20,"Vajra":11,"Oddly Smooth Stone":25,"LastBattle":20,"HollowMod:StagPassRelic":13,"LagranYue:MagicReflectiveArmorRelic":23,"Replay:Rubber Ducky":20,"Hololive_LightStick":13,"MutagenicStrength":9,"Bronze Scales":21,"Hololive_TheStar":0,"Molten Egg 2":6,"MealTicket":18,"Fusion Hammer":14,"Bag of Marbles":9,"Membership Card":24,"aspiration:FutureDiary":8,"Replay:Bottled Eggs":11,"theSenshi:SailorFukuRelic":24,"REME_ComplimentaryCards":0,"ZombieArmy":4},{"ReplayFunnel":58,"conspire:TreasureMap":38,"LagranYue:RandomDrawCardRelic":0,"Happy Flower":91,"Vajra":49,"Oddly Smooth Stone":116,"LastBattle":91,"HollowMod:StagPassRelic":58,"LagranYue:MagicReflectiveArmorRelic":104,"Replay:Rubber Ducky":91,"Hololive_LightStick":58,"MutagenicStrength":38,"Bronze Scales":97,"Hololive_TheStar":0,"Molten Egg 2":23,"MealTicket":81,"Fusion Hammer":64,"Bag of Marbles":38,"Membership Card":111,"aspiration:FutureDiary":34,"Replay:Bottled Eggs":49,"theSenshi:SailorFukuRelic":111,"REME_ComplimentaryCards":0,"ZombieArmy":14}]},"card_choices":[{"not_picked":["Hololive_HuntDinosaur","Hololive_Sequa","Hololive_LuckPotion","Hololive_Breathe"],"picked":"SKIP","floor":1},{"not_picked":["Hololive_CallYuzukiChoco","Hololive_Breathe","Hololive_BringToTrial","Hololive_Sequa"],"picked":"SKIP","floor":2},{"not_picked":["Hololive_FlyingPonyTail","Hololive_SummonFox","Hololive_Breathe"],"picked":"Hololive_CallAmaneKanata","floor":5},{"not_picked":["Hololive_IdolExercise","Hololive_ILoveYou","Hololive_Drill"],"picked":"Hololive_Rebirth","floor":7},{"not_picked":["Hololive_Trident","Hololive_LuckPotion","Hololive_CallYogiri","Hololive_CocoNews"],"picked":"SKIP","floor":10},{"not_picked":["Hololive_Sequa+1","Hololive_HuntDinosaur","Hololive_Yoholoon+1"],"picked":"Hololive_ASMR+1","floor":12},{"not_picked":["Hololive_Rebound","Hololive_LuckPotion","Hololive_RevenueBasedLive"],"picked":"Hololive_FlyingPonyTail","floor":14},{"not_picked":["Hololive_Recruit","Hololive_Nanodesu+1","Hololive_DurableLive"],"picked":"Hololive_DDD","floor":16},{"not_picked":["Hololive_LuckPotion","Hololive_Trident+1","Hololive_Rebound"],"picked":"Hololive_CallOmaruPolka","floor":18},{"not_picked":["Hololive_OvertimeWork+1","Hololive_RevenueBasedLive","Hololive_Sequa+1"],"picked":"Hololive_CallOzoraSubaru","floor":22},{"not_picked":["Hololive_DevilCharm","Hololive_CallDoris+1","Hololive_Sequa+1"],"picked":"Hololive_CallOkamiMio+1","floor":24},{"not_picked":["Hololive_LuckPotion","Hololive_DevilCharm","Hololive_CallRosalyn"],"picked":"Hololive_CallMoonaHoshinova","floor":27},{"not_picked":["Hololive_CallUruhaRushia","Hololive_CallAyundaRisu","Hololive_CallYogiri+1"],"picked":"Hololive_CallTokinoSora+1","floor":28},{"not_picked":["Hololive_FlareMind","Hololive_OpenUp+1","Hololive_Nanodesu+1"],"picked":"Hololive_Thief","floor":33},{"not_picked":["Hololive_FlyingPonyTail+1","Hololive_RevenueBasedLive","Hololive_Trident+1"],"picked":"Hololive_CallManoAloe+1","floor":35},{"not_picked":["Hololive_CallArtia","Hololive_FlyingPonyTail","Hololive_Rebound","Hololive_LuckPotion+1"],"picked":"SKIP","floor":36},{"not_picked":["Hololive_Trident+1","Hololive_RevenueBasedLive+1","Hololive_Rebound"],"picked":"Hololive_CallAZKi+1","floor":39},{"not_picked":["Hololive_CallTokoyamiTowa","Hololive_MaximGun+1","Hololive_CallAmaneKanata"],"picked":"Hololive_DDD","floor":40},{"not_picked":["Hololive_HuntDinosaur+1","Hololive_RevenueBasedLive","Hololive_StrengthChampion+1"],"picked":"Hololive_CallInugamiKorone+1","floor":41},{"not_picked":["Hololive_Sequa+1","Hololive_Psychosis+1","Hololive_ScarfAndHalo+1"],"picked":"Hololive_CocoNews+1","floor":42},{"not_picked":["Hololive_LuckPotion","Hololive_Drill+1","Hololive_Rebound","Hololive_Psychosis+1"],"picked":"SKIP","floor":46},{"not_picked":["Hololive_StrengthChampion+1","Hololive_Rebound","Hololive_CallAiraniIofifteen+1","Hololive_CocoNews+1"],"picked":"SKIP","floor":47},{"not_picked":["Hololive_CallManoAloe","Hololive_CallAmaneKanata","Hololive_Breathe+1"],"picked":"Hololive_CallRosalyn","floor":48},{"not_picked":["Hololive_BringToTrial+1","Hololive_Drill+1","Hololive_Rebound+1"],"picked":"Hololive_Psychosis+1","floor":54}],"player_experience":157500,"relics_obtained":[{"floor":7,"key":"ZombieArmy"},{"floor":12,"key":"Molten Egg 2"},{"floor":24,"key":"Vajra"},{"floor":26,"key":"Replay:Bottled Eggs"},{"floor":28,"key":"HollowMod:StagPassRelic"},{"floor":40,"key":"MealTicket"},{"floor":42,"key":"LastBattle"},{"floor":43,"key":"Replay:Rubber Ducky"},{"floor":46,"key":"Bronze Scales"},{"floor":48,"key":"LagranYue:MagicReflectiveArmorRelic"},{"floor":54,"key":"Oddly Smooth Stone"}],"event_choices":[{"cards_removed":["Hololive_Strike"],"damage_healed":0,"gold_gain":0,"player_choice":"Card Removal","damage_taken":0,"max_hp_gain":0,"max_hp_loss":0,"event_name":"The Cleric","floor":3,"gold_loss":50},{"cards_removed":["Hololive_Defend"],"damage_healed":0,"gold_gain":0,"player_choice":"Card Removal","damage_taken":7,"max_hp_gain":0,"max_hp_loss":0,"event_name":"Golden Wing","floor":8,"gold_loss":0},{"damage_healed":0,"gold_gain":0,"player_choice":"Inject Mutagens","damage_taken":0,"relics_obtained":["MutagenicStrength"],"max_hp_gain":0,"max_hp_loss":0,"event_name":"Drug Dealer","floor":19,"gold_loss":0},{"cards_removed":["Hololive_Strike"],"damage_healed":0,"gold_gain":0,"player_choice":"Gave Gold","damage_taken":0,"max_hp_gain":0,"max_hp_loss":0,"event_name":"Beggar","floor":20,"gold_loss":75},{"damage_healed":0,"gold_gain":0,"player_choice":"Joined the Cult","damage_taken":6,"max_hp_gain":0,"max_hp_loss":0,"event_name":"Nest","floor":30,"gold_loss":0,"cards_obtained":["RitualDagger"]},{"damage_healed":0,"gold_gain":0,"player_choice":"Bought 0 Potions","damage_taken":0,"max_hp_gain":0,"max_hp_loss":0,"event_name":"The Woman in Blue","floor":37,"gold_loss":0}],"is_beta":false,"boss_relics":[{"not_picked":["Replay:Wanted Poster","aspiration:RunesmithSkillbook"],"picked":"aspiration:FutureDiary"},{"not_picked":["conspire:SlowCooker","Kintsugi"],"picked":"Fusion Hammer"}],"items_purged_floors":[],"is_endless":false,"potions_floor_spawned":[2,5,12,14,18,24,28,36,42,46,48],"ascension_level":2}}