{"host":"k0kjm4m87pwj4phr","time":1608808655,"event":{"mods":["ATMod(°¢èªMod)","BaseMod","Colored Map","Colored Powertips","Minty Spire (QoL Compilation)","Permanent Neow","Quick Restart","Relic Stats","Replay The Spire","StSLib","The Dragon Tamer"],"gold_per_floor":[110,126,176,189,203,203,203],"floor_reached":6,"playtime":196,"items_purged":[],"score":76,"play_id":"94e558a4-32e8-4813-84f6-3c1878e99f4d","local_time":"20201224191735","is_ascension_mode":true,"campfire_choices":[],"circlet_count":0,"master_deck":["AscendersBane","Strike_R","Strike_R","Strike_R","Strike_R","Strike_R","Defend_R","Defend_R","Defend_R","Defend_R","Bash","AT_FamilyPortrait","Shrug It Off"],"relics":["AT_ATBox","Busted Crown"],"acts_visited":["Exordium"],"potions_floor_usage":[6],"damage_taken":[{"damage":6,"enemies":"Cultist","floor":1,"turns":3},{"damage":5,"enemies":"2 Louse","floor":2,"turns":2},{"damage":2,"enemies":"Jaw Worm","floor":4,"turns":4},{"damage":20,"enemies":"Gremlin Gang","floor":5,"turns":4},{"damage":23,"enemies":"Gremlin Nob","floor":6,"turns":3}],"seed_played":"3128497582751140941","potions_obtained":[{"floor":2,"key":"SkillPotion"},{"floor":4,"key":"Death Potion"}],"is_trial":false,"path_per_floor":["M","M","?","M","M","E"],"character_chosen":"IRONCLAD","items_purchased":[],"campfire_rested":0,"item_purchase_floors":[],"current_hp_per_floor":[62,57,57,55,35,12,12],"gold":203,"neow_bonus":"BOSS_RELIC","is_daily":false,"chose_seed":false,"campfire_upgraded":0,"win_rate":0.0,"timestamp":1608808655,"path_taken":["M","?","?","M","M","E"],"items_purchased_type":[],"build_version":"2020-12-22","purchased_purges":0,"victory":false,"max_hp_per_floor":[75,75,75,75,75,75,75],"relic_stats":{"Busted Crown":8,"counters":[5,16],"obtain_stats":[{"AT_ATBox":0,"Busted Crown":0,"Burning Blood":0},{"AT_ATBox":0,"Busted Crown":0,"Burning Blood":0},{"AT_ATBox":0,"Busted Crown":0,"Burning Blood":0}]},"card_choices":[{"not_picked":["Seeing Red"],"picked":"SKIP","floor":1},{"not_picked":[],"picked":"Shrug It Off","floor":2},{"not_picked":["Sentinel"],"picked":"SKIP","floor":4},{"not_picked":["Bloodletting"],"picked":"SKIP","floor":5}],"player_experience":428738,"relics_obtained":[],"event_choices":[{"damage_healed":0,"gold_gain":50,"player_choice":"Pray","damage_taken":0,"max_hp_gain":0,"max_hp_loss":0,"event_name":"Golden Shrine","floor":3,"gold_loss":0}],"is_beta":false,"boss_relics":[],"items_purged_floors":[],"is_endless":false,"potions_floor_spawned":[2,4],"killed_by":"Gremlin Nob","ascension_level":20}}