{"host":"uae2ry9d6rl7cq98","time":1608795542,"event":{"mods":["AchievementEnabler","BaseMod","BetterRewards","Colored Map","Custom Start","Hermit","Hubris","Infinite Spire","Minty Spire (QoL Compilation)","Replay The Spire","Shop Mod","StSLib","SuperFastMode","The Animator","The Hierophant","The Servant 0.9.4"],"gold_per_floor":[114,156,156,172,14,41,41,41,117,42,61,88,105,5,5,100,100,114,29,46,62,86,86,86,86,113,11,11,24,24,24],"floor_reached":30,"playtime":2120,"items_purged":["Delirium","Strike_B","Normality"],"score":331,"play_id":"05e12fc1-09e1-4b0c-90b3-e19ce9ef0d96","local_time":"20201223233902","is_ascension_mode":false,"campfire_choices":[{"floor":7,"key":"RECALL"},{"data":"Amplify","floor":15,"key":"SMITH"},{"data":"Barrage","floor":25,"key":"SMITH"},{"data":"Dualcast","floor":28,"key":"SMITH"}],"circlet_count":0,"master_deck":["Strike_B","Strike_B+1","Strike_B+1","Defend_B","Defend_B","Defend_B","Defend_B","Zap","Dualcast+1","FIFO Queue","Gash","Crystallizer","infinitespire:Starlight","Barrage+1","Amplify+1","ReplayRNGCard","Mirror Shield","Leap","ReplayRNGCard","Crystallizer+1","Hologram+1","Darkness+1","Gash+1"],"relics":["Cracked Core","NeowsBlessing","DataDisk","Bag of Marbles","Ring of Panic","hubris:SoftwareUpdate","Geode","hubris:RunicObelisk","Anchor","ReplayTheSpireMod:CursedCoin","MerchantsRug"],"acts_visited":["Exordium","TheCity"],"potions_floor_usage":[18,23,23,30],"damage_taken":[{"damage":0.0,"enemies":"Jaw Worm","floor":1.0,"turns":1.0},{"damage":0,"enemies":"Cultist","floor":4,"turns":1},{"damage":0,"enemies":"3 Sentries","floor":6,"turns":1},{"damage":2,"enemies":"Small Slimes","floor":11,"turns":4},{"damage":18,"enemies":"Replay:BlueRogue","floor":12,"turns":9},{"damage":0,"enemies":"3 Louse","floor":13,"turns":6},{"damage":0,"enemies":"Slime Boss","floor":16,"turns":8},{"damage":25,"enemies":"3 Byrds","floor":18,"turns":3},{"damage":15,"enemies":"2 Thieves","floor":20,"turns":3},{"damage":25,"enemies":"Sentry and Sphere","floor":21,"turns":4},{"damage":0,"enemies":"Gremlin Leader","floor":23,"turns":3},{"damage":31,"enemies":"3 Cultists","floor":29,"turns":6},{"damage":30,"enemies":"Nightmare","floor":30,"turns":6}],"seed_played":"1270575344874784607","potions_obtained":[{"floor":2,"key":"SmokeBomb"},{"floor":11,"key":"LiquidBronze"},{"floor":12,"key":"Reflective Coating"},{"floor":18,"key":"SteroidPotion"},{"floor":29,"key":"SkillPotion"}],"is_trial":false,"path_per_floor":["M","?","?","M","$","E","R","?","T","$","M","E","M","$","R","B",null,"M","?","M","M","T","E","$","R","T","$","R","M","NM"],"character_chosen":"DEFECT","items_purchased":["Amplify","ReplayTheSpireMod:CursedCoin","MerchantsRug"],"campfire_rested":0,"item_purchase_floors":[5,27,27],"current_hp_per_floor":[75,57,39,39,39,39,39,39,39,39,47,39,49,49,49,59,75,60,60,45,30,30,40,40,40,40,40,40,19,0,0],"gold":24,"neow_bonus":"THREE_ENEMY_KILL","is_daily":false,"chose_seed":false,"campfire_upgraded":3,"win_rate":0.0,"timestamp":1608795542,"path_taken":["M","?","?","M","$","E","R","?","T","?","M","E","?","$","R","BOSS","M","?","M","M","?","E","?","R","T","$","R","?","NM"],"items_purchased_type":["Card","Relic","Relic"],"build_version":"2020-12-22","purchased_purges":3,"victory":false,"max_hp_per_floor":[75,75,75,75,75,75,75,75,75,75,75,75,75,75,75,75,75,75,75,75,75,75,75,75,75,75,75,75,75,75,75],"card_choices":[{"not_picked":["Doom and Gloom","Go for the Eyes"],"picked":"FIFO Queue","floor":1.0},{"not_picked":["Sweeping Beam","Go for the Eyes"],"picked":"Gash","floor":2},{"not_picked":["Cold Snap","BootSequence"],"picked":"Crystallizer","floor":2},{"not_picked":["ReplayTheSpireMod:??????????????????????","infinitespire:Punishment"],"picked":"infinitespire:Starlight","floor":3},{"not_picked":["Streamline","Panic Button"],"picked":"Barrage","floor":4},{"not_picked":["Conserve Battery","Defragment"],"picked":"ReplayRNGCard","floor":6},{"not_picked":["Reinforced Body","BasicCrystalCard"],"picked":"Mirror Shield","floor":11},{"not_picked":["Sweeping Beam","Conserve Battery","Rebound"],"picked":"SKIP","floor":12},{"not_picked":["Ball Lightning","hubris:Ukulele"],"picked":"Leap","floor":13},{"not_picked":["hubris:Prefetch","Buffer"],"picked":"ReplayRNGCard","floor":16},{"not_picked":["BootSequence","Cold Snap"],"picked":"Crystallizer+1","floor":18},{"not_picked":["Rebound","Streamline"],"picked":"Hologram+1","floor":20},{"not_picked":["Coolheaded","Sunder"],"picked":"Darkness+1","floor":21},{"not_picked":["Turbo","hubris:PowerSurge"],"picked":"Gash+1","floor":29}],"player_experience":228205,"relics_obtained":[{"floor":2,"key":"DataDisk"},{"floor":6,"key":"Bag of Marbles"},{"floor":8,"key":"Ring of Panic"},{"floor":9,"key":"hubris:SoftwareUpdate"},{"floor":12,"key":"Geode"},{"floor":26,"key":"Whetstone"}],"event_choices":[{"damage_healed":0,"gold_gain":0,"player_choice":"Obtained Relic","damage_taken":0,"relics_obtained":["Anchor"],"max_hp_gain":0,"max_hp_loss":0,"event_name":"Addict","floor":19,"gold_loss":85}],"is_beta":false,"boss_relics":[{"not_picked":["hubris:BlackHole","Coffee Dripper"],"picked":"hubris:RunicObelisk"}],"items_purged_floors":[10,14,27],"is_endless":false,"potions_floor_spawned":[11,12,18,21,29],"killed_by":"Nightmare","ascension_level":0}}