{"host":"ue7jlgf7uv134an9","time":1608823056,"event":{"mods":["BaseMod","Better Third Choice","Defuse TimeMaze Blight","Minty Spire (QoL Compilation)","Quick Restart","Rare Cards Sparkle","Relic Stats","StSLib","UnlockEverythingMod"],"gold_per_floor":[115,132,132,150,162,162,189,189,189,201,234,250,250,276,276,348,348,367,263,281,281,296,296,296,296],"floor_reached":24,"playtime":1087,"items_purged":["Strike_G"],"score":436,"play_id":"1293b182-fcd9-4eb0-a6e6-8d6a250cee6a","local_time":"20201224101736","is_ascension_mode":true,"campfire_choices":[{"floor":6,"key":"REST"},{"floor":8,"key":"REST"},{"floor":13,"key":"REST"},{"floor":15,"key":"REST"},{"floor":23,"key":"REST"}],"circlet_count":0,"master_deck":["AscendersBane","Strike_G","Strike_G","Strike_G","Strike_G","Defend_G","Defend_G","Defend_G","Defend_G","Defend_G","Survivor","Neutralize","PiercingWail","Sucker Punch","Well Laid Plans","Poisoned Stab","Backflip","Footwork","Dash","Deadly Poison","Corpse Explosion","Glass Knife","CurseOfTheBell","Backstab","Cloak And Dagger"],"relics":["SacredBark","TungstenRod","The Specimen","Turnip","Calling Bell","Regal Pillow","Mummified Hand","Tingsha"],"acts_visited":["Exordium","TheCity"],"potions_floor_usage":[7,11,12,22,24],"damage_taken":[{"damage":4,"enemies":"Jaw Worm","floor":1,"turns":5},{"damage":9,"enemies":"Small Slimes","floor":2,"turns":6},{"damage":3,"enemies":"Cultist","floor":4,"turns":5},{"damage":25,"enemies":"Large Slime","floor":5,"turns":9},{"damage":31,"enemies":"Lagavulin","floor":7,"turns":7},{"damage":4,"enemies":"Red Slaver","floor":10,"turns":6},{"damage":13,"enemies":"3 Sentries","floor":11,"turns":7},{"damage":4,"enemies":"Exordium Wildlife","floor":12,"turns":4},{"damage":17,"enemies":"Lagavulin","floor":14,"turns":8},{"damage":30,"enemies":"Hexaghost","floor":16,"turns":14},{"damage":7,"enemies":"3 Byrds","floor":18,"turns":4},{"damage":20,"enemies":"Shell Parasite","floor":20,"turns":7},{"damage":13,"enemies":"Snake Plant","floor":22,"turns":6},{"damage":58,"enemies":"Gremlin Leader","floor":24,"turns":5}],"seed_played":"4263461989220056089","potions_obtained":[{"floor":4,"key":"Strength Potion"},{"floor":7,"key":"AttackPotion"},{"floor":11,"key":"GamblersBrew"},{"floor":14,"key":"Strength Potion"},{"floor":16,"key":"DuplicationPotion"}],"is_trial":false,"path_per_floor":["M","M","?","M","M","R","E","R","T","M","E","M","R","E","R","B",null,"M","$","M","?","M","R","E"],"character_chosen":"THE_SILENT","items_purchased":["Cloak And Dagger"],"campfire_rested":5,"item_purchase_floors":[19],"current_hp_per_floor":[55,46,51,48,23,44,13,34,34,30,17,13,34,17,38,8,55,48,48,28,28,15,51,0,0],"gold":296,"neow_bonus":"BOSS_RELIC","is_daily":false,"chose_seed":false,"campfire_upgraded":0,"win_rate":0.0,"timestamp":1608823056,"path_taken":["M","M","?","M","M","R","E","R","T","M","E","M","R","E","R","BOSS","M","$","M","?","M","R","E"],"items_purchased_type":["Card"],"build_version":"2020-12-22","purchased_purges":1,"victory":false,"max_hp_per_floor":[66,66,71,71,71,71,71,71,71,71,71,71,71,71,71,71,71,71,71,71,71,71,71,71,71],"relic_stats":{"Regal Pillow":15,"counters":[14,93],"Mummified Hand":[4],"Tingsha":[3],"Turnip":[6],"obtain_stats":[{"Calling Bell":17,"Regal Pillow":17,"The Specimen":11,"Mummified Hand":17,"SacredBark":0,"Tingsha":17,"Turnip":14,"TungstenRod":7,"Ring of the Snake":0},{"Calling Bell":10,"Regal Pillow":10,"The Specimen":7,"Mummified Hand":10,"SacredBark":0,"Tingsha":10,"Turnip":9,"TungstenRod":5,"Ring of the Snake":0},{"Calling Bell":71,"Regal Pillow":71,"The Specimen":45,"Mummified Hand":71,"SacredBark":0,"Tingsha":71,"Turnip":57,"TungstenRod":32,"Ring of the Snake":0}],"TungstenRod":53},"card_choices":[{"not_picked":["Underhanded Strike","Outmaneuver"],"picked":"PiercingWail","floor":1},{"not_picked":["Deflect","Calculated Gamble"],"picked":"Sucker Punch","floor":2},{"not_picked":["Deadly Poison","Caltrops"],"picked":"Well Laid Plans","floor":4},{"not_picked":["Terror","Slice"],"picked":"Poisoned Stab","floor":5},{"not_picked":["Storm of Steel","Tactician"],"picked":"Backflip","floor":7},{"not_picked":["Prepared","Blade Dance"],"picked":"Footwork","floor":10},{"not_picked":["Catalyst","Skewer"],"picked":"Dash","floor":11},{"not_picked":["Dodge and Roll","Dagger Throw"],"picked":"Deadly Poison","floor":12},{"not_picked":["Acrobatics","Distraction"],"picked":"Corpse Explosion","floor":14},{"not_picked":["Malaise","Phantasmal Killer"],"picked":"Glass Knife","floor":16},{"not_picked":["Underhanded Strike","Concentrate"],"picked":"Backstab","floor":18},{"not_picked":["Quick Slash+1","Underhanded Strike+1","Sucker Punch"],"picked":"SKIP","floor":20},{"not_picked":["Slice","Infinite Blades","Bane"],"picked":"SKIP","floor":22}],"player_experience":46909,"relics_obtained":[{"floor":7,"key":"TungstenRod"},{"floor":11,"key":"The Specimen"},{"floor":14,"key":"Turnip"},{"floor":17,"key":"Regal Pillow"},{"floor":17,"key":"Mummified Hand"},{"floor":17,"key":"Tingsha"}],"event_choices":[{"damage_healed":0,"gold_gain":0,"player_choice":"Donut","damage_taken":0,"max_hp_gain":5,"max_hp_loss":0,"event_name":"Big Fish","floor":3,"gold_loss":0},{"damage_healed":0,"gold_gain":0,"player_choice":"Ignored","damage_taken":0,"max_hp_gain":0,"max_hp_loss":0,"event_name":"The Mausoleum","floor":21,"gold_loss":0}],"is_beta":false,"boss_relics":[{"not_picked":["Black Star","Runic Pyramid"],"picked":"Calling Bell"}],"items_purged_floors":[19],"is_endless":false,"potions_floor_spawned":[4,7,11,14,16,18],"killed_by":"Gremlin Leader","ascension_level":20}}