{"host":"vyt5ne9ydo1z9gg1","time":1608807235,"event":{"mods":["BaseMod","Curses Come First","GifTheSpireLib","Minty Spire (QoL Compilation)","StSLib"],"gold_per_floor":[111,123,135,28,38,38,65,77,89,101,126,151,196,220,232,341,353,378,4,4,14,29,29,29,29,29,45,45,63,79,99,99,197,197,215,226,0,11,26,26,26],"floor_reached":40,"playtime":1781,"items_purged":[],"score":553,"play_id":"eb071d0f-6398-40f0-af98-1c81734590ae","local_time":"20201224215355","is_ascension_mode":true,"campfire_choices":[{"data":"Armaments","floor":6,"key":"SMITH"},{"floor":8,"key":"REST"},{"data":"Cleave","floor":10,"key":"SMITH"},{"data":"True Grit","floor":15,"key":"SMITH"},{"data":"Perfected Strike","floor":23,"key":"SMITH"},{"data":"Bash","floor":25,"key":"SMITH"},{"data":"Cleave","floor":28,"key":"SMITH"},{"data":"Clothesline","floor":32,"key":"SMITH"}],"circlet_count":0,"master_deck":["Strike_R","Strike_R","Strike_R","Strike_R","Strike_R","Defend_R","Defend_R","Defend_R","Defend_R","Bash+1","Cleave+1","Rupture","True Grit+1","Bandage Up","Armaments+1","Battle Trance","Twin Strike","Warcry","Clothesline+1","Twin Strike","Anger","Demon Form","Sever Soul+1","Shrug It Off","Shockwave","Shame","Dropkick+1","Perfected Strike+1","Cleave+1","Second Wind+1","Havoc+1","Iron Wave+1","Inflame","Flame Barrier+1"],"relics":["Burning Blood","Pen Nib","MawBank","Red Skull","Pear","Busted Crown","Vajra","Strawberry","Question Card","Philosopher\u0027s Stone","Red Mask"],"acts_visited":["Exordium","TheCity","TheBeyond"],"potions_floor_usage":[11,16,33,33,38,40],"damage_taken":[{"damage":1,"enemies":"Cultist","floor":1,"turns":4},{"damage":2,"enemies":"Jaw Worm","floor":2,"turns":3},{"damage":0,"enemies":"2 Louse","floor":3,"turns":2},{"damage":9,"enemies":"Blue Slaver","floor":5,"turns":3},{"damage":50,"enemies":"Gremlin Nob","floor":7,"turns":5},{"damage":19,"enemies":"Gremlin Gang","floor":11,"turns":3},{"damage":7,"enemies":"2 Fungi Beasts","floor":12,"turns":2},{"damage":37,"enemies":"3 Sentries","floor":13,"turns":8},{"damage":6,"enemies":"Exordium Thugs","floor":14,"turns":3},{"damage":28,"enemies":"The Guardian","floor":16,"turns":13},{"damage":44,"enemies":"Spheric Guardian","floor":18,"turns":6},{"damage":4,"enemies":"Chosen","floor":21,"turns":4},{"damage":0,"enemies":"Centurion and Healer","floor":22,"turns":4},{"damage":29,"enemies":"Snake Plant","floor":27,"turns":3},{"damage":4,"enemies":"Cultist and Chosen","floor":29,"turns":3},{"damage":13,"enemies":"Centurion and Healer","floor":30,"turns":5},{"damage":1,"enemies":"3 Cultists","floor":31,"turns":3},{"damage":40,"enemies":"Champ","floor":33,"turns":8},{"damage":5,"enemies":"Orb Walker","floor":35,"turns":3},{"damage":35,"enemies":"3 Shapes","floor":36,"turns":6},{"damage":40,"enemies":"Writhing Mass","floor":38,"turns":4},{"damage":0,"enemies":"4 Shapes","floor":39,"turns":4},{"damage":53,"enemies":"Reptomancer","floor":40,"turns":5}],"seed_played":"-7993850809978072059","potions_obtained":[{"floor":2,"key":"GamblersBrew"},{"floor":3,"key":"Regen Potion"},{"floor":11,"key":"DuplicationPotion"},{"floor":13,"key":"Block Potion"},{"floor":21,"key":"ColorlessPotion"},{"floor":30,"key":"SkillPotion"},{"floor":33,"key":"Dexterity Potion"},{"floor":36,"key":"Weak Potion"},{"floor":38,"key":"FearPotion"}],"is_trial":false,"path_per_floor":["M","M","M","$","M","R","E","R","T","R","M","M","E","M","R","B",null,"M","$","?","M","M","R","$","R","T","M","R","M","M","M","R","B",null,"M","M","?","M","M","E"],"character_chosen":"IRONCLAD","items_purchased":["Bandage Up","Armaments","Vajra","Strawberry","Shrug It Off","Shockwave"],"campfire_rested":1,"item_purchase_floors":[4,4,19,19,19,19],"current_hp_per_floor":[77,80,80,80,77,77,37,61,61,61,57,60,43,47,47,29,75,41,48,48,54,64,64,64,64,64,45,45,51,48,57,57,27,80,85,56,56,26,36,0,0],"gold":26,"neow_bonus":"RANDOM_COMMON_RELIC","is_daily":false,"chose_seed":false,"campfire_upgraded":7,"win_rate":0.0,"timestamp":1608807235,"path_taken":["M","M","?","$","M","R","E","R","T","R","M","M","E","M","R","BOSS","M","$","?","M","M","R","$","R","T","M","R","M","M","M","R","BOSS","M","M","?","M","M","E"],"items_purchased_type":["Card","Card","Relic","Relic","Card","Card"],"build_version":"2020-12-22","purchased_purges":0,"victory":false,"max_hp_per_floor":[80,80,80,80,80,80,80,80,80,80,80,80,90,90,90,90,90,90,97,97,97,97,97,97,97,97,97,97,97,97,97,97,97,97,97,97,97,97,97,97,97],"card_choices":[{"not_picked":["Iron Wave","Thunderclap"],"picked":"Cleave","floor":1},{"not_picked":["Reckless Charge","Entrench"],"picked":"Rupture","floor":2},{"not_picked":["Searing Blow","Sword Boomerang"],"picked":"True Grit","floor":3},{"not_picked":["Thunderclap","Cleave"],"picked":"Battle Trance","floor":5},{"not_picked":["Perfected Strike","Double Tap"],"picked":"Twin Strike","floor":7},{"not_picked":["Wild Strike","Armaments"],"picked":"Warcry","floor":11},{"not_picked":["Battle Trance","Wild Strike"],"picked":"Clothesline","floor":12},{"not_picked":["Headbutt","Perfected Strike"],"picked":"Twin Strike","floor":13},{"not_picked":["Sword Boomerang","Clash"],"picked":"Anger","floor":14},{"not_picked":["Immolate","Double Tap"],"picked":"Demon Form","floor":16},{"not_picked":[],"picked":"Sever Soul+1","floor":18},{"not_picked":["Intimidate"],"picked":"Dropkick+1","floor":21},{"not_picked":["Whirlwind"],"picked":"Perfected Strike","floor":22},{"not_picked":["Armaments"],"picked":"Cleave","floor":27},{"not_picked":["Searing Blow","Dark Embrace"],"picked":"SKIP","floor":29},{"not_picked":["Metallicize","Headbutt"],"picked":"SKIP","floor":30},{"not_picked":["Clothesline"],"picked":"Second Wind+1","floor":31},{"not_picked":["Armaments"],"picked":"Havoc+1","floor":35},{"not_picked":["Pommel Strike+1"],"picked":"Iron Wave+1","floor":36},{"not_picked":["Body Slam"],"picked":"Inflame","floor":38},{"not_picked":["Pummel"],"picked":"Flame Barrier+1","floor":39}],"player_experience":160446,"relics_obtained":[{"floor":7,"key":"MawBank"},{"floor":9,"key":"Red Skull"},{"floor":13,"key":"Pear"}],"event_choices":[{"damage_healed":0,"gold_gain":0,"player_choice":"Stole Relic","damage_taken":0,"relics_obtained":["Question Card"],"max_hp_gain":0,"max_hp_loss":0,"event_name":"Addict","floor":20,"gold_loss":0,"cards_obtained":["Shame"]},{"damage_healed":0,"gold_gain":0,"player_choice":"Paid","damage_taken":0,"relics_obtained":["Red Mask"],"max_hp_gain":0,"max_hp_loss":0,"event_name":"Tomb of Lord Red Mask","floor":37,"gold_loss":226}],"is_beta":false,"boss_relics":[{"not_picked":["Velvet Choker","Calling Bell"],"picked":"Busted Crown"},{"not_picked":["Coffee Dripper","Sozu"],"picked":"Philosopher\u0027s Stone"}],"items_purged_floors":[],"is_endless":false,"potions_floor_spawned":[2,3,11,13,21,30,31,33,36,38],"killed_by":"Reptomancer","ascension_level":6}}