{"host":"1637j8siz7lzgd5k","time":1608804866,"event":{"mods":["BaseMod","Colored Map","Minty Spire (QoL Compilation)","StSLib","SuperFastMode"],"gold_per_floor":[113,113,125,26,176,176,76,111,187,203,203,203,237,257,257,257,257],"floor_reached":16,"playtime":204,"items_purged":["Strike_R","Doubt"],"score":266,"play_id":"96ce4ff5-a6d7-4c8b-b811-11514f06cfe1","local_time":"20201224191426","is_ascension_mode":true,"campfire_choices":[{"data":"Cleave","floor":6,"key":"SMITH"},{"data":"Sword Boomerang","floor":11,"key":"SMITH"},{"data":"Inflame","floor":15,"key":"SMITH"}],"circlet_count":0,"master_deck":["AscendersBane","Strike_R","Strike_R","Defend_R","Defend_R+1","Defend_R","Defend_R+1","Bash","Reckless Charge","Inflame+1","Cleave+1","Sword Boomerang+1","Pummel"],"relics":["Burning Blood","NeowsBlessing","War Paint","Question Card","Nunchaku"],"acts_visited":["Exordium"],"potions_floor_usage":[13,16],"damage_taken":[{"damage":0,"enemies":"Cultist","floor":1,"turns":1},{"damage":0,"enemies":"Small Slimes","floor":3,"turns":1},{"damage":0,"enemies":"3 Sentries","floor":8,"turns":1},{"damage":2,"enemies":"2 Louse","floor":10,"turns":3},{"damage":8,"enemies":"Gremlin Nob","floor":13,"turns":3},{"damage":46,"enemies":"Exordium Thugs","floor":14,"turns":4},{"damage":37,"enemies":"Hexaghost","floor":16,"turns":9}],"seed_played":"5750167322796062259","potions_obtained":[{"floor":8,"key":"DuplicationPotion"},{"floor":13,"key":"SkillPotion"}],"is_trial":false,"path_per_floor":["M","?","M","$","?","R","$","E","T","M","R","?","E","M","R","B"],"character_chosen":"IRONCLAD","items_purchased":["Cleave"],"campfire_rested":0,"item_purchase_floors":[4],"current_hp_per_floor":[74,74,75,75,75,75,75,75,75,75,75,75,73,33,33,0,0],"gold":257,"neow_bonus":"THREE_ENEMY_KILL","is_daily":false,"chose_seed":false,"campfire_upgraded":3,"win_rate":0.0,"timestamp":1608804866,"path_taken":["M","?","?","$","?","R","$","E","T","M","R","?","E","M","R","BOSS"],"items_purchased_type":["Card"],"build_version":"2020-12-22","purchased_purges":2,"victory":false,"max_hp_per_floor":[75,75,75,75,75,75,75,75,75,75,75,75,75,75,75,75,75],"card_choices":[{"not_picked":["Clash","Seeing Red","Sentinel"],"picked":"SKIP","floor":1},{"not_picked":["Intimidate","Shrug It Off"],"picked":"Inflame","floor":3},{"not_picked":["Feel No Pain","Searing Blow","Uppercut"],"picked":"SKIP","floor":8},{"not_picked":["Spot Weakness","Fire Breathing","Cleave"],"picked":"Sword Boomerang","floor":10},{"not_picked":["Brutality","Sword Boomerang","Perfected Strike"],"picked":"Pummel","floor":13},{"not_picked":["Sentinel","Metallicize","Armaments","Second Wind"],"picked":"SKIP","floor":14}],"player_experience":814252,"relics_obtained":[{"floor":8,"key":"War Paint"},{"floor":9,"key":"Question Card"},{"floor":13,"key":"Nunchaku"}],"event_choices":[{"damage_healed":0,"gold_gain":0,"cards_transformed":["Strike_R"],"player_choice":"Transformed","damage_taken":0,"max_hp_gain":0,"max_hp_loss":0,"event_name":"Transmorgrifier","floor":2,"gold_loss":0,"cards_obtained":["Reckless Charge"]},{"damage_healed":0,"gold_gain":150,"player_choice":"AGREE","damage_taken":0,"max_hp_gain":0,"max_hp_loss":0,"event_name":"Liars Game","floor":5,"gold_loss":0,"cards_obtained":["Doubt"]},{"cards_removed":["Strike_R"],"damage_healed":0,"gold_gain":0,"player_choice":"Offered Basic","damage_taken":0,"max_hp_gain":0,"max_hp_loss":0,"event_name":"Bonfire Elementals","floor":12,"gold_loss":0}],"is_beta":false,"boss_relics":[],"items_purged_floors":[4,7],"is_endless":false,"potions_floor_spawned":[8,13],"killed_by":"Hexaghost","ascension_level":20}}