{"host":"27tk4xseidcli2mr","time":1608826237,"event":{"mods":["2.2 Compatiblity","AchievementEnabler","Aspiration","BaseMod","Better Third Choice","Conspire","Custom Start","Hubris","Jorbs\u0027s Wanderer Trilogy","Minty Spire (QoL Compilation)","Replay The Spire","StSLib","SuperFastMode","[IsaacMod]????"],"gold_per_floor":[112,126,51,63,63,88,88,88,111,111,141,153,19,31,31,104,104,119,39,57,57,75,110,110,139,163,0,46,74,98,118,118,209,209,255,255,5,21,47,75,75,108,132,5,53,53,53,87,87,108,108],"floor_reached":50,"playtime":1908,"items_purged":["Strike_R","Strike_R","Strike_R","Defend_R"],"score":1354,"play_id":"9c35fbb2-72d9-4ee7-8496-e10b48696d6d","local_time":"20201224171037","is_ascension_mode":true,"campfire_choices":[{"data":"hubris:StunningStrike","floor":7.0,"key":"SMITH"},{"floor":10.0,"key":"REST"},{"data":"Metallicize","floor":15.0,"key":"SMITH"},{"floor":24.0,"key":"REST"},{"floor":32.0,"key":"REST"},{"floor":41.0,"key":"RECALL"},{"data":"Metallicize+1","floor":49.0,"key":"SMITH"}],"circlet_count":0,"master_deck":["AscendersBane","Defend_R","Defend_R","Bash","Twin Strike","hubris:StunningStrike+1","Thunderclap","Metallicize+2","Flame Barrier","Shrug It Off","Offering+1","Thunderclap","Dual Wield","Replay:Undeath\u0027s Touch","ReplayUltimateDefense+1","Shrug It Off","Pummel+1","Replay:Many Hands","Replay:Undeath\u0027s Touch","Pummel+1","hubris:SlightOfHand","Acrobatics","Poisoned Stab","Reaper","Discovery"],"relics":["Burning Blood","HushsDoor","hubris:Towel","Bag of Marbles","SteamSale","hubris:EvacipatedBox","Red Skull","PreservedInsect","aspiration:FrozenJewel","Sling","BelialBook","SacredBark","aspiration:Nostalgia","Replay:M_StaffOfTheSnake","Prayer Wheel","SalivaCoin","Astrolabe","conspire:InfiniteJournal","Guide Book","Replay:Rubber Ducky","BookOfRevelations","Replay:Wax Seal","Torii"],"acts_visited":["Exordium","TheCity","TheBeyond"],"potions_floor_usage":[],"damage_taken":[{"damage":12.0,"enemies":"Cultist","floor":1.0,"turns":4.0},{"damage":7.0,"enemies":"Small Slimes","floor":2.0,"turns":3.0},{"damage":7.0,"enemies":"conspire:RoseBush","floor":4.0,"turns":4.0},{"damage":20.0,"enemies":"3 Sentries","floor":6.0,"turns":3.0},{"damage":0.0,"enemies":"Gremlin Nob","floor":11.0,"turns":3.0},{"damage":6.0,"enemies":"Exordium Thugs","floor":12.0,"turns":4.0},{"damage":6.0,"enemies":"Looter","floor":14.0,"turns":3.0},{"damage":0.0,"enemies":"Hexaghost","floor":16.0,"turns":8.0},{"damage":47.0,"enemies":"Spheric Guardian","floor":18.0,"turns":10.0},{"damage":8.0,"enemies":"Chosen","floor":20.0,"turns":6.0},{"damage":10.0,"enemies":"conspire:HollyBat","floor":22.0,"turns":9.0},{"damage":6.0,"enemies":"conspire:Head Lice","floor":23.0,"turns":2.0},{"damage":15.0,"enemies":"Book of Stabbing","floor":25.0,"turns":4.0},{"damage":33.0,"enemies":"3 Cultists","floor":28.0,"turns":6.0},{"damage":8.0,"enemies":"Chosen and Byrds","floor":29.0,"turns":5.0},{"damage":11.0,"enemies":"Cultist and Chosen","floor":30.0,"turns":7.0},{"damage":0.0,"enemies":"Snake Plant","floor":31.0,"turns":2.0},{"damage":11.0,"enemies":"Collector","floor":33.0,"turns":7.0},{"damage":51.0,"enemies":"3 Shapes","floor":35.0,"turns":9.0},{"damage":0.0,"enemies":"Orb Walker","floor":38.0,"turns":2.0},{"damage":0.0,"enemies":"Reptomancer","floor":40.0,"turns":1.0},{"damage":27.0,"enemies":"Spire Growth","floor":42.0,"turns":3.0},{"damage":30.0,"enemies":"R_Hoarder","floor":45.0,"turns":10.0},{"damage":14.0,"enemies":"3 Darklings","floor":48.0,"turns":4.0},{"damage":29,"enemies":"Donu and Deca","floor":50,"turns":2}],"seed_played":"-8989711662423639971","potions_obtained":[{"floor":4.0,"key":"Weak Potion"},{"floor":12.0,"key":"Languid Potion"},{"floor":16.0,"key":"Strength Potion"},{"floor":18.0,"key":"Fire Potion"},{"floor":29.0,"key":"Block Potion"},{"floor":30.0,"key":"SteroidPotion"},{"floor":31.0,"key":"ColorlessPotion"},{"floor":38.0,"key":"SteroidPotion"},{"floor":42.0,"key":"Death Potion"},{"floor":45.0,"key":"ColorlessPotion"}],"is_trial":false,"path_per_floor":["M","M","$","M","?","E","R","$","T","R","E","M","$","M","R","B",null,"M","$","M","?","M","E","R","E","T","$","M","M","M","M","R","B",null,"M","?","$","M","T","E","R","M","T","$","E","$","?","M","R","B"],"character_chosen":"IRONCLAD","items_purchased":["SteamSale","hubris:EvacipatedBox","Red Skull","Sling","aspiration:Nostalgia","ReplayUltimateDefense","conspire:InfiniteJournal","Guide Book","Discovery"],"campfire_rested":3,"item_purchase_floors":[8,8,8,13,19,27,37,37,44],"current_hp_per_floor":[69,68,68,67,67,53,53,14,14,38,44,44,44,44,44,50,74,33,33,31,31,27,27,51,42,42,42,15,13,8,14,38,33,70,25,25,25,31,31,82,82,61,61,61,37,37,37,29,29,0,0],"gold":108,"neow_bonus":"TEN_PERCENT_HP_BONUS","is_daily":false,"chose_seed":false,"campfire_upgraded":3,"win_rate":0.0,"timestamp":1608826237,"path_taken":["M","M","?","?","?","E","R","?","T","R","E","M","$","M","R","BOSS","M","?","?","?","M","E","R","E","T","?","M","M","M","M","R","BOSS","M","?","$","M","?","E","R","M","T","?","E","$","?","?","R","BOSS"],"items_purchased_type":["Relic","Relic","Relic","Relic","Relic","Card","Relic","Relic","Card"],"build_version":"2020-12-22","purchased_purges":4,"victory":false,"max_hp_per_floor":[82,82,82,82,82,82,82,82,82,82,82,82,82,82,82,82,82,82,82,82,82,82,82,82,82,82,82,82,82,82,82,82,82,82,82,82,82,82,82,82,82,82,82,82,82,82,82,82,82,82,82],"card_choices":[{"not_picked":["Entrench","True Grit"],"picked":"Twin Strike","floor":1.0},{"not_picked":["ReplayTheSpireMod:Strike From Hell","ReplayTheSpireMod:Stacked"],"picked":"hubris:StunningStrike","floor":2.0},{"not_picked":["Uppercut","Havoc"],"picked":"Thunderclap","floor":4.0},{"not_picked":["Bomb","Double Tap"],"picked":"Metallicize","floor":6.0},{"not_picked":["Headbutt","Anger"],"picked":"Flame Barrier","floor":11.0},{"not_picked":["Twin Strike","Evolve"],"picked":"Shrug It Off","floor":12.0},{"not_picked":["Iron Wave","Clothesline","Anger"],"picked":"SKIP","floor":14.0},{"not_picked":["Barricade","Eclipse"],"picked":"Offering","floor":16.0},{"not_picked":["Clothesline","ReplayTheSpireMod:Strike From Hell"],"picked":"Thunderclap","floor":18.0},{"not_picked":["Run Through","Second Wind"],"picked":"Dual Wield","floor":20.0},{"not_picked":["Perfected Strike","Warcry","Immolate"],"picked":"SKIP","floor":22.0},{"not_picked":["TalkToTheHand","Acrobatics"],"picked":"Replay:Undeath\u0027s Touch","floor":23.0},{"not_picked":["Entrench","Combust","Massacre"],"picked":"SKIP","floor":25.0},{"not_picked":["Feel No Pain","Predator+1"],"picked":"Shrug It Off","floor":28.0},{"not_picked":["Heavy Blade","Vengeance"],"picked":"Pummel+1","floor":28.0},{"not_picked":["Dagger Throw","Hemokinesis","Anger"],"picked":"SKIP","floor":29.0},{"not_picked":["Vengeance","SashWhip","Flex"],"picked":"SKIP","floor":29.0},{"not_picked":["Carnage","Clothesline"],"picked":"Replay:Many Hands","floor":30.0},{"not_picked":["Shrug It Off","Vengeance"],"picked":"Replay:Undeath\u0027s Touch","floor":30.0},{"not_picked":["Rage","ReplayTheSpireMod:Corrosion Curse"],"picked":"Pummel+1","floor":31.0},{"not_picked":["Abandon+1","Perfected Strike+1","Anger"],"picked":"SKIP","floor":31.0},{"not_picked":["Reckless Charge","Replay:Undeath\u0027s Touch","ReplayTheSpireMod:Corrosion Curse+1"],"picked":"SKIP","floor":35.0},{"not_picked":["Replay:Undeath\u0027s Touch","Hemokinesis","Battle Trance"],"picked":"SKIP","floor":35.0},{"not_picked":["Cleave","Sword Boomerang+1"],"picked":"Reaper","floor":38.0},{"not_picked":["True Grit","Clothesline","Feel No Pain"],"picked":"SKIP","floor":38.0},{"not_picked":["Battle Trance","Inflame+1","Setup"],"picked":"SKIP","floor":40.0},{"not_picked":["Sword Boomerang","Crescendo","Acrobatics"],"picked":"SKIP","floor":42.0},{"not_picked":["Feed","Setup","ReplayTheSpireMod:Corrosion Curse+1"],"picked":"SKIP","floor":42.0},{"not_picked":["Twin Strike","Thunderclap+1","Reaper"],"picked":"SKIP","floor":45.0},{"not_picked":["Body Slam","Flying Knee","WaveOfTheHand"],"picked":"SKIP","floor":48.0},{"not_picked":["Clothesline","Evolve","Combust+1"],"picked":"SKIP","floor":48.0}],"player_experience":1222683,"relics_obtained":[{"floor":6.0,"key":"Bag of Marbles"},{"floor":9.0,"key":"PreservedInsect"},{"floor":11.0,"key":"aspiration:FrozenJewel"},{"floor":23.0,"key":"Prayer Wheel"},{"floor":25.0,"key":"SalivaCoin"},{"floor":39.0,"key":"Replay:Rubber Ducky"},{"floor":40.0,"key":"BookOfRevelations"},{"floor":43.0,"key":"Replay:Wax Seal"},{"floor":45.0,"key":"Torii"}],"event_choices":[],"is_beta":false,"boss_relics":[{"not_picked":["Calling Bell","conspire:SlowCooker","Cursed Key"],"picked":"SacredBark"},{"not_picked":[]},{"not_picked":["Runic Cube","Fusion Hammer","Honey Jar"],"picked":"Astrolabe"},{"not_picked":[]}],"items_purged_floors":[3,13,27,44],"is_endless":false,"potions_floor_spawned":[4,12,16,18,29,30,31,38,42,45],"killed_by":"Donu and Deca","ascension_level":20}}