{"host":"lreod2rejfd0az5i","time":1608799281,"event":{"mods":["AchievementEnabler","Aspiration","BaseMod","Colored Powertips","Conspire","Downfall","Highlight Path","Hubris","Infinite Spire","Mad Scientist","Minty Spire (QoL Compilation)","Rare Cards Sparkle","Relic Stats","Replay The Spire","StSLib","The Bug Knight","The Jungle"],"gold_per_floor":[116,216,5,5,155,155,183,108,108,136,136,36,111,153,153,230,230,245,245,257,257,257,257,268,295,295,295,295,295,314,331,331,403,403,423,443,276,276,294,294,307,307,331,343,343,373,389,461,461,461],"floor_reached":51,"playtime":1647,"items_purged":["Doubt","Strike_G","Shame"],"score":1511,"play_id":"dded4417-91b1-4939-8fef-7554c624b47b","local_time":"20201224014121","is_ascension_mode":true,"campfire_choices":[{"data":"Blade Dance","floor":6.0,"key":"SMITH"},{"data":"Storm of Steel","floor":11.0,"key":"SMITH"},{"data":"Phantasmal Killer","floor":15.0,"key":"SMITH"},{"floor":23.0,"key":"REST"},{"floor":27.0,"key":"REST"},{"data":"Blade Dance","floor":29.0,"key":"SMITH"},{"data":"conspire:PoisonWeapons","floor":32.0,"key":"SMITH"},{"floor":40.0,"key":"REST"},{"floor":42.0,"key":"REST"},{"data":"Finisher","floor":45.0,"key":"SMITH"},{"floor":49.0,"key":"REST"}],"circlet_count":0,"master_deck":["AscendersBane","Strike_G","Strike_G","Strike_G","Strike_G","Defend_G","Defend_G","Defend_G","Defend_G","Defend_G","Survivor","Neutralize","Blade Dance+1","Backflip","Storm of Steel+1","Terror","Phantasmal Killer+1","After Image","Blade Dance+1","Predator","Hidden Blade","conspire:PoisonWeapons+1","Die Die Die","Acrobatics","Choke","After Image","Finisher+1","Choke+1","Pain","Accuracy"],"relics":["Ring of the Snake","NeowsBlessing","HandDrill","Ring of Misfortune","ReplayTheSpireMod:TigerMarble","conspire:GiftBox","hubris:ToyBattleship","hubris:Reverence","hubris:HollowSoul","Tough Bandages","infinitespire:Eraser","conspire:SpecialSausage","Bronze Scales","hubris:SlimyHat","Orichalcum"],"acts_visited":["Exordium","TheCity","TheBeyond"],"potions_floor_usage":[50],"damage_taken":[{"damage":0.0,"enemies":"2 Louse","floor":1.0,"turns":1.0},{"damage":0.0,"enemies":"Lagavulin","floor":7.0,"turns":1.0},{"damage":0.0,"enemies":"Gremlin Nob","floor":10.0,"turns":1.0},{"damage":7.0,"enemies":"conspire:MimicChest","floor":14.0,"turns":8.0},{"damage":6.0,"enemies":"Slime Boss","floor":16.0,"turns":5.0},{"damage":0.0,"enemies":"Spheric Guardian","floor":18.0,"turns":1.0},{"damage":30.0,"enemies":"Cultist and Chosen","floor":20.0,"turns":10.0},{"damage":8.0,"enemies":"Sentry and Sphere","floor":24.0,"turns":5.0},{"damage":0.0,"enemies":"HollowMod:Nosk","floor":25.0,"turns":4.0},{"damage":0.0,"enemies":"Shelled Parasite and Fungi","floor":30.0,"turns":3.0},{"damage":0.0,"enemies":"Chosen and Byrds","floor":31.0,"turns":5.0},{"damage":3.0,"enemies":"Champ","floor":33.0,"turns":4.0},{"damage":12.0,"enemies":"Orb Walker","floor":35.0,"turns":3.0},{"damage":32.0,"enemies":"3 Darklings","floor":36.0,"turns":3.0},{"damage":9.0,"enemies":"Spire Growth","floor":39.0,"turns":2.0},{"damage":0.0,"enemies":"Transient","floor":41.0,"turns":6.0},{"damage":0.0,"enemies":"3 Darklings","floor":44.0,"turns":4.0},{"damage":14.0,"enemies":"Reptomancer","floor":46.0,"turns":5.0},{"damage":7.0,"enemies":"Spire Growth","floor":47.0,"turns":3.0},{"damage":40,"enemies":"Donu and Deca","floor":50,"turns":8}],"seed_played":"7180680113134990835","potions_obtained":[{"floor":7.0,"key":"PowerPotion"},{"floor":19.0,"key":"SkillPotion"},{"floor":19.0,"key":"Elixir"},{"floor":20.0,"key":"LifebloodPotion"},{"floor":24.0,"key":"hexamod:EctoCoolerPotion"},{"floor":30.0,"key":"Slimebound:ThreeZeroPotion"},{"floor":36.0,"key":"GhostInAJar"},{"floor":41.0,"key":"GhostInAJar"}],"is_trial":false,"path_per_floor":["M","?","$","?","?","R","E","$","T","E","R","$","?","?","R","B",null,"M","?","M","?","?","R","M","E","T","R","?","R","M","M","R","B",null,"M","M","$","?","M","R","M","R","T","M","R","E","M","?","R","B",null],"character_chosen":"THE_SILENT","items_purchased":["Blade Dance","HandDrill","Choke"],"campfire_rested":5,"item_purchase_floors":[3,3,37],"current_hp_per_floor":[59,59,59,59,59,59,59,59,59,59,59,59,48,41,41,35,58,58,58,28,28,28,47,39,39,39,58,58,58,58,58,58,55,63,51,19,19,19,10,29,29,48,48,49,49,35,28,28,48,36],"gold":461,"neow_bonus":"THREE_ENEMY_KILL","is_daily":false,"chose_seed":false,"campfire_upgraded":6,"win_rate":0.0,"timestamp":1608799281,"path_taken":["M","?","?","?","?","R","E","$","T","E","R","$","?","?","R","BOSS","M","?","?","?","?","R","M","E","T","R","?","R","M","M","R","BOSS","M","M","$","?","M","R","M","R","T","M","R","E","M","?","R","BOSS"],"items_purchased_type":["Card","Relic","Card"],"build_version":"2020-12-22","purchased_purges":3,"victory":true,"max_hp_per_floor":[66,66,66,66,66,66,66,66,66,66,66,66,66,66,66,66,66,66,66,66,66,66,66,66,66,66,66,66,66,66,66,66,66,66,66,66,66,66,66,66,66,66,66,67,67,67,67,67,67,67],"relic_stats":{"Tough Bandages":[264],"counters":[20,82],"Bronze Scales":[54],"HandDrill":[28],"Orichalcum":[0],"obtain_stats":[{"NeowsBlessing":0,"conspire:SpecialSausage":34,"hubris:HollowSoul":17,"hubris:SlimyHat":46,"Orichalcum":48,"conspire:GiftBox":9,"Tough Bandages":25,"Ring of Misfortune":4,"Bronze Scales":43,"HandDrill":3,"ReplayTheSpireMod:TigerMarble":7,"hubris:ToyBattleship":10,"infinitespire:Eraser":26,"Ring of the Snake":0,"hubris:Reverence":14},{"NeowsBlessing":0,"conspire:SpecialSausage":12,"hubris:HollowSoul":5,"hubris:SlimyHat":18,"Orichalcum":19,"conspire:GiftBox":2,"Tough Bandages":9,"Ring of Misfortune":1,"Bronze Scales":16,"HandDrill":1,"ReplayTheSpireMod:TigerMarble":2,"hubris:ToyBattleship":3,"infinitespire:Eraser":9,"Ring of the Snake":0,"hubris:Reverence":4},{"NeowsBlessing":0,"conspire:SpecialSausage":48,"hubris:HollowSoul":16,"hubris:SlimyHat":71,"Orichalcum":74,"conspire:GiftBox":2,"Tough Bandages":36,"Ring of Misfortune":1,"Bronze Scales":62,"HandDrill":1,"ReplayTheSpireMod:TigerMarble":2,"hubris:ToyBattleship":3,"infinitespire:Eraser":36,"Ring of the Snake":0,"hubris:Reverence":11}],"Ring of the Snake":[40]},"card_choices":[{"not_picked":["Deadly Poison","Prepared","Hidden Blade"],"picked":"SKIP","floor":1.0},{"not_picked":["Toxin Wave","PiercingWail"],"picked":"Backflip","floor":7.0},{"not_picked":["Unload","Corpse Explosion"],"picked":"Storm of Steel","floor":9.0},{"not_picked":["Dodge and Roll","Poisoned Stab"],"picked":"Terror","floor":10.0},{"not_picked":["Sucker Punch","Prepared"],"picked":"Phantasmal Killer","floor":14.0},{"not_picked":["Corpse Explosion","Bullet Time"],"picked":"After Image","floor":16.0},{"not_picked":["Crippling Poison","Prepared+1","Bane"],"picked":"SKIP","floor":18.0},{"not_picked":["Dagger Spray","Dagger Throw"],"picked":"Blade Dance","floor":20.0},{"not_picked":["Poisoned Stab+1","Crippling Poison","Distraction"],"picked":"SKIP","floor":24.0},{"not_picked":["Underhanded Strike","Flying Knee+1"],"picked":"Predator","floor":25.0},{"not_picked":["ReplayTheSpireMod:Exploit Weakness","Underhanded Strike"],"picked":"Hidden Blade","floor":30.0},{"not_picked":["Bane","Deadly Poison"],"picked":"conspire:PoisonWeapons","floor":31.0},{"not_picked":["aspiration:Lunge","Replay:Bag of Tricks"],"picked":"Die Die Die","floor":33.0},{"not_picked":["Concentrate","Slice"],"picked":"Acrobatics","floor":35.0},{"not_picked":["Riddle With Holes","Quick Slash","Underhanded Strike"],"picked":"SKIP","floor":36.0},{"not_picked":["Cloak And Dagger","Underhanded Strike"],"picked":"Finisher","floor":39.0},{"not_picked":["Dodge and Roll","hubris:TrickCloak","Noxious Fumes+1"],"picked":"SKIP","floor":41.0},{"not_picked":["Prepared","Dodge and Roll","Blade Dance"],"picked":"SKIP","floor":44.0},{"not_picked":["Sucker Punch+1","All Out Attack"],"picked":"Choke+1","floor":46.0},{"not_picked":["Blade Dance","Sucker Punch","Dash"],"picked":"SKIP","floor":47.0},{"not_picked":["Deflect+1","Sucker Punch"],"picked":"Accuracy","floor":48.0}],"player_experience":861307,"relics_obtained":[{"floor":4.0,"key":"Ring of Misfortune"},{"floor":7.0,"key":"ReplayTheSpireMod:TigerMarble"},{"floor":9.0,"key":"conspire:GiftBox"},{"floor":10.0,"key":"hubris:ToyBattleship"},{"floor":14.0,"key":"hubris:Reverence"},{"floor":25.0,"key":"Tough Bandages"},{"floor":26.0,"key":"infinitespire:Eraser"},{"floor":43.0,"key":"Bronze Scales"},{"floor":46.0,"key":"hubris:SlimyHat"},{"floor":48.0,"key":"Orichalcum"}],"event_choices":[{"damage_healed":0.0,"max_hp_gain":0.0,"max_hp_loss":0.0,"gold_gain":100.0,"event_name":"Wheel of Change","player_choice":"Gold","floor":2.0,"gold_loss":0.0,"damage_taken":0.0},{"damage_healed":0.0,"max_hp_gain":0.0,"max_hp_loss":0.0,"gold_gain":150.0,"event_name":"Liars Game","player_choice":"AGREE","floor":5.0,"gold_loss":0.0,"damage_taken":0.0,"cards_obtained":["Doubt"]},{"damage_healed":0.0,"max_hp_gain":0.0,"max_hp_loss":0.0,"gold_gain":75.0,"event_name":"World of Goop","player_choice":"Gather Gold","floor":13.0,"gold_loss":0.0,"damage_taken":11.0},{"damage_healed":0.0,"max_hp_gain":0.0,"max_hp_loss":0.0,"gold_gain":0.0,"event_name":"Lab","player_choice":"Got Potions","floor":19.0,"gold_loss":0.0,"damage_taken":0.0},{"damage_healed":0.0,"max_hp_gain":0.0,"max_hp_loss":0.0,"gold_gain":0.0,"event_name":"Vampires","player_choice":"Ignored","floor":21.0,"gold_loss":0.0,"damage_taken":0.0},{"damage_healed":0.0,"max_hp_gain":0.0,"max_hp_loss":0.0,"gold_gain":0.0,"event_name":"Duplicator","player_choice":"Copied","floor":38.0,"gold_loss":0.0,"damage_taken":0.0,"cards_obtained":["After Image"]}],"is_beta":false,"boss_relics":[{"not_picked":["Ectoplasm","aspiration:FutureDiary"],"picked":"hubris:HollowSoul"},{"not_picked":["Busted Crown","Pandora\u0027s Box"],"picked":"conspire:SpecialSausage"}],"items_purged_floors":[8,12,37],"is_endless":false,"potions_floor_spawned":[7,20,24,30,36,41],"ascension_level":19}}