{"host":"a5lz0e76zb3fcwkm","time":1608825427,"event":{"mods":["AchievementEnabler","BaseMod","Colored Map","Colored Powertips","Minty Spire (QoL Compilation)","StSLib","SuperFastMode"],"gold_per_floor":[110,185,201,126,144,144,179,179,202,222,222,240,240,240],"floor_reached":13,"playtime":304,"items_purged":[],"score":170,"play_id":"4189a656-3a4d-4607-8de6-77d3d4391a41","local_time":"20201225005707","is_ascension_mode":true,"campfire_choices":[{"data":"Deadly Poison","floor":6.0,"key":"SMITH"},{"data":"Well Laid Plans","floor":8.0,"key":"SMITH"}],"circlet_count":0,"master_deck":["AscendersBane","Strike_G","Strike_G","Strike_G","Defend_G","Defend_G","Defend_G","Defend_G","Defend_G","Survivor","Neutralize","Caltrops","Blade Dance","Deadly Poison+1","Well Laid Plans+1","Terror"],"relics":["Coffee Dripper","Regal Pillow","Strawberry"],"acts_visited":[],"potions_floor_usage":[12,13],"damage_taken":[{"damage":0.0,"enemies":"Jaw Worm","floor":1.0,"turns":7.0},{"damage":0.0,"enemies":"2 Louse","floor":3.0,"turns":3.0},{"damage":1.0,"enemies":"Small Slimes","floor":5.0,"turns":4.0},{"damage":32.0,"enemies":"3 Sentries","floor":7.0,"turns":9.0},{"damage":1.0,"enemies":"2 Fungi Beasts","floor":10.0,"turns":4.0},{"damage":14,"enemies":"Gremlin Gang","floor":12,"turns":5},{"damage":30,"enemies":"Gremlin Nob","floor":13,"turns":3}],"seed_played":"1177314568702779198","potions_obtained":[{"floor":1.0,"key":"Regen Potion"},{"floor":3.0,"key":"FearPotion"},{"floor":7.0,"key":"SpeedPotion"},{"floor":10.0,"key":"Weak Potion"}],"is_trial":false,"path_per_floor":["M","?","M","?","M","R","E","R","T","M","?","M","E"],"character_chosen":"THE_SILENT","items_purchased":[],"campfire_rested":0,"item_purchase_floors":[],"current_hp_per_floor":[59,48,48,48,47,47,30,30,37,36,36,22,0,0],"gold":240,"neow_bonus":"BOSS_RELIC","is_daily":false,"chose_seed":false,"campfire_upgraded":2,"win_rate":0.0,"timestamp":1608825427,"path_taken":["M","?","M","?","M","R","E","R","T","M","?","M","E"],"items_purchased_type":[],"build_version":"2020-12-22","purchased_purges":0,"victory":false,"max_hp_per_floor":[66,66,66,66,66,66,66,66,73,73,73,73,73,73],"card_choices":[{"not_picked":["Flying Knee","Dodge and Roll"],"picked":"Caltrops","floor":1.0},{"not_picked":["Concentrate","Acrobatics"],"picked":"Blade Dance","floor":3.0},{"not_picked":["Backstab","Dodge and Roll"],"picked":"Deadly Poison","floor":5.0},{"not_picked":["Dodge and Roll","Backstab"],"picked":"Well Laid Plans","floor":7.0},{"not_picked":["Heel Hook","Blade Dance","Poisoned Stab"],"picked":"SKIP","floor":10.0},{"not_picked":["Flechettes","Blur"],"picked":"Terror","floor":12}],"player_experience":1644336,"relics_obtained":[{"floor":7.0,"key":"Regal Pillow"},{"floor":9.0,"key":"Strawberry"}],"event_choices":[{"damage_healed":0.0,"max_hp_gain":0.0,"max_hp_loss":0.0,"gold_gain":75.0,"event_name":"World of Goop","player_choice":"Gather Gold","floor":2.0,"gold_loss":0.0,"damage_taken":11.0},{"cards_removed":["Strike_G"],"damage_healed":0.0,"max_hp_gain":0.0,"max_hp_loss":0.0,"gold_gain":0.0,"event_name":"The Cleric","player_choice":"Card Removal","floor":4.0,"gold_loss":75.0,"damage_taken":0.0},{"cards_removed":["Strike_G"],"damage_healed":0,"gold_gain":0,"player_choice":"Forget","damage_taken":0,"max_hp_gain":0,"max_hp_loss":0,"event_name":"Living Wall","floor":11,"gold_loss":0}],"is_beta":false,"boss_relics":[],"items_purged_floors":[],"is_endless":false,"potions_floor_spawned":[1,3,7,10],"killed_by":"Gremlin Nob","ascension_level":20}}