{"host":"0a7cgrrfh5edm4wz","time":1608785946,"event":{"mods":["BaseMod","Colored Map","Keyboard Shortcuts","Minty Spire (QoL Compilation)","Quick Restart","StSLib","SuperFastMode"],"gold_per_floor":[115,127,24,34,34,34,47,47,72,72,82,82,114,114,114,114,114],"floor_reached":16,"playtime":311,"items_purged":["Strike_G"],"score":200,"play_id":"5fa178df-02b4-4d2e-b7f0-ec9bd859eccf","local_time":"20201224135906","is_ascension_mode":true,"campfire_choices":[{"data":"Flechettes","floor":6.0,"key":"SMITH"},{"data":"Acrobatics","floor":8.0,"key":"SMITH"},{"data":"Prepared","floor":10.0,"key":"SMITH"},{"data":"Tools of the Trade","floor":15,"key":"SMITH"}],"circlet_count":0,"master_deck":["AscendersBane","Strike_G","Strike_G+1","Strike_G","Defend_G","Defend_G+1","Defend_G","Defend_G+1","Defend_G","Survivor","Neutralize+1","Acrobatics+1","Flechettes+1","Prepared+1","Crippling Poison","Tools of the Trade+1"],"relics":["Ring of the Snake","NeowsBlessing","Whetstone","War Paint","Golden Idol"],"acts_visited":["Exordium"],"potions_floor_usage":[16],"damage_taken":[{"damage":0.0,"enemies":"Small Slimes","floor":1.0,"turns":1.0},{"damage":0.0,"enemies":"2 Louse","floor":2.0,"turns":1.0},{"damage":0.0,"enemies":"Cultist","floor":4.0,"turns":1.0},{"damage":5.0,"enemies":"Blue Slaver","floor":7.0,"turns":3.0},{"damage":9.0,"enemies":"Exordium Wildlife","floor":11.0,"turns":4.0},{"damage":24.0,"enemies":"3 Sentries","floor":13.0,"turns":10.0},{"damage":40,"enemies":"Hexaghost","floor":16,"turns":16}],"seed_played":"2628449332582783722","potions_obtained":[{"floor":4.0,"key":"Block Potion"},{"floor":7.0,"key":"Swift Potion"},{"floor":13,"key":"FairyPotion"}],"is_trial":false,"path_per_floor":["M","M","$","M","?","R","M","R","T","R","M","?","E","?","R","B"],"character_chosen":"THE_SILENT","items_purchased":["Prepared"],"campfire_rested":0,"item_purchase_floors":[3],"current_hp_per_floor":[59,59,59,59,59,59,54,54,54,54,45,45,21,21,21,0,0],"gold":114,"neow_bonus":"THREE_ENEMY_KILL","is_daily":false,"chose_seed":false,"campfire_upgraded":4,"win_rate":0.0,"timestamp":1608785946,"path_taken":["M","M","$","M","?","R","M","R","T","R","M","?","E","?","R","BOSS"],"items_purchased_type":["Card"],"build_version":"2020-12-22","purchased_purges":1,"victory":false,"max_hp_per_floor":[66,66,66,66,66,66,66,66,66,66,66,66,66,60,60,60,60],"card_choices":[{"not_picked":["Finisher","Sucker Punch"],"picked":"Acrobatics","floor":1.0},{"not_picked":["Blur","Dodge and Roll"],"picked":"Flechettes","floor":2.0},{"not_picked":["Dodge and Roll","Poisoned Stab"],"picked":"Crippling Poison","floor":4.0},{"not_picked":["Prepared","Expertise","Poisoned Stab"],"picked":"SKIP","floor":7.0},{"not_picked":["Heel Hook","Skewer","Underhanded Strike"],"picked":"SKIP","floor":11.0},{"not_picked":["Bouncing Flask","Dagger Throw","Tools of the Trade"],"picked":"SKIP","floor":13},{"not_picked":["Bouncing Flask","Dagger Throw"],"picked":"Tools of the Trade","floor":13}],"player_experience":884222,"relics_obtained":[{"floor":9.0,"key":"Whetstone"},{"floor":13,"key":"War Paint"}],"event_choices":[{"cards_removed":["Strike_G"],"damage_healed":0.0,"max_hp_gain":0.0,"max_hp_loss":0.0,"gold_gain":0.0,"event_name":"Living Wall","player_choice":"Forget","floor":5.0,"gold_loss":0.0,"damage_taken":0.0},{"damage_healed":0.0,"max_hp_gain":0.0,"max_hp_loss":0.0,"gold_gain":0.0,"event_name":"Shining Light","player_choice":"Ignored","floor":12.0,"gold_loss":0.0,"damage_taken":0.0},{"damage_healed":0,"gold_gain":0,"player_choice":"Lose Max HP","damage_taken":0,"relics_obtained":["Golden Idol"],"max_hp_gain":0,"max_hp_loss":6,"event_name":"Golden Idol","floor":14,"gold_loss":0}],"is_beta":false,"boss_relics":[],"items_purged_floors":[3],"is_endless":false,"potions_floor_spawned":[4,7,13],"killed_by":"Hexaghost","ascension_level":20}}