{"host":"Tuck","time":1608788151,"event":{"mods":["BaseMod","Minty Spire (QoL Compilation)","StSLib"],"gold_per_floor":[110,354,304,304,316,350,363,383,383,416,416,430,465,479,479,577,577,589,600,611,611,681,711,711,743,743,756,583,633,663,680,680,776,776,794,324,374,388,438,469,519,545,545,606,618,618,634,660,660,660,660,660,301,332,332],"floor_reached":56,"playtime":3645,"items_purged":["Strike_G","Strike_G","Well Laid Plans+1"],"score":1916,"play_id":"1257e6b2-a6d3-4611-a83a-c4ce753d80df","local_time":"20201223223550","is_ascension_mode":true,"campfire_choices":[{"data":"Catalyst","floor":11.0,"key":"SMITH"},{"data":"Bouncing Flask","floor":15.0,"key":"SMITH"},{"data":"Strike_G","floor":24.0,"key":"PURGE"},{"data":"Adrenaline","floor":32.0,"key":"SMITH"},{"data":"Setup","floor":46,"key":"PURGE"},{"data":"Flying Knee+1","floor":49,"key":"PURGE"},{"data":"Master of Strategy","floor":52,"key":"SMITH"}],"circlet_count":0,"master_deck":["Defend_G","Defend_G","Defend_G","Defend_G","Survivor","Neutralize","Master of Strategy+1","Footwork+1","Deadly Poison+1","Noxious Fumes+1","Adrenaline+1","Bouncing Flask+1","Catalyst+1","Noxious Fumes+1","Corpse Explosion","PiercingWail","Footwork+1","PiercingWail","Poisoned Stab+1","Catalyst+1","Bullet Time+1","Footwork+1","Caltrops+1","Footwork+1","Footwork+1","Noxious Fumes+1","Footwork+1","Adrenaline+1","Catalyst+1","Acrobatics+1","Backflip+1"],"relics":["Ring of the Snake","The Courier","Membership Card","Tough Bandages","HandDrill","Toy Ornithopter","Nunchaku","Frozen Egg 2","Mercury Hourglass","Letter Opener","Sundial","Akabeko","Runic Pyramid","Ice Cream","SsserpentHead","Peace Pipe","Regal Pillow","HornCleat","FossilizedHelix","Incense Burner","HoveringKite","Bronze Scales","Lee\u0027s Waffle","Bottled Lightning","Oddly Smooth Stone","Vajra","Whetstone","Snake Skull","PreservedInsect","Anchor","Calipers","Blood Vial","Toxic Egg 2","Bottled Tornado","Mummified Hand","Boot","War Paint","TheAbacus","Pear","Lantern","Bag of Preparation","Art of War"],"acts_visited":["Exordium","TheCity","TheBeyond","TheEnding"],"potions_floor_usage":[],"damage_taken":[{"damage":0.0,"enemies":"2 Louse","floor":1.0,"turns":3.0},{"damage":0.0,"enemies":"Small Slimes","floor":5.0,"turns":3.0},{"damage":4.0,"enemies":"3 Sentries","floor":6.0,"turns":14.0},{"damage":0.0,"enemies":"Cultist","floor":7.0,"turns":3.0},{"damage":0.0,"enemies":"3 Louse","floor":8.0,"turns":3.0},{"damage":0.0,"enemies":"Lagavulin","floor":10.0,"turns":4.0},{"damage":0.0,"enemies":"Lots of Slimes","floor":12.0,"turns":2.0},{"damage":0.0,"enemies":"Gremlin Nob","floor":13.0,"turns":2.0},{"damage":4.0,"enemies":"Blue Slaver","floor":14.0,"turns":3.0},{"damage":0.0,"enemies":"Slime Boss","floor":16.0,"turns":5.0},{"damage":0.0,"enemies":"Spheric Guardian","floor":18.0,"turns":2.0},{"damage":1.0,"enemies":"Shell Parasite","floor":19.0,"turns":4.0},{"damage":1.0,"enemies":"Cultist and Chosen","floor":20.0,"turns":4.0},{"damage":0.0,"enemies":"Snake Plant","floor":22.0,"turns":4.0},{"damage":0.0,"enemies":"Gremlin Leader","floor":23.0,"turns":5.0},{"damage":0.0,"enemies":"Slavers","floor":25.0,"turns":3.0},{"damage":0.0,"enemies":"Shelled Parasite and Fungi","floor":27.0,"turns":4.0},{"damage":0.0,"enemies":"Gremlin Leader","floor":30.0,"turns":5.0},{"damage":0.0,"enemies":"Sentry and Sphere","floor":31.0,"turns":3.0},{"damage":0.0,"enemies":"Automaton","floor":33.0,"turns":6.0},{"damage":0,"enemies":"3 Darklings","floor":35,"turns":2},{"damage":0,"enemies":"3 Shapes","floor":38,"turns":2},{"damage":0,"enemies":"Giant Head","floor":40,"turns":4},{"damage":0,"enemies":"Reptomancer","floor":42,"turns":3},{"damage":0,"enemies":"Sphere and 2 Shapes","floor":44,"turns":3},{"damage":0,"enemies":"3 Darklings","floor":45,"turns":2},{"damage":0,"enemies":"4 Shapes","floor":47,"turns":3},{"damage":0,"enemies":"Giant Head","floor":48,"turns":4},{"damage":0,"enemies":"Donu and Deca","floor":50,"turns":3},{"damage":0,"enemies":"Shield and Spear","floor":54,"turns":4},{"damage":0,"enemies":"The Heart","floor":55,"turns":5}],"seed_played":"6609431408086551172","potions_obtained":[{"floor":1.0,"key":"SmokeBomb"},{"floor":5.0,"key":"Fire Potion"},{"floor":10.0,"key":"Strength Potion"},{"floor":14.0,"key":"DuplicationPotion"},{"floor":19.0,"key":"FairyPotion"},{"floor":20.0,"key":"GhostInAJar"},{"floor":35,"key":"DuplicationPotion"}],"is_trial":false,"path_per_floor":["M","$","?","?","M","E","M","M","T","E","R","M","E","M","R","B",null,"M","M","M","?","M","E","R","E","T","M","$","?","E","M","R","B",null,"M","$","?","M","?","E","?","E","T","M","M","R","M","E","R","B",null,"R","$","E","B",null],"character_chosen":"THE_SILENT","items_purchased":["Tough Bandages","HandDrill","Toy Ornithopter","Nunchaku","Footwork","Well Laid Plans+1","FossilizedHelix","Footwork+1","Caltrops+1","Footwork+1","Footwork+1","Noxious Fumes+1","Tools of the Trade+1","Bronze Scales","Lee\u0027s Waffle","Bottled Lightning","Oddly Smooth Stone","Vajra","Whetstone","Snake Skull","PreservedInsect","Anchor","Calipers","Blood Vial","Backflip+1","War Paint","TheAbacus","Pear","Lantern","Bag of Preparation"],"campfire_rested":0,"item_purchase_floors":[2,2,2,2,2,2,28,36,36,36,36,36,36,36,36,36,36,36,36,36,36,36,36,36,53,53,53,53,53,53],"current_hp_per_floor":[49,49,49,54,54,50,50,50,50,50,50,50,50,46,46,46,75,75,74,73,73,73,73,73,73,73,73,73,73,73,73,73,73,75,75,82,82,82,78,78,78,78,78,78,78,78,78,78,78,78,78,78,88,88,88],"gold":332,"neow_bonus":"RANDOM_COLORLESS_2","is_daily":false,"chose_seed":false,"campfire_upgraded":4,"win_rate":0.0,"timestamp":1608788150,"path_taken":["M","$","?","?","M","E","M","M","T","E","R","M","E","M","R","BOSS","M","M","M","?","?","E","R","E","T","M","$","?","E","M","R","BOSS","M","?","?","M","?","E","?","E","T","?","M","R","M","E","R","BOSS","R","$","E","BOSS"],"items_purchased_type":["Relic","Relic","Relic","Relic","Card","Card","Relic","Card","Card","Card","Card","Card","Card","Relic","Relic","Relic","Relic","Relic","Relic","Relic","Relic","Relic","Relic","Relic","Card","Relic","Relic","Relic","Relic","Relic"],"build_version":"2020-12-18","purchased_purges":3,"victory":true,"max_hp_per_floor":[70,70,70,75,75,75,75,75,75,75,75,75,75,75,75,75,75,75,75,75,75,75,75,75,75,75,75,75,75,75,75,75,75,75,75,82,82,82,78,78,78,78,78,78,78,78,78,78,78,78,78,78,88,88,88],"card_choices":[{"not_picked":["Metamorphosis","Violence"],"picked":"Master of Strategy","floor":0.0},{"not_picked":["Outmaneuver","Dodge and Roll"],"picked":"Flying Knee","floor":1.0},{"not_picked":["Deflect","Acrobatics"],"picked":"Deadly Poison","floor":5.0},{"not_picked":["Distraction","Prepared"],"picked":"Noxious Fumes+1","floor":6.0},{"not_picked":["Quick Slash","Cloak And Dagger"],"picked":"Adrenaline","floor":7.0},{"not_picked":["Quick Slash","Underhanded Strike"],"picked":"Bouncing Flask","floor":8.0},{"not_picked":["Backflip","Distraction"],"picked":"Catalyst","floor":10.0},{"not_picked":["Endless Agony","Distraction","Underhanded Strike"],"picked":"SKIP","floor":12.0},{"not_picked":["Blade Dance","Dagger Spray"],"picked":"Tools of the Trade+1","floor":13.0},{"not_picked":["Cloak And Dagger","Flechettes"],"picked":"Noxious Fumes+1","floor":14.0},{"not_picked":["Malaise","Die Die Die"],"picked":"Corpse Explosion","floor":16.0},{"not_picked":["Well Laid Plans+1","Blade Dance"],"picked":"Setup","floor":18.0},{"not_picked":["Dagger Spray","Reflex"],"picked":"PiercingWail","floor":19.0},{"not_picked":["Deadly Poison","All Out Attack"],"picked":"Footwork+1","floor":20.0},{"not_picked":["Bane","Slice"],"picked":"PiercingWail","floor":22.0},{"not_picked":["Underhanded Strike+1","Unload"],"picked":"Poisoned Stab","floor":23.0},{"not_picked":["Bane","Dagger Throw","Riddle With Holes"],"picked":"SKIP","floor":25.0},{"not_picked":["Setup","All Out Attack","Slice"],"picked":"SKIP","floor":27.0},{"not_picked":["Cloak And Dagger","Glass Knife"],"picked":"Catalyst+1","floor":30.0},{"not_picked":["Cloak And Dagger","Setup","Masterful Stab"],"picked":"SKIP","floor":31.0},{"not_picked":["A Thousand Cuts+1","Doppelganger"],"picked":"Bullet Time","floor":33.0},{"not_picked":["Deadly Poison","Sucker Punch","Predator"],"picked":"SKIP","floor":35},{"not_picked":["Cloak And Dagger","All Out Attack+1"],"picked":"Footwork+1","floor":38},{"not_picked":["Outmaneuver+1","Deflect+1","Slice+1"],"picked":"SKIP","floor":40},{"not_picked":["Glass Knife","Underhanded Strike"],"picked":"Catalyst+1","floor":42},{"not_picked":["Well Laid Plans+1","Underhanded Strike+1","Flechettes"],"picked":"SKIP","floor":44},{"not_picked":["Caltrops+1","Dagger Throw+1","Deflect+1"],"picked":"SKIP","floor":45},{"not_picked":["Bane","Caltrops+1"],"picked":"Acrobatics+1","floor":47},{"not_picked":["Cloak And Dagger+1","Envenom+1","Underhanded Strike"],"picked":"SKIP","floor":48},{"not_picked":["Underhanded Strike+1","Dagger Throw","Bane"],"picked":"SKIP","floor":54}],"player_experience":2212117,"relics_obtained":[{"floor":6.0,"key":"Mercury Hourglass"},{"floor":9.0,"key":"Letter Opener"},{"floor":10.0,"key":"Sundial"},{"floor":13.0,"key":"Akabeko"},{"floor":23.0,"key":"Peace Pipe"},{"floor":25.0,"key":"Regal Pillow"},{"floor":26.0,"key":"HornCleat"},{"floor":30.0,"key":"Incense Burner"},{"floor":40,"key":"Toxic Egg 2"},{"floor":42,"key":"Bottled Tornado"},{"floor":43,"key":"Mummified Hand"},{"floor":48,"key":"Boot"},{"floor":54,"key":"Art of War"}],"event_choices":[{"cards_removed":["Strike_G"],"damage_healed":0.0,"max_hp_gain":0.0,"max_hp_loss":0.0,"gold_gain":0.0,"event_name":"The Cleric","player_choice":"Card Removal","floor":3.0,"gold_loss":50.0,"damage_taken":0.0},{"damage_healed":0.0,"max_hp_gain":5.0,"max_hp_loss":0.0,"gold_gain":0.0,"event_name":"Big Fish","player_choice":"Donut","floor":4.0,"gold_loss":0.0,"damage_taken":0.0},{"damage_healed":0.0,"max_hp_gain":0.0,"max_hp_loss":0.0,"gold_gain":0.0,"event_name":"FaceTrader","player_choice":"Trade","floor":21.0,"gold_loss":0.0,"damage_taken":0.0,"relics_obtained":["SsserpentHead"]},{"cards_removed":["Strike_G"],"damage_healed":0.0,"max_hp_gain":0.0,"max_hp_loss":0.0,"gold_gain":0.0,"event_name":"Bonfire Elementals","player_choice":"Offered Basic","floor":29.0,"gold_loss":0.0,"damage_taken":0.0},{"cards_removed":["Defend_G"],"damage_healed":0,"gold_gain":0,"player_choice":"Removed Skill","damage_taken":0,"max_hp_gain":0,"max_hp_loss":0,"event_name":"Falling","floor":37,"gold_loss":0},{"damage_healed":0,"gold_gain":0,"player_choice":"Max HP","damage_taken":0,"max_hp_gain":0,"max_hp_loss":4,"event_name":"Winding Halls","floor":39,"gold_loss":0},{"damage_healed":0,"gold_gain":0,"player_choice":"Copied","damage_taken":0,"max_hp_gain":0,"max_hp_loss":0,"event_name":"Duplicator","floor":41,"gold_loss":0,"cards_obtained":["Adrenaline"]}],"is_beta":true,"boss_relics":[{"not_picked":["Tiny House","WristBlade"],"picked":"Runic Pyramid"},{"not_picked":["Calling Bell","Cursed Key"],"picked":"HoveringKite"}],"items_purged_floors":[2,28,36],"is_endless":false,"potions_floor_spawned":[1,5,10,14,16,19,20,25,27,31,33,35,40,42,44,47],"ascension_level":1}}