{"host":"6qo42zgaknezulyg","time":1608801047,"event":{"mods":["2.2 Compatiblity","BaseMod","Colored Map","Downfall","Highlight Path","Keyboard Shortcuts","Minty Spire (QoL Compilation)","Permanent Neow","Quick Restart","StSLib","SuperFastMode"],"gold_per_floor":[99,109,209,219,239,97,97,131,231,231,242,227,241,276,289,394,394,394,394,394,244,244,244,244,244,244,244,244,244,244,244,244,244,244,244,244,244,244,46,46,46,46,46,46,46,46,46,46,46,46],"floor_reached":51,"playtime":3764,"items_purged":["champ:Strike","Pain"],"score":753,"play_id":"ec50c15d-4ebf-47fa-9177-f70fd034e551","local_time":"20201224181047","is_ascension_mode":true,"campfire_choices":[{"data":"champ:Taunt","floor":1.0,"key":"SMITH"},{"floor":10.0,"key":"REST"},{"data":"champ:Improvising","floor":18.0,"key":"SMITH"},{"floor":23.0,"key":"DIG"},{"data":"champ:MurderStrike","floor":27.0,"key":"SMITH"},{"floor":29.0,"key":"DIG"},{"floor":35.0,"key":"DIG"},{"floor":44,"key":"DIG"},{"floor":47,"key":"REST"}],"circlet_count":0,"master_deck":["champ:Strike","champ:Strike","champ:Defend+1","champ:Defend","champ:Defend","champ:Defend","champ:Execute","champ:Taunt+1","champ:DefensiveShout","champ:Aggression","champ:BringItOn+1","champ:BerserkerStyle","champ:RecklessLeap","champ:Improvising+1","champ:Lariat","champ:Aggression","champ:Balance","champ:CheapShot","champ:Control+1","champ:FaceSlap","champ:MurderStrike+1","champ:TornadoPunch+1","champ:ShieldThrow","champ:CrookedStrike","champ:Duel+1","champ:IronFortress+1","champ:ViciousMockery+1"],"relics":["champ:ChampionCrown","CloakClasp","Shovel","Bronze Scales","champ:GladiatorsBookOfMartialProwess","downfall:Hecktoplasm","WarpedTongs","downfall:RedIOU","Lantern","Juzu Bracelet","Frozen Egg 2","champ:FightingForDummies","War Paint","sneckomod:SneckoTalon","Ginger","Pen Nib","CeramicFish","Anchor","Bottled Flame","downfall:HeartBlessingGreen","Bag of Marbles","Dream Catcher"],"acts_visited":["Exordium","TheCity","TheBeyond"],"potions_floor_usage":[50,50],"damage_taken":[{"damage":1.0,"enemies":"2 Louse","floor":2.0,"turns":3.0},{"damage":62.0,"enemies":"2 Louse","floor":3.0,"turns":11.0},{"damage":14.0,"enemies":"Cultist","floor":4.0,"turns":4.0},{"damage":7.0,"enemies":"Jaw Worm","floor":5.0,"turns":4.0},{"damage":10.0,"enemies":"downfall:FleeingMerchant","floor":6.0,"turns":4.0},{"damage":38.0,"enemies":"3 Sentries","floor":8.0,"turns":7.0},{"damage":22.0,"enemies":"Exordium Thugs","floor":11.0,"turns":3.0},{"damage":42.0,"enemies":"downfall:FleeingMerchant","floor":12.0,"turns":4.0},{"damage":25.0,"enemies":"Exordium Wildlife","floor":13.0,"turns":3.0},{"damage":50.0,"enemies":"Lagavulin","floor":14.0,"turns":4.0},{"damage":3.0,"enemies":"Blue Slaver","floor":15.0,"turns":3.0},{"damage":43.0,"enemies":"downfall:Ironclad","floor":16.0,"turns":7.0},{"damage":17.0,"enemies":"3 Byrds","floor":19.0,"turns":5.0},{"damage":49.0,"enemies":"downfall:FleeingMerchant","floor":21.0,"turns":5.0},{"damage":36.0,"enemies":"Gremlin Leader","floor":25.0,"turns":4.0},{"damage":24.0,"enemies":"Centurion and Healer","floor":30.0,"turns":4.0},{"damage":12.0,"enemies":"Snake Plant","floor":31.0,"turns":3.0},{"damage":24.0,"enemies":"Shelled Parasite and Fungi","floor":32.0,"turns":3.0},{"damage":32.0,"enemies":"downfall:Watcher","floor":33.0,"turns":6.0},{"damage":26.0,"enemies":"3 Shapes","floor":36.0,"turns":3.0},{"damage":32.0,"enemies":"3 Darklings","floor":37.0,"turns":5.0},{"damage":29.0,"enemies":"downfall:FleeingMerchant","floor":39.0,"turns":2.0},{"damage":42,"enemies":"Giant Head","floor":40,"turns":6},{"damage":31,"enemies":"Nemesis","floor":42,"turns":7},{"damage":9,"enemies":"Writhing Mass","floor":43,"turns":4},{"damage":20,"enemies":"4 Shapes","floor":45,"turns":5},{"damage":50,"enemies":"Reptomancer","floor":46,"turns":4},{"damage":37,"enemies":"Maw","floor":48,"turns":4},{"damage":24,"enemies":"Transient","floor":49,"turns":5},{"damage":46,"enemies":"downfall:Defect","floor":50,"turns":6}],"seed_played":"5928934328862615150","potions_obtained":[{"floor":3.0,"key":"BlessingOfTheForge"},{"floor":5.0,"key":"champ:UltimateStancePotion"},{"floor":13.0,"key":"sneckomod:MuddlingPotion"},{"floor":30.0,"key":"PowerPotion"},{"floor":33.0,"key":"Guardian:BlockOnCardUsePotion"},{"floor":43,"key":"Dexterity Potion"}],"is_trial":false,"path_per_floor":["R","M","?","M","M","$","T","E","?","R","M","$","M","E","M","B",null,"R","M","?","$","?","R","T","E","?","R","?","R","M","M","M","B",null,"R","M","M","?","$","E","T","E","M","R","M","E","R","M","M","B",null],"character_chosen":"THE_CHAMP","items_purchased":["Weak Potion","champ:FaceSlap","Pen Nib","champ:OpenerPotion"],"campfire_rested":2,"item_purchase_floors":[6,21,39,39],"current_hp_per_floor":[90,89,53,51,51,53,53,45,45,72,74,76,78,63,65,47,90,90,90,90,74,74,74,74,65,65,65,65,65,65,65,65,64,90,90,71,67,90,90,85,85,79,79,79,77,56,83,73,73,56],"gold":46,"neow_bonus":"RANDOM_COMMON_RELIC","is_daily":false,"chose_seed":false,"campfire_upgraded":3,"win_rate":0.0,"timestamp":1608801047,"path_taken":["R","M","?","M","M","$","T","E","?","R","?","$","M","E","M","BOSS","R","M","?","$","?","R","T","E","?","R","?","R","M","M","M","BOSS","BOSS","R","M","M","?","?","E","T","E","M","R","M","E","R","M","M","BOSS"],"items_purchased_type":["Potion","Card","Relic","Potion"],"build_version":"2020-12-22","purchased_purges":2,"victory":true,"max_hp_per_floor":[90,90,90,90,90,90,90,90,90,90,90,90,90,90,90,90,90,90,90,90,90,90,90,90,90,90,90,90,90,90,90,90,90,90,90,90,90,90,90,90,90,90,90,90,90,90,90,90,90,90],"card_choices":[{"not_picked":["champ:EnragedBash","champ:Circumvent","champ:BladeFlurry"],"picked":"SKIP","floor":2.0},{"not_picked":["champ:SkillfulDodge","champ:PerfectedStrike"],"picked":"champ:DefensiveShout","floor":3.0},{"not_picked":["champ:BringItOn","champ:FightOn"],"picked":"champ:Aggression","floor":4.0},{"not_picked":["champ:Circumvent","champ:Haymaker"],"picked":"champ:BringItOn","floor":5.0},{"not_picked":["champ:AdrenalArmor","champ:FocusedDefense"],"picked":"champ:BerserkerStyle","floor":6.0},{"not_picked":["champ:AdrenalArmor","champ:GladiatorStyle"],"picked":"champ:RecklessLeap","floor":8.0},{"not_picked":["champ:GutPunch","champ:FanOfKnives"],"picked":"champ:Improvising","floor":11.0},{"not_picked":["champ:PerfectedStrike","champ:HeartStrike","champ:BladeFlurry"],"picked":"SKIP","floor":12.0},{"not_picked":["champ:DefensiveShout","champ:ViciousMockery"],"picked":"champ:Lariat","floor":13.0},{"not_picked":["champ:IronFortress","champ:DefensiveStyle"],"picked":"champ:Aggression","floor":14.0},{"not_picked":["champ:PreciseThrust","champ:DefensiveShout"],"picked":"champ:Balance","floor":15.0},{"not_picked":["champ:Improvising","champ:DancingMaster"],"picked":"champ:CheapShot","floor":16.0},{"not_picked":["champ:FanOfKnives","champ:GutPunch","champ:TornadoPunch"],"picked":"SKIP","floor":19.0},{"not_picked":["champ:ViciousMockery","champ:GladiatorsShout+1"],"picked":"champ:Control+1","floor":21.0},{"not_picked":["champ:FocusedGladiator+1","champ:StanceDance"],"picked":"champ:MurderStrike","floor":25.0},{"not_picked":["champ:Backstep","champ:BringItOn"],"picked":"champ:TornadoPunch+1","floor":30.0},{"not_picked":["champ:FlashCut","champ:FocusedGladiator","champ:Circumvent"],"picked":"SKIP","floor":31.0},{"not_picked":["champ:EnGarde","champ:Lariat","champ:FanOfKnives"],"picked":"SKIP","floor":32.0},{"not_picked":["champ:ShieldSlam","champ:SwordThrow"],"picked":"champ:ShieldThrow","floor":33.0},{"not_picked":["champ:FaceSlap","champ:BladeFlurry+1"],"picked":"champ:CrookedStrike","floor":36.0},{"not_picked":["champ:AdrenalArmor+1","champ:SkillfulDodge","champ:Haymaker+1"],"picked":"SKIP","floor":37.0},{"not_picked":["champ:DefensiveShout","champ:SkillfulDodge","champ:BerserkersShout+1"],"picked":"SKIP","floor":39.0},{"not_picked":["champ:EndlessRage+1","champ:FlashCut"],"picked":"champ:Duel+1","floor":40},{"not_picked":["champ:EndlessRage+1","champ:SwordThrow"],"picked":"champ:IronFortress+1","floor":42},{"not_picked":["champ:GladiatorsShout+1","champ:RapidStrikes+1","champ:ShieldWall+1"],"picked":"SKIP","floor":43},{"not_picked":["champ:Haymaker+1","champ:Duel+1","champ:BladeFlurry"],"picked":"SKIP","floor":45},{"not_picked":["champ:GladiatorsShout+1","champ:BladeFlurry+1"],"picked":"champ:ViciousMockery+1","floor":46},{"not_picked":["champ:DefensiveStyle+1","champ:Backstep","champ:Duel"],"picked":"SKIP","floor":48},{"not_picked":["champ:GladiatorStyle+1","champ:FocusedDefense+1","champ:FlashCut+1"],"picked":"SKIP","floor":49}],"player_experience":1031501,"relics_obtained":[{"floor":3.0,"key":"CloakClasp"},{"floor":7.0,"key":"Shovel"},{"floor":8.0,"key":"Bronze Scales"},{"floor":14.0,"key":"champ:GladiatorsBookOfMartialProwess"},{"floor":23.0,"key":"Lantern"},{"floor":24.0,"key":"Juzu Bracelet"},{"floor":25.0,"key":"Frozen Egg 2"},{"floor":29.0,"key":"War Paint"},{"floor":35.0,"key":"Ginger"},{"floor":40,"key":"CeramicFish"},{"floor":41,"key":"Anchor"},{"floor":42,"key":"Bottled Flame"},{"floor":44,"key":"Bag of Marbles"},{"floor":46,"key":"Dream Catcher"}],"event_choices":[{"damage_healed":0.0,"max_hp_gain":0.0,"max_hp_loss":0.0,"gold_gain":0.0,"event_name":"Accursed Blacksmith","player_choice":"Rummage","floor":20.0,"gold_loss":0.0,"damage_taken":0.0,"relics_obtained":["WarpedTongs"],"cards_obtained":["Pain"]},{"damage_healed":23.0,"max_hp_gain":0.0,"max_hp_loss":0.0,"gold_gain":0.0,"event_name":"Wheel of Change","player_choice":"Full Heal","floor":38.0,"gold_loss":0.0,"damage_taken":0.0}],"is_beta":false,"boss_relics":[{"not_picked":["Runic Pyramid","Cursed Key"],"picked":"downfall:Hecktoplasm"},{"not_picked":["Pandora\u0027s Box","Black Star"],"picked":"sneckomod:SneckoTalon"}],"items_purged_floors":[6,21],"is_endless":false,"potions_floor_spawned":[3,5,13,14,30,33,40,42,43,49],"ascension_level":1}}