{"host":"55yei7x27djrlaep","time":1608830547,"event":{"mods":["Act Like it!","BaseMod","Better Altar","Better Match","Better Note","Better Sensory Stone","Better Skull","Better Third Choice","BetterRewards","Colored Map","Downfall","Friendly Minions","GifTheSpireLib","JesterMod","Minty Spire (QoL Compilation)","Replay The Spire","StSLib","The Cursed","The Marked","TheSwordswoman"],"gold_per_floor":[111,111,125,150,48,48,62,62,62,62,95,114,155,0,0,129,129,142,142,167,187,102,143,158,191,245,280,280,280],"floor_reached":28,"playtime":1382,"items_purged":[],"score":355,"play_id":"f7dba672-e104-4d34-ac41-db7397b85a82","local_time":"20201224202227","is_ascension_mode":true,"campfire_choices":[{"data":"theMarked:Seal","floor":6,"key":"SMITH"},{"data":"theMarked:WardOff","floor":10,"key":"SMITH"},{"floor":15,"key":"REST"}],"circlet_count":0,"master_deck":["theMarked:Strike","theMarked:Strike","theMarked:Strike","theMarked:Strike","theMarked:Strike","theMarked:Defend","theMarked:Defend","theMarked:Defend","theMarked:Defend","theMarked:SoldierOfQuellstein","CurseOfTheBell","theMarked:BanishingStrike","theMarked:WardOff+1","theMarked:Aftermath","theMarked:Seal+1","theMarked:RepellingDischarge","theMarked:Opportunist","theMarked:MysticalArsenal","theMarked:EnhancedHearing","theMarked:ResourceFulStrike","Enlightenment","theMarked:Challenge","theMarked:HeritageOfTheMarked+1","theMarked:DispelDoubt","theMarked:Panic","theMarked:Indomitable","theMarked:Snap","theMarked:HeightenedSenses","theMarked:Overcharge"],"relics":["Calling Bell","ReplayTheSpireMod:Ninjato","Du-Vu Doll","Pen Nib","Golden Idol","Question Card","Replay:Bottled Steam","Peace Pipe","Honey Jar","Divine Protection","Replay:Mystery Machine","Nunchaku","Frozen Egg 2"],"acts_visited":["Exordium","TheCity"],"potions_floor_usage":[16,21,23,23,27,27],"damage_taken":[{"damage":0,"enemies":"Small Slimes","floor":1,"turns":3},{"damage":0,"enemies":"2 Louse","floor":3,"turns":2},{"damage":0,"enemies":"Cultist","floor":4,"turns":3},{"damage":7,"enemies":"3 Louse","floor":7,"turns":5},{"damage":11,"enemies":"Lagavulin","floor":11,"turns":5},{"damage":2,"enemies":"Looter","floor":12,"turns":3},{"damage":11,"enemies":"Gremlin Nob","floor":13,"turns":3},{"damage":0,"enemies":"Slime Boss","floor":16,"turns":6},{"damage":11,"enemies":"Spheric Guardian","floor":18,"turns":4},{"damage":3,"enemies":"Chosen","floor":20,"turns":3},{"damage":9,"enemies":"Snake Plant","floor":21,"turns":3},{"damage":11,"enemies":"Slavers","floor":23,"turns":3},{"damage":5,"enemies":"Centurion and Healer","floor":24,"turns":4},{"damage":35,"enemies":"Book of Stabbing","floor":25,"turns":5},{"damage":6,"enemies":"Gremlin Leader","floor":27,"turns":5},{"damage":10,"enemies":"3 Cultists","floor":28,"turns":4}],"seed_played":"-4099831442761427419","potions_obtained":[{"floor":3,"key":"Strength Potion"},{"floor":13,"key":"ColorlessPotion"},{"floor":16,"key":"Dexterity Potion"},{"floor":20,"key":"SteroidPotion"},{"floor":21,"key":"DuplicationPotion"},{"floor":25,"key":"Regen Potion"}],"is_trial":false,"path_per_floor":["M","?","M","M","$","R","M","?","T","R","E","M","E","?","R_BF","B",null,"M","?","M","M","?","E","M","E","T","E","M"],"character_chosen":"THE_DEFAULT","items_purchased":["theMarked:Seal","theMarked:RepellingDischarge"],"campfire_rested":1,"item_purchase_floors":[5,5],"current_hp_per_floor":[70,53,53,53,53,53,46,46,46,46,35,33,22,28,50,50,76,65,65,62,53,53,42,37,2,2,10,0,0],"gold":280,"neow_bonus":"BOSS_RELIC","is_daily":false,"chose_seed":false,"campfire_upgraded":2,"win_rate":0.0,"timestamp":1608830547,"path_taken":["M","?","M","M","$","R","M","?","T","R","E","?","E","?","R_BF","BOSS","M","?","M","M","?","E","M","E","T","E","M"],"items_purchased_type":["Card","Card"],"build_version":"2020-12-22","purchased_purges":0,"victory":false,"max_hp_per_floor":[70,70,70,70,70,70,70,70,70,70,70,70,70,76,76,76,76,76,76,76,76,76,76,76,76,76,76,76,76],"card_choices":[{"not_picked":["theMarked:Generate","theMarked:Electrify"],"picked":"theMarked:BanishingStrike","floor":1},{"not_picked":["theMarked:HeightenedSenses","theMarked:Parkour"],"picked":"theMarked:WardOff","floor":3},{"not_picked":["theMarked:ReduceFriction","theMarked:Generate"],"picked":"theMarked:Aftermath","floor":4},{"not_picked":["theMarked:Improvise","theMarked:ElectricStrings"],"picked":"theMarked:Opportunist","floor":7},{"not_picked":["theMarked:EnhanceMovement","theMarked:ThrowWeapon","theMarked:LightningStrikesTwice"],"picked":"theMarked:MysticalArsenal","floor":11},{"not_picked":["theMarked:Frustration","theMarked:ElectricStrings","theMarked:SwordAndMagic"],"picked":"theMarked:EnhancedHearing","floor":12},{"not_picked":["theMarked:ShockingTouch","theMarked:ThrowWeapon","theMarked:KeepCalmAndFightOn"],"picked":"theMarked:ResourceFulStrike","floor":13},{"not_picked":["theMarked:UnarmedFury","theMarked:ChannelForce","theMarked:Defy"],"picked":"theMarked:Challenge","floor":16},{"not_picked":["theMarked:ChainLightning+1","theMarked:Frustration","theMarked:BanishingStrike","theMarked:Electrocute"],"picked":"theMarked:HeritageOfTheMarked+1","floor":18},{"not_picked":["theMarked:Indomitable","theMarked:Overcharge","theMarked:Frustration","theMarked:MysticalArsenal"],"picked":"theMarked:DispelDoubt","floor":20},{"not_picked":["theMarked:EmpowerWeapon","theMarked:Improvise","theMarked:HeightenedSenses","theMarked:TunnelVision+1"],"picked":"theMarked:Panic","floor":21},{"not_picked":["theMarked:Frustration","theMarked:Reabsorb+1","theMarked:HeritageOfTheMarked","theMarked:BanishingStrike+1"],"picked":"theMarked:Indomitable","floor":23},{"not_picked":["theMarked:HeightenedSenses","theMarked:Static+1","theMarked:Frustration","theMarked:Parkour+1"],"picked":"theMarked:Snap","floor":24},{"not_picked":["theMarked:Parkour","theMarked:MagicAdept","theMarked:Improvise","theMarked:Reabsorb"],"picked":"theMarked:HeightenedSenses","floor":25},{"not_picked":["theMarked:MysticalArsenal+1","theMarked:Aftermath+1","theMarked:ResourceFulStrike","theMarked:Improvise"],"picked":"theMarked:Overcharge","floor":27}],"player_experience":356550,"relics_obtained":[{"floor":0,"key":"ReplayTheSpireMod:Ninjato"},{"floor":0,"key":"Du-Vu Doll"},{"floor":0,"key":"Pen Nib"},{"floor":9,"key":"Question Card"},{"floor":11,"key":"Replay:Bottled Steam"},{"floor":13,"key":"Peace Pipe"},{"floor":23,"key":"Replay:Mystery Machine"},{"floor":25,"key":"Nunchaku"},{"floor":27,"key":"Frozen Egg 2"}],"event_choices":[{"damage_healed":0,"gold_gain":0,"player_choice":"Take Damage","damage_taken":17,"relics_obtained":["Golden Idol"],"max_hp_gain":0,"max_hp_loss":0,"event_name":"Golden Idol","floor":2,"gold_loss":0},{"damage_healed":0,"gold_gain":0,"player_choice":"Bought 0 Potions","damage_taken":0,"max_hp_gain":0,"max_hp_loss":0,"event_name":"The Woman in Blue","floor":8,"gold_loss":0},{"damage_healed":0,"gold_gain":0,"player_choice":"RENOUNCE","damage_taken":155,"max_hp_gain":0,"max_hp_loss":0,"event_name":"betterThird:BetterSerpent","floor":14,"gold_loss":155,"cards_obtained":["Enlightenment"]},{"damage_healed":0,"gold_gain":0,"player_choice":"Obtained Relic","damage_taken":0,"relics_obtained":["Divine Protection"],"max_hp_gain":0,"max_hp_loss":0,"event_name":"Addict","floor":22,"gold_loss":85}],"is_beta":false,"boss_relics":[{"not_picked":["Replay:Drink Me","Velvet Choker"],"picked":"Honey Jar"}],"items_purged_floors":[],"is_endless":false,"potions_floor_spawned":[3,13,16,20,21,25],"killed_by":"3 Cultists","ascension_level":1}}