{"host":"qwttrqaysb380yri","time":1608793095,"event":{"mods":["BaseMod","Custom Start","Minty Spire (QoL Compilation)","Permanent Neow","Puzzle Mod","Relic Stats","StSLib","The Cursed","The Hierophant"],"gold_per_floor":[119,136,154,154,154,184,184,200,200,208,223,223,264,302,302,378,378,421,464,484,493,532,532,555,327,353,385,385,414,449,502,502,574,574,604,604,604,191,258,258,259,291,345,104,104,126,126,1,1,0,0],"floor_reached":50,"playtime":1829,"items_purged":["hierophant:Strike_Hierophant","hierophant:Strike_Hierophant","hierophant:Punish"],"score":1178,"play_id":"fb68cf31-3950-4b4a-88c1-24655939a6b4","local_time":"20201224075815","is_ascension_mode":true,"campfire_choices":[{"floor":7,"key":"REST"},{"data":"hierophant:FlamingChariot","floor":12,"key":"SMITH"},{"data":"hierophant:DisplayOfPower","floor":15,"key":"SMITH"},{"data":"hierophant:ChurchCoffers","floor":23,"key":"SMITH"},{"floor":28,"key":"REST"},{"floor":32,"key":"REST"},{"floor":40,"key":"REST"},{"data":"hierophant:DeathKnell","floor":45,"key":"SMITH"},{"data":"hierophant:Defend_Hierophant","floor":49,"key":"PURGE"}],"circlet_count":0,"master_deck":["AscendersBane","hierophant:Strike_Hierophant","hierophant:Strike_Hierophant","hierophant:Defend_Hierophant","hierophant:Defend_Hierophant+1","hierophant:Defend_Hierophant+1","hierophant:ChurchCoffers+1","hierophant:RepressedViolence+1","hierophant:HammerAndAnvil","hierophant:FlamingChariot+1","hierophant:ThreeLashes+1","hierophant:DisplayOfPower+1","hierophant:OrnateJavelin+1","hierophant:OrnateJavelin","hierophant:Doubloon","hierophant:Remorse","hierophant:Doubloon+1","hierophant:Levitation","hierophant:DeathKnell+1","CurseOfTheBell","hierophant:Zeal","hierophant:ThreeLashes+1","hierophant:Doomsaying","hierophant:Endure","hierophant:Mercenaries+1","hierophant:WrathOfGod","hierophant:Chorus+1","hierophant:OrnateBuckler"],"relics":["hierophant:PropheticMaskRelic","FossilizedHelix","Ice Cream","CaptainsWheel","Peace Pipe","Calling Bell","CeramicFish","White Beast Statue","TungstenRod","Mummified Hand","Strange Spoon","War Paint","StrikeDummy","Velvet Choker","Gambling Chip","Bronze Scales","Whetstone","Eternal Feather"],"acts_visited":["Exordium","TheCity","TheBeyond"],"potions_floor_usage":[6,13,16,20,24,24,29,29,31,33,39,41,50,50],"damage_taken":[{"damage":4,"enemies":"Jaw Worm","floor":1,"turns":4},{"damage":5,"enemies":"Small Slimes","floor":2,"turns":4},{"damage":1,"enemies":"2 Louse","floor":3,"turns":4},{"damage":13,"enemies":"3 Sentries","floor":6,"turns":8},{"damage":0,"enemies":"Red Slaver","floor":8,"turns":3},{"damage":0,"enemies":"Gremlin Nob","floor":10,"turns":3},{"damage":0,"enemies":"Blue Slaver","floor":11,"turns":2},{"damage":0,"enemies":"3 Sentries","floor":13,"turns":4},{"damage":0,"enemies":"2 Fungi Beasts","floor":14,"turns":5},{"damage":0,"enemies":"Slime Boss","floor":16,"turns":6},{"damage":11,"enemies":"3 Byrds","floor":18,"turns":6},{"damage":3,"enemies":"Shell Parasite","floor":19,"turns":3},{"damage":0,"enemies":"Centurion and Healer","floor":20,"turns":4},{"damage":0,"enemies":"Sentry and Sphere","floor":22,"turns":4},{"damage":9,"enemies":"Gremlin Leader","floor":24,"turns":7},{"damage":15,"enemies":"Cultist and Chosen","floor":27,"turns":8},{"damage":14,"enemies":"Snake Plant","floor":29,"turns":4},{"damage":0,"enemies":"Sentry and Sphere","floor":30,"turns":3},{"damage":5,"enemies":"Book of Stabbing","floor":31,"turns":3},{"damage":29,"enemies":"Champ","floor":33,"turns":10},{"damage":25,"enemies":"3 Darklings","floor":35,"turns":6},{"damage":14,"enemies":"3 Shapes","floor":39,"turns":3},{"damage":23,"enemies":"Giant Head","floor":41,"turns":6},{"damage":0,"enemies":"Jaw Worm Horde","floor":42,"turns":3},{"damage":0,"enemies":"Maw","floor":46,"turns":5},{"damage":54,"enemies":"Awakened One","floor":50,"turns":9}],"seed_played":"-5900544002224577350","potions_obtained":[{"floor":1,"key":"FearPotion"},{"floor":2,"key":"EssenceOfSteel"},{"floor":6,"key":"Fire Potion"},{"floor":8,"key":"Fire Potion"},{"floor":16,"key":"DuplicationPotion"},{"floor":18,"key":"SmokeBomb"},{"floor":19,"key":"DuplicationPotion"},{"floor":20,"key":"LiquidBronze"},{"floor":24,"key":"SteroidPotion"},{"floor":27,"key":"Energy Potion"},{"floor":29,"key":"Fruit Juice"},{"floor":30,"key":"SkillPotion"},{"floor":31,"key":"PowerPotion"},{"floor":33,"key":"ColorlessPotion"},{"floor":39,"key":"PowerPotion"},{"floor":41,"key":"EssenceOfSteel"}],"is_trial":false,"path_per_floor":["M","M","M","?","?","E","R","M","T","E","M","R","E","M","R","B",null,"M","M","M","?","M","R","E","$","T","M","R","M","M","E","R","B",null,"M","?","?","$","M","R","E","M","T","$","R","M","?","$","R","B"],"character_chosen":"HIEROPHANT","items_purchased":["Strange Spoon","Gambling Chip","Eternal Feather"],"campfire_rested":4,"item_purchase_floors":[25,38,44],"current_hp_per_floor":[64,59,58,35,35,22,44,44,44,44,44,44,44,44,44,44,67,56,53,53,53,53,53,44,44,44,29,51,42,42,37,61,32,68,43,43,43,43,29,51,28,28,28,28,46,46,46,46,61,7,7],"gold":0,"neow_bonus":"THREE_CARDS","is_daily":false,"chose_seed":false,"campfire_upgraded":4,"win_rate":0.0,"timestamp":1608793095,"path_taken":["M","M","M","?","?","E","R","M","T","E","M","R","E","M","R","BOSS","M","M","M","?","?","R","E","$","T","M","R","M","M","E","R","BOSS","M","?","?","$","M","R","E","M","T","?","R","?","?","$","R","BOSS"],"items_purchased_type":["Relic","Relic","Relic"],"build_version":"2020-12-22","purchased_purges":3,"victory":false,"max_hp_per_floor":[75,75,75,75,75,75,75,75,75,75,75,75,75,75,75,75,75,75,75,75,75,75,75,75,75,75,75,75,80,80,80,80,80,80,80,80,76,76,76,76,76,76,76,76,76,76,76,76,76,76,76],"relic_stats":{"Peace Pipe":1,"Strange Spoon":[16],"counters":[26,127],"Mummified Hand":[2],"CeramicFish":81,"Gambling Chip":[22],"Bronze Scales":[55],"Eternal Feather":33,"Whetstone":["hierophant:OrnateJavelin","hierophant:RepressedViolence"],"War Paint":["hierophant:Doubloon","hierophant:Defend_Hierophant"],"obtain_stats":[{"Ice Cream":9,"hierophant:PropheticMaskRelic":0,"CeramicFish":17,"Velvet Choker":34,"Eternal Feather":44,"Whetstone":43,"War Paint":26,"White Beast Statue":17,"Peace Pipe":13,"Calling Bell":17,"Strange Spoon":25,"CaptainsWheel":10,"Mummified Hand":24,"Gambling Chip":38,"Bronze Scales":41,"StrikeDummy":31,"FossilizedHelix":6,"TungstenRod":17},{"Ice Cream":5,"hierophant:PropheticMaskRelic":0,"CeramicFish":10,"Velvet Choker":20,"Eternal Feather":24,"Whetstone":24,"War Paint":15,"White Beast Statue":10,"Peace Pipe":8,"Calling Bell":10,"Strange Spoon":15,"CaptainsWheel":6,"Mummified Hand":15,"Gambling Chip":21,"Bronze Scales":23,"StrikeDummy":19,"FossilizedHelix":4,"TungstenRod":10},{"Ice Cream":23,"hierophant:PropheticMaskRelic":0,"CeramicFish":43,"Velvet Choker":95,"Eternal Feather":113,"Whetstone":113,"War Paint":67,"White Beast Statue":43,"Peace Pipe":32,"Calling Bell":43,"Strange Spoon":67,"CaptainsWheel":26,"Mummified Hand":67,"Gambling Chip":101,"Bronze Scales":110,"StrikeDummy":85,"FossilizedHelix":20,"TungstenRod":43}],"TungstenRod":41},"card_choices":[{"not_picked":["hierophant:Endure","hierophant:FlamingChariot"],"picked":"hierophant:RepressedViolence","floor":0},{"not_picked":["hierophant:ArchangelShield","hierophant:Rebuild"],"picked":"hierophant:HammerAndAnvil","floor":1},{"not_picked":["hierophant:Doomsaying","hierophant:Bribe"],"picked":"hierophant:FlamingChariot","floor":2},{"not_picked":["hierophant:HolyVerse","hierophant:Shelter"],"picked":"hierophant:ThreeLashes","floor":3},{"not_picked":["hierophant:Zeal","hierophant:RepressedViolence"],"picked":"hierophant:DisplayOfPower","floor":6},{"not_picked":["hierophant:Sermon","hierophant:Glossolalia"],"picked":"hierophant:OrnateJavelin","floor":8},{"not_picked":["hierophant:MorningPrayer","hierophant:HammerAndAnvil"],"picked":"hierophant:OrnateJavelin","floor":10},{"not_picked":["hierophant:Smite","hierophant:HolyVerse"],"picked":"hierophant:Remorse","floor":11},{"not_picked":["hierophant:Blessing","hierophant:MirrorShield"],"picked":"hierophant:Doubloon","floor":13},{"not_picked":["hierophant:Purify","hierophant:Zeal"],"picked":"hierophant:Levitation","floor":14},{"not_picked":["hierophant:Determination","hierophant:BulkyChest"],"picked":"hierophant:DeathKnell","floor":16},{"not_picked":["hierophant:PassingBell","hierophant:Doubloon"],"picked":"hierophant:Zeal","floor":18},{"not_picked":["hierophant:TollTheBells","hierophant:Sermon"],"picked":"hierophant:DisplayOfPower+1","floor":19},{"not_picked":["hierophant:Exaltation","hierophant:Alms","hierophant:FieryStrike"],"picked":"SKIP","floor":20},{"not_picked":["hierophant:HolyVerse+1","hierophant:Smite"],"picked":"hierophant:Doomsaying","floor":22},{"not_picked":["hierophant:AuricBeam","hierophant:WrathOfGod"],"picked":"hierophant:Endure","floor":24},{"not_picked":["hierophant:Zeal","hierophant:SealAway","hierophant:CursedGold"],"picked":"SKIP","floor":27},{"not_picked":["hierophant:PassingBell","hierophant:Remorse","hierophant:DisplayOfPower"],"picked":"SKIP","floor":29},{"not_picked":["hierophant:ThreeLashes","hierophant:Sermon","hierophant:Smite"],"picked":"SKIP","floor":30},{"not_picked":["hierophant:DeathKnell","hierophant:HammerAndAnvil"],"picked":"hierophant:Mercenaries+1","floor":31},{"not_picked":["hierophant:DeathKnell","hierophant:MintersHammer"],"picked":"hierophant:WrathOfGod","floor":33},{"not_picked":["hierophant:Charity","hierophant:MirrorShield","hierophant:RepressedViolence"],"picked":"SKIP","floor":35},{"not_picked":["hierophant:RepressedViolence+1","hierophant:OrnateJavelin+1"],"picked":"hierophant:Chorus+1","floor":39},{"not_picked":["hierophant:Remorse+1","hierophant:Exaltation"],"picked":"hierophant:OrnateBuckler","floor":41},{"not_picked":["hierophant:ThreeLashes","hierophant:PassingBell","hierophant:Patience"],"picked":"SKIP","floor":42},{"not_picked":["hierophant:FlamingChariot","hierophant:PassingBell","hierophant:Dazzle"],"picked":"SKIP","floor":46}],"player_experience":1944197,"relics_obtained":[{"floor":6,"key":"FossilizedHelix"},{"floor":9,"key":"Ice Cream"},{"floor":10,"key":"CaptainsWheel"},{"floor":13,"key":"Peace Pipe"},{"floor":17,"key":"CeramicFish"},{"floor":17,"key":"White Beast Statue"},{"floor":17,"key":"TungstenRod"},{"floor":24,"key":"Mummified Hand"},{"floor":26,"key":"War Paint"},{"floor":31,"key":"StrikeDummy"},{"floor":41,"key":"Bronze Scales"},{"floor":43,"key":"Whetstone"}],"event_choices":[{"damage_healed":0,"gold_gain":0,"player_choice":"Entered Light","damage_taken":23,"max_hp_gain":0,"max_hp_loss":0,"event_name":"Shining Light","floor":4,"gold_loss":0,"cards_upgraded":["hierophant:Defend_Hierophant","hierophant:ThreeLashes"]},{"damage_healed":0,"gold_gain":0,"player_choice":"Ignored","damage_taken":0,"max_hp_gain":0,"max_hp_loss":0,"event_name":"Liars Game","floor":5,"gold_loss":0},{"damage_healed":0,"gold_gain":0,"player_choice":"Copied","damage_taken":0,"max_hp_gain":0,"max_hp_loss":0,"event_name":"Duplicator","floor":21,"gold_loss":0,"cards_obtained":["hierophant:ThreeLashes"]},{"damage_healed":0,"gold_gain":0,"player_choice":"Ignored","damage_taken":0,"max_hp_gain":0,"max_hp_loss":0,"event_name":"Mysterious Sphere","floor":36,"gold_loss":0},{"damage_healed":0,"gold_gain":0,"player_choice":"Max HP","damage_taken":0,"max_hp_gain":0,"max_hp_loss":4,"event_name":"Winding Halls","floor":37,"gold_loss":0},{"cards_removed":["hierophant:DisplayOfPower"],"damage_healed":0,"gold_gain":0,"player_choice":"Removed Attack","damage_taken":0,"max_hp_gain":0,"max_hp_loss":0,"event_name":"Falling","floor":47,"gold_loss":0}],"is_beta":false,"boss_relics":[{"not_picked":["Fusion Hammer","Pandora\u0027s Box"],"picked":"Calling Bell"},{"not_picked":["Sozu","Astrolabe"],"picked":"Velvet Choker"}],"items_purged_floors":[25,38,48],"is_endless":false,"potions_floor_spawned":[1,2,6,8,16,18,19,20,22,24,27,29,30,31,33,35,39,41,42,46],"killed_by":"Awakened One","ascension_level":15}}