{"host":"0a7cgrrfh5edm4wz","time":1608786568,"event":{"mods":["BaseMod","Colored Map","Keyboard Shortcuts","Minty Spire (QoL Compilation)","Quick Restart","StSLib","SuperFastMode"],"gold_per_floor":[110,33,52,52,52,52,68,98,124,46,61,77,77,111,111,111,111],"floor_reached":16,"playtime":274,"items_purged":[],"score":220,"play_id":"7807ff64-c4b9-4bb0-bd61-d29a23df37dc","local_time":"20201224140928","is_ascension_mode":true,"campfire_choices":[{"data":"Blade Dance","floor":6.0,"key":"SMITH"},{"data":"Calculated Gamble","floor":15.0,"key":"SMITH"}],"circlet_count":0,"master_deck":["AscendersBane","Strike_G","Strike_G","Strike_G","Strike_G","Defend_G","Defend_G","Defend_G","Defend_G+1","Defend_G","Survivor","Neutralize","Acrobatics","Reflex+1","Blade Dance+1","Adrenaline","Calculated Gamble+1","A Thousand Cuts+1","Tactician","Backflip","PiercingWail"],"relics":["Ring of the Snake","NeowsBlessing","Lantern","Omamori","Blood Vial"],"acts_visited":["Exordium"],"potions_floor_usage":[16],"damage_taken":[{"damage":0.0,"enemies":"2 Louse","floor":1.0,"turns":1.0},{"damage":0.0,"enemies":"Cultist","floor":3.0,"turns":1.0},{"damage":0.0,"enemies":"Small Slimes","floor":7.0,"turns":2.0},{"damage":11.0,"enemies":"Gremlin Nob","floor":8.0,"turns":3.0},{"damage":0.0,"enemies":"Looter","floor":11.0,"turns":2.0},{"damage":0.0,"enemies":"Blue Slaver","floor":12.0,"turns":4.0},{"damage":2.0,"enemies":"3 Sentries","floor":14.0,"turns":4.0},{"damage":41,"enemies":"Slime Boss","floor":16,"turns":7}],"seed_played":"-3137905678438311499","potions_obtained":[{"floor":3.0,"key":"SteroidPotion"},{"floor":7.0,"key":"Ancient Potion"},{"floor":8.0,"key":"Swift Potion"}],"is_trial":false,"path_per_floor":["M","$","M","?","?","R","M","E","T","$","M","M","?","E","R","B"],"character_chosen":"THE_SILENT","items_purchased":["Reflex","Tactician"],"campfire_rested":0,"item_purchase_floors":[2,10],"current_hp_per_floor":[59,59,59,39,39,39,39,28,28,28,28,28,28,26,26,0,0],"gold":111,"neow_bonus":"THREE_ENEMY_KILL","is_daily":false,"chose_seed":false,"campfire_upgraded":2,"win_rate":0.0,"timestamp":1608786568,"path_taken":["M","$","M","?","?","R","?","E","T","?","?","M","?","E","R","BOSS"],"items_purchased_type":["Card","Card"],"build_version":"2020-12-22","purchased_purges":0,"victory":false,"max_hp_per_floor":[66,66,66,66,66,66,66,66,66,66,66,66,66,66,66,66,66],"card_choices":[{"not_picked":["Prepared","Dodge and Roll"],"picked":"Acrobatics","floor":1.0},{"not_picked":["Outmaneuver","Distraction"],"picked":"Blade Dance","floor":3.0},{"not_picked":["Slice","Infinite Blades"],"picked":"Calculated Gamble","floor":7.0},{"not_picked":["Well Laid Plans","Dagger Spray"],"picked":"A Thousand Cuts","floor":8.0},{"not_picked":["Underhanded Strike","Deflect"],"picked":"Backflip","floor":11.0},{"not_picked":["Crippling Poison","Flying Knee"],"picked":"PiercingWail","floor":12.0},{"not_picked":["Acrobatics","Slice","All Out Attack"],"picked":"SKIP","floor":14.0}],"player_experience":884222,"relics_obtained":[{"floor":8.0,"key":"Lantern"},{"floor":9.0,"key":"Omamori"},{"floor":14.0,"key":"Blood Vial"}],"event_choices":[{"damage_healed":0.0,"max_hp_gain":0.0,"max_hp_loss":0.0,"gold_gain":0.0,"event_name":"Shining Light","player_choice":"Entered Light","floor":4.0,"gold_loss":0.0,"damage_taken":20.0,"cards_upgraded":["Defend_G","Reflex"]},{"damage_healed":0.0,"max_hp_gain":0.0,"max_hp_loss":0.0,"gold_gain":0.0,"cards_transformed":["Strike_G"],"event_name":"Transmorgrifier","player_choice":"Transformed","floor":5.0,"gold_loss":0.0,"damage_taken":0.0,"cards_obtained":["Adrenaline"]},{"damage_healed":0.0,"max_hp_gain":0.0,"max_hp_loss":0.0,"gold_gain":0.0,"event_name":"Living Wall","player_choice":"Grow","floor":13.0,"gold_loss":0.0,"damage_taken":0.0,"cards_upgraded":["A Thousand Cuts"]}],"is_beta":false,"boss_relics":[],"items_purged_floors":[],"is_endless":false,"potions_floor_spawned":[3,7,8,12],"killed_by":"Slime Boss","ascension_level":20}}