{"host":"tf8owpcxhp2xn1j6","time":1608824794,"event":{"mods":["AchievementEnabler","BaseMod","Colored Map","Colored Powertips","Custom Start","DeckTracker","Minty Spire (QoL Compilation)","Permanent Neow","Quick Restart","StSLib","SuperFastMode"],"gold_per_floor":[109,109,124,139,149,149,74,89,89,89,164,191,191,204,204,306,306,322,237,63,75,88,88,123,133,188,207,207,232,232,250,250,353,353,367,417,171,190,190,190,203,203,278,296,324,199,217,250,250,250,250],"floor_reached":50,"playtime":2145,"items_purged":["Defend_R","Strike_R","Strike_R"],"score":708,"play_id":"a0170cb7-e3e5-47df-bbad-7b8c679e74cd","local_time":"20201225004634","is_ascension_mode":true,"campfire_choices":[{"data":"Heavy Blade","floor":6.0,"key":"SMITH"},{"data":"Inflame","floor":10.0,"key":"SMITH"},{"data":"Infernal Blade","floor":15.0,"key":"SMITH"},{"floor":23.0,"key":"RECALL"},{"floor":28.0,"key":"REST"},{"floor":32.0,"key":"REST"},{"data":"Flex","floor":40.0,"key":"SMITH"},{"data":"Seeing Red","floor":42.0,"key":"SMITH"},{"floor":49.0,"key":"REST"}],"circlet_count":0,"master_deck":["Strike_R","Strike_R","Strike_R","Defend_R+1","Defend_R","Defend_R+1","Bash","Heavy Blade+1","Inflame+1","Spot Weakness","Rage","Intimidate","Infernal Blade+1","Clash","Demon Form","Metallicize","Flex+1","Heavy Blade+1","Shrug It Off","Iron Wave+1","Warcry+1","Seeing Red+1","Shrug It Off+1","Immolate+1","Clash","Double Tap","Seeing Red","Flame Barrier+1","Inflame+1","Clash+1","Flex+1","Pommel Strike+1"],"relics":["Burning Blood","Vajra","Art of War","Matryoshka","FaceOfCleric","SlaversCollar","Mercury Hourglass","Brimstone","Letter Opener","MealTicket","Ancient Tea Set","Kunai","Runic Dome","Unceasing Top","Whetstone","War Paint","Molten Egg 2","Peace Pipe","Boot"],"acts_visited":["Exordium","TheCity","TheBeyond"],"potions_floor_usage":[50],"damage_taken":[{"damage":14.0,"enemies":"Small Slimes","floor":1.0,"turns":4.0},{"damage":1.0,"enemies":"Cultist","floor":3.0,"turns":3.0},{"damage":0.0,"enemies":"Jaw Worm","floor":4.0,"turns":3.0},{"damage":22.0,"enemies":"Large Slime","floor":5.0,"turns":6.0},{"damage":14.0,"enemies":"Exordium Thugs","floor":8.0,"turns":4.0},{"damage":27.0,"enemies":"Gremlin Nob","floor":12.0,"turns":4.0},{"damage":1.0,"enemies":"Blue Slaver","floor":14.0,"turns":2.0},{"damage":42.0,"enemies":"Slime Boss","floor":16.0,"turns":7.0},{"damage":3.0,"enemies":"Chosen","floor":18.0,"turns":3.0},{"damage":0.0,"enemies":"Spheric Guardian","floor":21.0,"turns":2.0},{"damage":21.0,"enemies":"Snake Plant","floor":22.0,"turns":3.0},{"damage":38.0,"enemies":"Book of Stabbing","floor":24.0,"turns":4.0},{"damage":26.0,"enemies":"3 Cultists","floor":25.0,"turns":5.0},{"damage":12.0,"enemies":"Snecko","floor":27.0,"turns":3.0},{"damage":22.0,"enemies":"Gremlin Leader","floor":29.0,"turns":4.0},{"damage":0.0,"enemies":"Centurion and Healer","floor":31.0,"turns":2.0},{"damage":42.0,"enemies":"Automaton","floor":33.0,"turns":5.0},{"damage":20.0,"enemies":"3 Shapes","floor":35.0,"turns":4.0},{"damage":34.0,"enemies":"Mind Bloom Boss Battle","floor":36.0,"turns":4.0},{"damage":12.0,"enemies":"Orb Walker","floor":38.0,"turns":2.0},{"damage":0.0,"enemies":"Jaw Worm Horde","floor":41.0,"turns":1.0},{"damage":34.0,"enemies":"Maw","floor":44.0,"turns":5.0},{"damage":37.0,"enemies":"Reptomancer","floor":45.0,"turns":3.0},{"damage":0.0,"enemies":"Spire Growth","floor":47.0,"turns":1.0},{"damage":7.0,"enemies":"Giant Head","floor":48.0,"turns":4.0},{"damage":66,"enemies":"Awakened One","floor":50,"turns":4}],"seed_played":"-4998611616553890836","potions_obtained":[{"floor":1.0,"key":"SteroidPotion"},{"floor":5.0,"key":"PowerPotion"},{"floor":8.0,"key":"Swift Potion"},{"floor":12.0,"key":"Regen Potion"},{"floor":18.0,"key":"Dexterity Potion"},{"floor":24.0,"key":"FearPotion"},{"floor":27.0,"key":"Strength Potion"},{"floor":33.0,"key":"Strength Potion"},{"floor":38.0,"key":"SkillPotion"},{"floor":41.0,"key":"SpeedPotion"}],"is_trial":false,"path_per_floor":["M","?","M","M","M","R","$","M","T","R","?","E","?","M","R","B",null,"M","?","$","M","M","R","E","M","T","M","R","E","?","M","R","B",null,"M","?","$","M","?","R","M","R","T","M","E","$","M","E","R","B"],"character_chosen":"IRONCLAD","items_purchased":["Flex","Brimstone","Whetstone"],"campfire_rested":3,"item_purchase_floors":[20,20,37],"current_hp_per_floor":[72,72,77,80,64,64,64,56,56,56,45,24,24,30,30,10,82,83,83,83,84,70,70,39,20,20,15,41,26,26,33,60,25,91,78,51,66,61,61,61,68,68,68,41,11,26,33,33,62,0,0],"gold":250,"neow_bonus":"RANDOM_COMMON_RELIC","is_daily":false,"chose_seed":false,"campfire_upgraded":5,"win_rate":0.0,"timestamp":1608824794,"path_taken":["M","?","?","M","M","R","$","M","T","R","?","E","?","M","R","BOSS","M","?","$","M","M","R","E","M","T","M","R","E","?","?","R","BOSS","M","?","$","M","?","R","M","R","T","M","E","$","M","E","R","BOSS"],"items_purchased_type":["Card","Relic","Relic"],"build_version":"2020-12-22","purchased_purges":3,"victory":false,"max_hp_per_floor":[80,80,80,80,80,80,80,80,80,80,80,80,80,81,81,82,82,83,83,83,84,85,85,86,87,87,88,88,89,89,90,90,91,91,92,93,93,94,94,94,95,95,95,96,97,97,98,99,99,99,99],"card_choices":[{"not_picked":["Metallicize","Pommel Strike"],"picked":"Heavy Blade","floor":1.0},{"not_picked":["Headbutt","Fire Breathing"],"picked":"Inflame","floor":3.0},{"not_picked":["Warcry","Sever Soul"],"picked":"Spot Weakness","floor":4.0},{"not_picked":["Cleave","Havoc"],"picked":"Rage","floor":5.0},{"not_picked":["True Grit","Sword Boomerang"],"picked":"Intimidate","floor":8.0},{"not_picked":["Entrench","Thunderclap"],"picked":"Infernal Blade","floor":12.0},{"not_picked":["Armaments","Twin Strike"],"picked":"Clash","floor":14.0},{"not_picked":["Immolate","Barricade"],"picked":"Demon Form","floor":16.0},{"not_picked":["Evolve","Armaments"],"picked":"Metallicize","floor":18.0},{"not_picked":["Evolve","Pommel Strike"],"picked":"Heavy Blade","floor":21.0},{"not_picked":["Headbutt","Iron Wave"],"picked":"Shrug It Off","floor":22.0},{"not_picked":["True Grit","Barricade"],"picked":"Iron Wave+1","floor":24.0},{"not_picked":["Cleave","Headbutt"],"picked":"Warcry+1","floor":25.0},{"not_picked":["Battle Trance","Burning Pact"],"picked":"Seeing Red","floor":27.0},{"not_picked":["Havoc+1","Pommel Strike"],"picked":"Shrug It Off+1","floor":29.0},{"not_picked":["Power Through","Blood for Blood"],"picked":"Clash","floor":31.0},{"not_picked":["Immolate","Feed"],"picked":"Double Tap","floor":33.0},{"not_picked":["Rampage","Twin Strike+1","Sword Boomerang"],"picked":"SKIP","floor":35.0},{"not_picked":["Intimidate+1","Hemokinesis+1"],"picked":"Seeing Red","floor":36.0},{"not_picked":["Sword Boomerang+1","Perfected Strike"],"picked":"Flame Barrier+1","floor":38.0},{"not_picked":["Anger+1","Fire Breathing+1","Headbutt"],"picked":"SKIP","floor":41.0},{"not_picked":["Sword Boomerang+1","Iron Wave+1"],"picked":"Clash+1","floor":44.0},{"not_picked":["Iron Wave+1","Reaper+1"],"picked":"Flex+1","floor":45.0},{"not_picked":["Havoc","Carnage+1"],"picked":"Pommel Strike+1","floor":47.0},{"not_picked":["True Grit","Warcry","Rampage+1"],"picked":"SKIP","floor":48.0}],"player_experience":260454,"relics_obtained":[{"floor":12.0,"key":"Matryoshka"},{"floor":24.0,"key":"Letter Opener"},{"floor":26.0,"key":"MealTicket"},{"floor":26.0,"key":"Ancient Tea Set"},{"floor":29.0,"key":"Kunai"},{"floor":36.0,"key":"Unceasing Top"},{"floor":43.0,"key":"War Paint"},{"floor":43.0,"key":"Molten Egg 2"},{"floor":45.0,"key":"Peace Pipe"},{"floor":48.0,"key":"Boot"}],"event_choices":[{"damage_healed":0.0,"max_hp_gain":0.0,"max_hp_loss":0.0,"gold_gain":0.0,"event_name":"WeMeetAgain","player_choice":"Gave Potion","floor":2.0,"gold_loss":0.0,"damage_taken":0.0,"relics_obtained":["Art of War"]},{"damage_healed":0.0,"max_hp_gain":0.0,"max_hp_loss":0.0,"gold_gain":75.0,"event_name":"World of Goop","player_choice":"Gather Gold","floor":11.0,"gold_loss":0.0,"damage_taken":11.0},{"damage_healed":0.0,"max_hp_gain":0.0,"max_hp_loss":0.0,"gold_gain":0.0,"event_name":"FaceTrader","player_choice":"Trade","floor":13.0,"gold_loss":0.0,"damage_taken":0.0,"relics_obtained":["FaceOfCleric"]},{"damage_healed":0.0,"max_hp_gain":0.0,"max_hp_loss":0.0,"gold_gain":0.0,"event_name":"Addict","player_choice":"Obtained Relic","floor":19.0,"gold_loss":85.0,"damage_taken":0.0,"relics_obtained":["Mercury Hourglass"]},{"damage_healed":0.0,"max_hp_gain":0.0,"max_hp_loss":0.0,"gold_gain":0.0,"event_name":"Match and Keep!","player_choice":"1 cards matched","floor":30.0,"gold_loss":0.0,"damage_taken":0.0,"cards_obtained":["Immolate"]},{"damage_healed":0.0,"max_hp_gain":0.0,"max_hp_loss":0.0,"gold_gain":0.0,"event_name":"MindBloom","player_choice":"Fight","floor":36.0,"gold_loss":0.0,"damage_taken":0.0},{"damage_healed":0.0,"max_hp_gain":0.0,"max_hp_loss":0.0,"gold_gain":0.0,"event_name":"Duplicator","player_choice":"Copied","floor":39.0,"gold_loss":0.0,"damage_taken":0.0,"cards_obtained":["Inflame"]}],"is_beta":false,"boss_relics":[{"not_picked":["Calling Bell","Coffee Dripper"],"picked":"SlaversCollar"},{"not_picked":["Velvet Choker","Cursed Key"],"picked":"Runic Dome"}],"items_purged_floors":[7,37,46],"is_endless":false,"potions_floor_spawned":[1,5,8,12,18,24,27,33,38,41,48],"killed_by":"Awakened One","ascension_level":4}}