{"host":"zivz6e0vf73jivdq","time":1608803876,"event":{"mods":["ATMod(°¢èªMod)","Act Like it!","BaseMod","Friendly Minions","Gensokyo","HololiveMod","Koishi","Marisa£¨ìFÓê¡¡Ä§ÀíÉ³£©","Minty Spire (QoL Compilation)","MostiFishMod","Pale of the Ancients","Prisma Mod","Reimu£¨²©ÀöÁéÃÎ£©","Remilia£¨ÀÙÃ×ÀòÑÇ£©","Replay The Spire","RumiaBox-Â¶Ã×æ«µÄÉñÃØºÐ×Ó","StSLib","The Jungle","The Servant 0.9.4","Youmu£¨»êÆÇÑýÃÎ£©","¡¾¶«·½¶þ´Î´´×÷¡¿°ËÔÆ×Ïmod","¡¾ÒÅÎï¿¨ÅÆ¡¿REMEMod"],"gold_per_floor":[118,132,132,148,236,236,269,269,269,294,310,88,102,128,128,229,229,241,258,268,268,282,309,328,347,371,371,400,419,439,494,494,591,591,604,655,665,489,509,538,549,549,549,561,590,183,183,193,193,193,193,193,44,72,72],"floor_reached":56,"playtime":3227,"items_purged":["Strike_R","Strike_R+1","Defend_R+1"],"score":2240,"play_id":"28ae94ee-20c0-4e80-80a6-9da939d7c114","local_time":"20201224175756","is_ascension_mode":true,"campfire_choices":[{"data":"AT_OneInchPunch","floor":6.0,"key":"SMITH"},{"data":"True Grit","floor":8.0,"key":"SMITH"},{"data":"MostiFishMod:#F4004","floor":15.0,"key":"SMITH"},{"floor":32.0,"key":"RECALL"},{"data":"MostiFishMod:UltimateDefense+5","floor":47,"key":"SMITH"},{"data":"MostiFishMod:UltimateDefense+7","floor":49,"key":"SMITH"},{"data":"MostiFishMod:UltimateDefense+9","floor":52,"key":"SMITH"}],"circlet_count":0,"master_deck":["Strike_R+1","Strike_R+1","Strike_R+1","Defend_R+1","Defend_R+1","Defend_R+1","Bash+1","MostiFishMod:Wind+1","AT_OneInchPunch+1","Cleave+1","Shrug It Off+1","True Grit+1","MostiFishMod:OrdinaryWorld+1","Intimidate+1","Seeing Red+1","MostiFishMod:#F4004+1","Warcry+1","MostiFishMod:HellRitual+1","ReplayTheSpireMod:Strike From Hell+1","Burning Pact+1","Sword Boomerang+1","Defy Death+1","MostiFishMod:CullingBlade+1","Battle Trance+1","REME_SingleHolding+1","ReplayTheSpireMod:Limb From Limb+1","MostiFishMod:UltimateDefense+11","Warcry+1","AT_ShrugMaster+1","Disarm+1","Shockwave+1","Dark Embrace+1"],"relics":["DaveBox","REME_ComplimentaryCards","AT_ATBox","SlaversCollar","DSteel32","SynthV:TestCard","Potion Belt","Divine Protection","HornCleat","AT_ChloranthyRing","PreservedInsect","JellyFishMachine","Champion Belt","AT_RedTearstoneRing","Omamori","CrazyTorch:ReiMu","InkBottle","RhineSuit","PureWhite:ReiMu","MagicDraw1","Ornamental Fan","War Paint","Membership Card","Anchor","AT_RedNoBalance","ReplayTheSpireMod:Ninjato","Art of War"],"acts_visited":["Exordium","TheCity","TheBeyond","TheEnding"],"potions_floor_usage":[],"damage_taken":[{"damage":12.0,"enemies":"Small Slimes","floor":1.0,"turns":3.0},{"damage":12.0,"enemies":"Jaw Worm","floor":2.0,"turns":3.0},{"damage":0.0,"enemies":"Cultist","floor":4.0,"turns":2.0},{"damage":12.0,"enemies":"3 Sentries","floor":7.0,"turns":6.0},{"damage":7.0,"enemies":"Lagavulin","floor":10.0,"turns":4.0},{"damage":0.0,"enemies":"Exordium Thugs","floor":11.0,"turns":3.0},{"damage":0.0,"enemies":"Blue Slaver","floor":13.0,"turns":1.0},{"damage":0.0,"enemies":"Gremlin Nob","floor":14.0,"turns":4.0},{"damage":0.0,"enemies":"Slime Boss","floor":16.0,"turns":3.0},{"damage":0.0,"enemies":"Chosen","floor":18.0,"turns":4.0},{"damage":0.0,"enemies":"Shell Parasite","floor":19.0,"turns":4.0},{"damage":0.0,"enemies":"3 Cultists","floor":20.0,"turns":4.0},{"damage":7.0,"enemies":"Centurion and Healer","floor":22.0,"turns":4.0},{"damage":0.0,"enemies":"REME_1_Revenger","floor":23.0,"turns":4.0},{"damage":0.0,"enemies":"Snake Plant","floor":24.0,"turns":3.0},{"damage":0.0,"enemies":"Sentry and Sphere","floor":25.0,"turns":2.0},{"damage":0.0,"enemies":"Book of Stabbing","floor":28.0,"turns":3.0},{"damage":10.0,"enemies":"Chosen and Byrds","floor":29.0,"turns":5.0},{"damage":0.0,"enemies":"Centurion and Healer","floor":30.0,"turns":2.0},{"damage":0.0,"enemies":"Gremlin Leader","floor":31.0,"turns":3.0},{"damage":0.0,"enemies":"Collector","floor":33.0,"turns":2.0},{"damage":0.0,"enemies":"3 Shapes","floor":35.0,"turns":2.0},{"damage":0.0,"enemies":"2 Orb Walkers","floor":36.0,"turns":3.0},{"damage":0.0,"enemies":"3 Darklings","floor":37.0,"turns":2.0},{"damage":0,"enemies":"Spire Growth","floor":39,"turns":2},{"damage":0,"enemies":"Giant Head","floor":40,"turns":2},{"damage":0,"enemies":"Maw","floor":41,"turns":2},{"damage":0,"enemies":"Sphere and 2 Shapes","floor":44,"turns":2},{"damage":0,"enemies":"Nemesis","floor":45,"turns":3},{"damage":0,"enemies":"3 Darklings","floor":48,"turns":2},{"damage":0,"enemies":"Time Eater","floor":50,"turns":3},{"damage":0,"enemies":"Shield and Spear","floor":54,"turns":3},{"damage":0,"enemies":"The Heart","floor":55,"turns":5}],"seed_played":"-4255625930089807544","potions_obtained":[{"floor":2.0,"key":"BloodPotion"},{"floor":4.0,"key":"Reflective Coating"},{"floor":13.0,"key":"FearPotion"},{"floor":19.0,"key":"Death Potion"},{"floor":23.0,"key":"Fire Potion"},{"floor":24.0,"key":"ColorlessPotion"},{"floor":30.0,"key":"REME_GoldPotion"},{"floor":37.0,"key":"Explosive Potion"},{"floor":41,"key":"ColorlessPotion"},{"floor":45,"key":"Adrenaline Potion"},{"floor":54,"key":"SkillPotion"}],"is_trial":false,"path_per_floor":["M","M","?","M","?","R","E","R","T","E","M","$","M","E","R","B",null,"M","M","M","?","M","E","M","M","T","?","E","M","M","E","R","B",null,"M","?","M","$","M","E","M","?","T","M","E","$","R","M","R","B",null,"R","$","E","B",null],"character_chosen":"IRONCLAD","items_purchased":["AT_ChloranthyRing","AT_ShrugMaster","Membership Card","Anchor","AT_SilverBalance","ReplayTheSpireMod:Ninjato","Shockwave"],"campfire_rested":0,"item_purchase_floors":[12,38,46,46,46,53,53],"current_hp_per_floor":[60,48,48,48,48,48,36,36,36,29,29,29,29,29,29,29,67,67,67,67,67,60,60,60,60,60,60,60,50,66,66,66,66,77,77,77,77,77,77,77,77,77,77,77,77,77,77,40,40,40,70,70,70,40,40],"gold":72,"neow_bonus":"BOSS_RELIC","is_daily":false,"chose_seed":false,"campfire_upgraded":6,"win_rate":0.0,"timestamp":1608803876,"path_taken":["M","M","?","M","?","R","E","R","T","E","M","$","?","E","R","BOSS","M","M","M","?","M","E","M","?","T","?","E","M","M","E","R","BOSS","M","?","M","$","M","E","M","?","T","M","E","?","R","M","R","BOSS","R","$","E","BOSS"],"items_purchased_type":["Relic","Card","Relic","Relic","Relic","Relic","Card"],"build_version":"2020-12-22","purchased_purges":3,"victory":true,"max_hp_per_floor":[80,80,80,80,80,80,80,80,80,80,80,80,80,80,80,80,80,80,80,80,80,80,80,80,80,80,80,80,80,80,80,80,80,80,80,80,80,80,80,80,80,80,80,80,80,80,80,80,80,80,80,80,80,80,80],"card_choices":[{"not_picked":["ReplayTheSpireMod:Strike From Hell","AT_IchimonjiDouble"],"picked":"Cleave","floor":1.0},{"not_picked":["Thunderclap","Cleave","Fire Breathing","Iron Wave"],"picked":"Shrug It Off","floor":2.0},{"not_picked":["Uppercut","ReplayTheSpireMod:Strike From Hell","MostiFishMod:FlyOverUtopia","Cleave","Anger"],"picked":"SKIP","floor":4.0},{"not_picked":["Abandon","Metallicize","Ghostly Armor","Clash"],"picked":"True Grit","floor":5.0},{"not_picked":["Perfected Strike","Clothesline","Sword Boomerang","Infernal Blade"],"picked":"MostiFishMod:OrdinaryWorld","floor":7.0},{"not_picked":["Sword Boomerang","ReplayTheSpireMod:Limb From Limb","True Grit","Run Through"],"picked":"Intimidate","floor":10.0},{"not_picked":["Clash","Combust","Twin Strike","Replay:Undeath\u0027s Touch"],"picked":"Seeing Red","floor":11.0},{"not_picked":["Heavy Blade","Cleave","REME_FearOfPain","Abandon"],"picked":"MostiFishMod:#F4004","floor":13.0},{"not_picked":["AT_ManFootWork","Heavy Blade","Anger","Defy Death"],"picked":"Warcry","floor":14.0},{"not_picked":["MostiFishMod:FireWorks","MostiFishMod:UltimateDefense","MostiFishMod:ChineseTea","Fiend Fire"],"picked":"MostiFishMod:HellRitual","floor":16.0},{"not_picked":["Anger","Intimidate","REME_Cut","Heavy Blade","Uppercut"],"picked":"SKIP","floor":18.0},{"not_picked":["Carnage+1","Body Slam","Sentinel","Defy Death+1"],"picked":"ReplayTheSpireMod:Strike From Hell+1","floor":19.0},{"not_picked":["Headbutt+1","Clothesline+1","Flex","Shrug It Off+1","Thunderclap+1"],"picked":"SKIP","floor":20.0},{"not_picked":["Flex","Iron Wave","Power Through+1","Disarm+1"],"picked":"Burning Pact","floor":22.0},{"not_picked":["Thunderclap","Fiend Fire","Havoc+1","Perfected Strike"],"picked":"Sword Boomerang","floor":23.0},{"not_picked":["Blood for Blood","AT_IchimonjiDouble","Anger","Twin Strike","Metallicize"],"picked":"SKIP","floor":24.0},{"not_picked":["Twin Strike","Thunderclap","Headbutt","Iron Wave"],"picked":"Defy Death","floor":25.0},{"not_picked":["Sentinel+1","Disarm","Replay:Undeath\u0027s Touch+1","Clash"],"picked":"MostiFishMod:CullingBlade","floor":28.0},{"not_picked":["Blood for Blood","Fire Breathing","Sever Soul","Cleave"],"picked":"Battle Trance","floor":29.0},{"not_picked":["Replay:Undeath\u0027s Touch","Wild Strike+1","AT_DiedThrough","Reckless Charge+1"],"picked":"REME_SingleHolding","floor":30.0},{"not_picked":["Hemokinesis","Uppercut+1","Sever Soul+1","ReplayTheSpireMod:Strike From Hell"],"picked":"ReplayTheSpireMod:Limb From Limb","floor":31.0},{"not_picked":["Feed","Hemogenesis","Limit Break","AT_Dispersion"],"picked":"MostiFishMod:UltimateDefense","floor":33.0},{"not_picked":["Flex+1","Armaments+1","True Grit","Twin Strike+1"],"picked":"Warcry+1","floor":35.0},{"not_picked":["True Grit","Clothesline","Life Link+1","Wild Strike+1","Run Through"],"picked":"SKIP","floor":37.0},{"not_picked":["True Grit","Clothesline","Life Link+1","Wild Strike+1","Run Through"],"picked":"SKIP","floor":37.0},{"not_picked":["AT_CaressingTears","True Grit+1","Wild Strike","Heavy Blade+1","Clothesline+1"],"picked":"SKIP","floor":39},{"not_picked":["REME_SingleHolding+1","MostiFishMod:ChineseTea","Heavy Blade+1","Perfected Strike","Hemokinesis+1"],"picked":"SKIP","floor":40},{"not_picked":["Seeing Red+1","Flex+1","Thunderclap+1","Perfected Strike+1","REME_FearOfPain+1"],"picked":"SKIP","floor":41},{"not_picked":["Flex+1","Life Link+1","Iron Wave","Pommel Strike","Headbutt"],"picked":"SKIP","floor":44},{"not_picked":["Clash","Eclipse","Havoc+1","Wild Strike"],"picked":"Disarm+1","floor":45},{"not_picked":["Replay:Undeath\u0027s Touch","ReplayTheSpireMod:Strike From Hell+1","Searing Blow+1","Clothesline+1","Heavy Blade"],"picked":"SKIP","floor":48},{"not_picked":["Twin Strike","Ghostly Armor+1","Pommel Strike","AT_DiedThrough+1"],"picked":"Dark Embrace+1","floor":54}],"player_experience":731416,"relics_obtained":[{"floor":1.0,"key":"SynthV:TestCard"},{"floor":5.0,"key":"Potion Belt"},{"floor":7.0,"key":"Divine Protection"},{"floor":10.0,"key":"HornCleat"},{"floor":14.0,"key":"PreservedInsect"},{"floor":23.0,"key":"AT_RedTearstoneRing"},{"floor":26.0,"key":"Omamori"},{"floor":28.0,"key":"CrazyTorch:ReiMu"},{"floor":31.0,"key":"InkBottle"},{"floor":36.0,"key":"PureWhite:ReiMu"},{"floor":40,"key":"MagicDraw1"},{"floor":43,"key":"Ornamental Fan"},{"floor":45,"key":"War Paint"},{"floor":54,"key":"Art of War"}],"event_choices":[{"damage_healed":0.0,"max_hp_gain":0.0,"max_hp_loss":0.0,"gold_gain":0.0,"event_name":"The Mausoleum","player_choice":"Opened","floor":21.0,"gold_loss":0.0,"damage_taken":0.0,"relics_obtained":["Champion Belt"]},{"damage_healed":0.0,"max_hp_gain":0.0,"max_hp_loss":0.0,"gold_gain":0.0,"event_name":"Mysterious Sphere","player_choice":"Fight","floor":36.0,"gold_loss":0.0,"damage_taken":0.0},{"damage_healed":0,"gold_gain":0,"player_choice":"Ignored","damage_taken":0,"max_hp_gain":0,"max_hp_loss":0,"event_name":"Tomb of Lord Red Mask","floor":42,"gold_loss":0}],"is_beta":false,"boss_relics":[{"not_picked":["Replay:Wanted Poster","AT_TrinityForce"],"picked":"JellyFishMachine"},{"not_picked":["RedLine:ReiMu","SacredBark"],"picked":"RhineSuit"}],"items_purged_floors":[12,38,46],"is_endless":false,"potions_floor_spawned":[2,4,13,19,23,24,25,28,30,37,41,45,54],"ascension_level":8}}