{"host":"6kpik4p6m02tzjjt","time":1608802582,"event":{"mods":["BaseMod","Colored Map","Minty Spire (QoL Compilation)","Quick Restart","Relic Stats"],"gold_per_floor":[119,119,194,194,213,238,255,255,255,255,255,268,115,153,153,272,272,295,210,235,235,235,235],"floor_reached":22,"playtime":1106,"items_purged":[],"score":192,"play_id":"69c578ae-dca0-433f-a52c-e04d699f0434","local_time":"20201224043622","is_ascension_mode":false,"campfire_choices":[{"floor":8,"key":"REST"},{"floor":15,"key":"REST"}],"circlet_count":0,"master_deck":["Strike_G","Strike_G","Strike_G","Strike_G","Strike_G","Defend_G","Defend_G","Defend_G","Defend_G","Survivor","Neutralize","Quick Slash+1","Skewer","Backstab","Finisher","Flying Knee","Corpse Explosion","Outmaneuver","Backstab","Distraction","Tactician","Bullet Time"],"relics":["Ring of the Snake","Girya","Bottled Flame","White Beast Statue","Golden Idol","Orrery","Dream Catcher","Black Star","Boot"],"acts_visited":["Exordium","TheCity"],"potions_floor_usage":[16,16],"damage_taken":[{"damage":0,"enemies":"Jaw Worm","floor":1,"turns":5},{"damage":0,"enemies":"Small Slimes","floor":5,"turns":3},{"damage":31,"enemies":"Lagavulin","floor":6,"turns":8},{"damage":0,"enemies":"2 Louse","floor":7,"turns":2},{"damage":0,"enemies":"Looter","floor":12,"turns":2},{"damage":31,"enemies":"Gremlin Nob","floor":14,"turns":4},{"damage":35,"enemies":"Hexaghost","floor":16,"turns":11},{"damage":32,"enemies":"Spheric Guardian","floor":18,"turns":6},{"damage":3,"enemies":"3 Byrds","floor":20,"turns":5},{"damage":44,"enemies":"3 Cultists","floor":22,"turns":4}],"seed_played":"-25269067502220155","potions_obtained":[{"floor":5,"key":"ColorlessPotion"},{"floor":7,"key":"AttackPotion"},{"floor":12,"key":"Swift Potion"},{"floor":14,"key":"BlessingOfTheForge"},{"floor":16,"key":"SkillPotion"},{"floor":18,"key":"SpeedPotion"}],"is_trial":false,"path_per_floor":["M","?","?","?","M","E","M","R","T","?","?","M","$","E","R","B",null,"M","?","M","?","M"],"character_chosen":"THE_SILENT","items_purchased":["Orrery"],"campfire_rested":2,"item_purchase_floors":[13],"current_hp_per_floor":[77,70,59,59,59,28,28,51,51,48,48,48,48,17,38,3,71,39,39,36,36,0,0],"gold":235,"neow_bonus":"TEN_PERCENT_HP_BONUS","is_daily":false,"chose_seed":false,"campfire_upgraded":0,"win_rate":0.0,"timestamp":1608802582,"path_taken":["M","?","?","?","?","E","M","R","T","?","?","M","?","E","R","BOSS","M","?","M","?","M"],"items_purchased_type":["Relic"],"build_version":"2020-12-22","purchased_purges":0,"victory":false,"max_hp_per_floor":[77,77,77,77,77,77,77,77,77,77,71,71,71,71,71,71,71,71,71,71,71,71,71],"relic_stats":{"Dream Catcher":1,"counters":[10,50],"Golden Idol":45,"Black Star":0,"Boot":[18],"obtain_stats":[{"Girya":6,"Bottled Flame":9,"Dream Catcher":14,"Golden Idol":11,"Orrery":13,"Black Star":17,"Boot":19,"White Beast Statue":10,"Ring of the Snake":0},{"Girya":3,"Bottled Flame":4,"Dream Catcher":6,"Golden Idol":4,"Orrery":5,"Black Star":7,"Boot":8,"White Beast Statue":4,"Ring of the Snake":0},{"Girya":16,"Bottled Flame":18,"Dream Catcher":24,"Golden Idol":18,"Orrery":20,"Black Star":35,"Boot":41,"White Beast Statue":18,"Ring of the Snake":0}],"Ring of the Snake":[20]},"card_choices":[{"not_picked":["Calculated Gamble","Infinite Blades"],"picked":"Quick Slash","floor":1},{"not_picked":["Deadly Poison","Underhanded Strike"],"picked":"Skewer","floor":5},{"not_picked":["Quick Slash","Poisoned Stab"],"picked":"Backflip","floor":6},{"not_picked":["Leg Sweep","Heel Hook"],"picked":"Backstab","floor":7},{"not_picked":["Poisoned Stab","Acrobatics"],"picked":"Finisher","floor":12},{"not_picked":["Acrobatics","Flechettes"],"picked":"Flying Knee","floor":13},{"not_picked":["Finisher","Prepared"],"picked":"Corpse Explosion","floor":13},{"not_picked":["Quick Slash","Eviscerate"],"picked":"Backflip","floor":13},{"not_picked":["Blade Dance","Calculated Gamble"],"picked":"Outmaneuver","floor":13},{"not_picked":["Infinite Blades","Acrobatics"],"picked":"Backstab","floor":14},{"not_picked":["Calculated Gamble","Dagger Spray","Deadly Poison+1"],"picked":"SKIP","floor":18},{"not_picked":["Crippling Poison+1","Blade Dance"],"picked":"Distraction","floor":20}],"player_experience":15471,"relics_obtained":[{"floor":6,"key":"Girya"},{"floor":9,"key":"Bottled Flame"},{"floor":14,"key":"Dream Catcher"}],"event_choices":[{"cards_removed":["Defend_G"],"damage_healed":0,"gold_gain":0,"player_choice":"Card Removal","damage_taken":7,"max_hp_gain":0,"max_hp_loss":0,"event_name":"Golden Wing","floor":2,"gold_loss":0},{"damage_healed":0,"gold_gain":75,"player_choice":"Gather Gold","damage_taken":11,"max_hp_gain":0,"max_hp_loss":0,"event_name":"World of Goop","floor":3,"gold_loss":0},{"damage_healed":0,"gold_gain":0,"player_choice":"Grow","damage_taken":0,"max_hp_gain":0,"max_hp_loss":0,"event_name":"Living Wall","floor":4,"gold_loss":0,"cards_upgraded":["Quick Slash"]},{"damage_healed":0,"gold_gain":0,"player_choice":"Success","damage_taken":3,"relics_obtained":["White Beast Statue"],"max_hp_gain":0,"max_hp_loss":0,"event_name":"Scrap Ooze","floor":10,"gold_loss":0},{"damage_healed":0,"gold_gain":0,"player_choice":"Lose Max HP","damage_taken":0,"relics_obtained":["Golden Idol"],"max_hp_gain":0,"max_hp_loss":6,"event_name":"Golden Idol","floor":11,"gold_loss":0},{"damage_healed":0,"gold_gain":0,"player_choice":"Obtained Relic","damage_taken":0,"relics_obtained":["Boot"],"max_hp_gain":0,"max_hp_loss":0,"event_name":"Addict","floor":19,"gold_loss":85},{"damage_healed":0,"gold_gain":0,"cards_transformed":["Backflip","Backflip"],"player_choice":"Became Test Subject","damage_taken":0,"max_hp_gain":0,"max_hp_loss":0,"event_name":"Drug Dealer","floor":21,"gold_loss":0,"cards_obtained":["Tactician","Bullet Time"]}],"is_beta":false,"boss_relics":[{"not_picked":["Ring of the Serpent","Tiny House"],"picked":"Black Star"}],"items_purged_floors":[],"is_endless":false,"potions_floor_spawned":[5,7,12,14,16,18,20],"killed_by":"3 Cultists","ascension_level":0}}