{"host":"Charlie","time":1608802548,"event":{"mods":["Aspiration","BaseMod","Better Match","Better Skull","Better Third Choice","BetterRewards","ChefMod","Colored Map","Colored Powertips","Conspire","Curses Come First","Downfall","Ekko","Friendly Minions","Halation","Hermit","Hubris","Infinite Spire","Luminous","Melee Mod","Minty Spire (QoL Compilation)","Quick Restart","Rare Cards Sparkle","Relic Stats","Robot Space Explorer","Shade Mod","Spicy Shops","StSLib","SuperFastMode","Synergy Search","The Animator","The Blue Laboratory","The Cursed","The Dragon Tamer","The Factory","The Gatherer","The Jungle","The Marked","The Necromancer","Unceasing Turn Reminder","vexMod"],"gold_per_floor":[118,43,43,43,62,96,111,126,198,198,232,249,259,269,269,379,379,394,414,414,430,451,486,486,486,560,579,613,49,49,80,80,187,187,198,198,6,6,6,46,46,46,46,79,27,38,38,38],"floor_reached":47,"playtime":2942,"items_purged":["hermit:Strike_Hermit"],"score":678,"play_id":"b477db30-3fe7-476b-ad08-d39287940d33","local_time":"20201224013548","is_ascension_mode":false,"campfire_choices":[{"data":"hermit:Adapt","floor":15,"key":"SMITH"},{"floor":25,"key":"REST"},{"data":"hermit:Covet","floor":32,"key":"SMITH"},{"data":"hermit:FromBeyond","floor":42,"key":"SMITH"}],"circlet_count":0,"master_deck":["hermit:Strike_Hermit","hermit:Strike_Hermit","hermit:Defend_Hermit","hermit:Defend_Hermit","hermit:Defend_Hermit","hermit:Covet+1","hermit:Combo+1","Injury","infinitespire:Fortify","hermit:Quickdraw+1","hermit:GhostlyPresence","hermit:GoldenBullet+1","hermit:Adapt+1","hermit:HighCaliber+1","hermit:Scavenge","hermit:FromBeyond+1","Ghostly","Ghostly","Ghostly","Ghostly","Ghostly","hermit:FlashPowder+1","hermit:Magnum+1","RitualDagger+1","Regret","Decay","hermit:Adapt","hermit:Determination","Writhe","expansioncontent:Sear+1","hermit:BlackWind+1"],"relics":["hermit:Momento","NeowsBlessing","Molten Egg 2","Matryoshka","Nunchaku","Kunai","hubris:Potato","conspire:SpecialSausage","infinitespire:CheckeredPen","conspire:Dentures","Dream Catcher","infinitespire:EmpoweringShard","hubris:Reverence","hubris:EmptyBottle","halation:Toothbrush","vexMod:PlasmaPancake","Empty Cage","Juzu Bracelet","Singing Bowl","Letter Opener","Darkstone Periapt"],"acts_visited":["Exordium","TheCity","TheBeyond"],"potions_floor_usage":[18,27,31,31,33,44,47,47],"damage_taken":[{"damage":0,"enemies":"2 Louse","floor":1,"turns":1},{"damage":0,"enemies":"infinitespire:Voidling","floor":5,"turns":1},{"damage":0,"enemies":"Lagavulin","floor":6,"turns":2},{"damage":0,"enemies":"Jaw Worm","floor":7,"turns":3},{"damage":0,"enemies":"Large Slime","floor":8,"turns":6},{"damage":19,"enemies":"3 Sentries","floor":11,"turns":12},{"damage":0,"enemies":"3 Louse","floor":12,"turns":4},{"damage":0,"enemies":"Exordium Wildlife","floor":13,"turns":2},{"damage":4,"enemies":"Blue Slaver","floor":14,"turns":2},{"damage":0,"enemies":"Hexaghost","floor":16,"turns":8},{"damage":12,"enemies":"3 Byrds","floor":18,"turns":5},{"damage":21,"enemies":"conspire:FuzzyDice","floor":19,"turns":7},{"damage":3,"enemies":"Cultist and Chosen","floor":21,"turns":10},{"damage":0,"enemies":"Sentry and Sphere","floor":22,"turns":5},{"damage":13,"enemies":"Book of Stabbing","floor":23,"turns":9},{"damage":0,"enemies":"Centurion and Healer","floor":27,"turns":7},{"damage":3,"enemies":"conspire:SneckoGhost","floor":28,"turns":8},{"damage":0,"enemies":"conspire:Head Lice","floor":31,"turns":7},{"damage":16,"enemies":"Automaton","floor":33,"turns":12},{"damage":0,"enemies":"3 Darklings","floor":35,"turns":7},{"damage":24,"enemies":"Nemesis","floor":40,"turns":11},{"damage":20,"enemies":"Reptomancer","floor":44,"turns":6},{"damage":0,"enemies":"Orb Walker","floor":46,"turns":2},{"damage":19,"enemies":"Maw","floor":47,"turns":4}],"seed_played":"-1287886040411480342","potions_obtained":[{"floor":6,"key":"blueLaboratory:BottledHope"},{"floor":12,"key":"SteroidPotion"},{"floor":13,"key":"DistilledChaos"},{"floor":21,"key":"Energy Potion"},{"floor":27,"key":"PowerPotion"},{"floor":33,"key":"blueLaboratory:HorrorPotion"},{"floor":35,"key":"Guardian:BlockOnCardUsePotion"}],"is_trial":false,"path_per_floor":["M","$","?","?","M","E","M","M","T","?","E","M","M","M","R","B",null,"M","M","?","M","M","E","?","R","T","M","E","$","?","E","R","B",null,"M","?","$","?","?","E","?","R","T","E","$","M","M"],"character_chosen":"HERMIT","items_purchased":["hubris:Reverence","hubris:EmptyBottle","halation:Toothbrush","Juzu Bracelet","hermit:Determination","blueLaboratory:FrostheartPotion"],"campfire_rested":1,"item_purchase_floors":[29,29,29,37,37,45],"current_hp_per_floor":[75,75,75,56,56,56,56,56,56,56,37,37,37,33,33,33,75,63,42,37,34,34,21,15,26,26,26,23,23,23,29,29,13,49,49,49,49,49,52,30,30,30,30,10,10,12,0,0],"gold":38,"neow_bonus":"THREE_ENEMY_KILL","is_daily":false,"chose_seed":false,"campfire_upgraded":3,"win_rate":0.0,"timestamp":1608802548,"path_taken":["M","$","?","?","M","E","M","M","T","?","E","?","M","M","R","BOSS","M","M","?","M","M","E","?","R","T","M","E","$","?","E","R","BOSS","M","?","$","?","?","E","?","R","T","E","$","M","M"],"items_purchased_type":["Relic","Relic","Relic","Relic","Card","Potion"],"build_version":"2020-12-18","purchased_purges":1,"victory":false,"max_hp_per_floor":[75,75,75,75,75,75,75,75,75,75,75,75,75,75,75,75,75,75,75,37,37,37,37,37,37,37,37,37,37,37,43,43,43,49,49,49,49,49,52,54,54,54,54,54,54,56,56,56],"relic_stats":{"Darkstone Periapt":0,"Nunchaku":[17],"Dream Catcher":0,"Singing Bowl":4,"counters":[24,141],"Juzu Bracelet":1,"Kunai":[14],"Letter Opener":[10],"obtain_stats":[{"conspire:Dentures":26,"Darkstone Periapt":44,"vexMod:PlasmaPancake":31,"NeowsBlessing":0,"Singing Bowl":40,"conspire:SpecialSausage":17,"Juzu Bracelet":37,"infinitespire:CheckeredPen":23,"Letter Opener":43,"hubris:EmptyBottle":29,"Empty Cage":34,"Nunchaku":9,"Dream Catcher":26,"Matryoshka":6,"Molten Egg 2":3,"halation:Toothbrush":29,"infinitespire:EmpoweringShard":28,"Kunai":9,"hermit:Momento":0,"hubris:Potato":11,"hubris:Reverence":29},{"conspire:Dentures":15,"Darkstone Periapt":22,"vexMod:PlasmaPancake":18,"NeowsBlessing":0,"Singing Bowl":21,"conspire:SpecialSausage":10,"Juzu Bracelet":20,"infinitespire:CheckeredPen":15,"Letter Opener":21,"hubris:EmptyBottle":17,"Empty Cage":19,"Nunchaku":5,"Dream Catcher":15,"Matryoshka":3,"Molten Egg 2":1,"halation:Toothbrush":17,"infinitespire:EmpoweringShard":17,"Kunai":5,"hermit:Momento":0,"hubris:Potato":6,"hubris:Reverence":17},{"conspire:Dentures":77,"Darkstone Periapt":135,"vexMod:PlasmaPancake":99,"NeowsBlessing":0,"Singing Bowl":129,"conspire:SpecialSausage":41,"Juzu Bracelet":118,"infinitespire:CheckeredPen":77,"Letter Opener":129,"hubris:EmptyBottle":92,"Empty Cage":111,"Nunchaku":13,"Dream Catcher":77,"Matryoshka":4,"Molten Egg 2":1,"halation:Toothbrush":92,"infinitespire:EmpoweringShard":92,"Kunai":13,"hermit:Momento":0,"hubris:Potato":25,"hubris:Reverence":92}]},"card_choices":[{"not_picked":["hermit:Maintenance","hermit:Glare"],"picked":"hermit:Combo","floor":1},{"not_picked":["infinitespire:Collect","infinitespire:SevenWalls"],"picked":"infinitespire:Fortify","floor":4},{"not_picked":["hermit:DeadMansHand","hermit:Coalescence","hermit:HighCaliber+1"],"picked":"SKIP","floor":5},{"not_picked":["hermit:Combo","hermit:SprayPray+1"],"picked":"hermit:Quickdraw+1","floor":6},{"not_picked":["hermit:WideOpen+1","hermit:Brawl"],"picked":"hermit:GhostlyPresence","floor":7},{"not_picked":["hermit:Combo","hermit:Dive"],"picked":"hermit:GoldenBullet+1","floor":8},{"not_picked":["hermit:BigShot","hermit:ItchyTrigger+1"],"picked":"hermit:Adapt","floor":11},{"not_picked":["hermit:Desperado+1","hermit:TakeCover"],"picked":"hermit:HighCaliber+1","floor":12},{"not_picked":["hermit:Quickdraw+1","hermit:Manifest","hermit:Gestalt"],"picked":"SKIP","floor":13},{"not_picked":["hermit:Feint","hermit:Glare"],"picked":"hermit:Scavenge","floor":14},{"not_picked":["hermit:Gambit","hermit:DeadOrAlive+1"],"picked":"hermit:FromBeyond","floor":16},{"not_picked":["hermit:Desperado+1","hermit:Coalescence","hermit:Feint"],"picked":"SKIP","floor":18},{"not_picked":["hermit:Quickdraw+1","hermit:SprayPray+1","hermit:WideOpen+1"],"picked":"SKIP","floor":19},{"not_picked":["hermit:Spite+1","hermit:Misfire+1","hermit:FullyLoaded"],"picked":"SKIP","floor":21},{"not_picked":["hermit:ItchyTrigger+1","hermit:Feint"],"picked":"hermit:FlashPowder+1","floor":22},{"not_picked":["hermit:SprayPray+1","hermit:TakeCover"],"picked":"hermit:Magnum+1","floor":23},{"not_picked":["hermit:Enervate+1","hermit:Grudge+1","hermit:Vantage"],"picked":"SKIP","floor":27},{"not_picked":["hermit:Roulette+1","hermit:TakeCover","hermit:Vantage+1"],"picked":"SKIP","floor":28},{"not_picked":["hermit:Roulette+1","hermit:Spite+1","hermit:BodyArmor+1"],"picked":"SKIP","floor":31},{"not_picked":["hermit:Purgatory+1","hermit:BlackWind+1"],"picked":"hermit:Adapt","floor":33},{"not_picked":["hermit:ShadowCloak","hermit:Glare","hermit:FullyLoaded+1"],"picked":"SKIP","floor":35},{"not_picked":["hermit:Combo+1","hermit:HighCaliber+1","hermit:EyeOfTheStorm"],"picked":"Singing Bowl","floor":40},{"not_picked":["expansioncontent:DonusPower","expansioncontent:BronzeBeam+1"],"picked":"expansioncontent:Sear+1","floor":41},{"not_picked":["hermit:LowProfile","hermit:LoneWolf"],"picked":"hermit:BlackWind+1","floor":44},{"not_picked":["hermit:LoneWolf+1","hermit:Glare+1","hermit:ItchyTrigger+1"],"picked":"Singing Bowl","floor":46}],"player_experience":442295,"relics_obtained":[{"floor":6,"key":"Matryoshka"},{"floor":9,"key":"Nunchaku"},{"floor":9,"key":"Kunai"},{"floor":11,"key":"hubris:Potato"},{"floor":23,"key":"infinitespire:CheckeredPen"},{"floor":26,"key":"conspire:Dentures"},{"floor":26,"key":"Dream Catcher"},{"floor":28,"key":"infinitespire:EmpoweringShard"},{"floor":31,"key":"vexMod:PlasmaPancake"},{"floor":40,"key":"Singing Bowl"},{"floor":43,"key":"Letter Opener"},{"floor":44,"key":"Darkstone Periapt"}],"event_choices":[{"damage_healed":0,"gold_gain":0,"player_choice":"Upgraded","damage_taken":0,"max_hp_gain":0,"max_hp_loss":0,"event_name":"Upgrade Shrine","floor":10,"gold_loss":0,"cards_upgraded":["hermit:Combo"]},{"damage_healed":0,"gold_gain":0,"player_choice":"Became a Ghost","damage_taken":0,"max_hp_gain":0,"max_hp_loss":38,"event_name":"Ghosts","floor":20,"gold_loss":0,"cards_obtained":["Ghostly","Ghostly","Ghostly","Ghostly","Ghostly"]},{"damage_healed":0,"gold_gain":0,"player_choice":"Dagger","damage_taken":6,"max_hp_gain":0,"max_hp_loss":0,"event_name":"betterThird:BetterNest","floor":24,"gold_loss":0,"cards_obtained":["RitualDagger"]},{"damage_healed":0,"gold_gain":0,"player_choice":"Smashed Altar","damage_taken":0,"max_hp_gain":0,"max_hp_loss":0,"event_name":"Forgotten Altar","floor":30,"gold_loss":0,"cards_obtained":["Decay"]},{"damage_healed":0,"gold_gain":0,"player_choice":"Leave","damage_taken":0,"max_hp_gain":0,"max_hp_loss":0,"event_name":"conspire:Investor","floor":36,"gold_loss":0},{"damage_healed":12,"gold_gain":0,"player_choice":"Writhe","damage_taken":0,"max_hp_gain":0,"max_hp_loss":0,"event_name":"Winding Halls","floor":38,"gold_loss":0,"cards_obtained":["Writhe"]},{"cards_removed":["hermit:Snapshot"],"damage_healed":0,"gold_gain":0,"player_choice":"Removed Attack","damage_taken":0,"max_hp_gain":0,"max_hp_loss":0,"event_name":"Falling","floor":39,"gold_loss":0},{"damage_healed":0,"gold_gain":0,"player_choice":"Memory 1","damage_taken":0,"max_hp_gain":0,"max_hp_loss":0,"event_name":"SensoryStone","floor":41,"gold_loss":0}],"is_beta":true,"boss_relics":[{"not_picked":["vexMod:BigBerry","halation:PinkAlligatorPlush"],"picked":"conspire:SpecialSausage"},{"not_picked":["vexMod:MysteryBossChallenge","conspire:RunicOctahedron"],"picked":"Empty Cage"}],"items_purged_floors":[2],"is_endless":false,"potions_floor_spawned":[6,12,13,14,21,27,28,33,35,46],"killed_by":"Maw","ascension_level":0}}