{"host":"9373kjg5yrouhim6","time":1608799429,"event":{"mods":["2.2 Compatiblity","AchievementEnabler","Aspiration","BaseMod","Beaked The Cultist","Better Altar","Better Match","Better Note","Better Sensory Stone","Better Skull","Better Third Choice","Colored Map","Colored Powertips","Conspire","Downfall","Friendly Minions","Highlight Path","Hubris","Infinite Spire","Mimic Mod","Minty Spire (QoL Compilation)","Replay The Spire","Spicy Shops","StSLib","The Construct","The Disciple","vexMod"],"gold_per_floor":[99,113,23,38,48,48,48,48,68,83,68,100,100,114,134,134,134,134],"floor_reached":16,"playtime":677,"items_purged":["champ:Execute"],"score":104,"play_id":"aa71ce24-c819-44b1-9792-7ab838638112","local_time":"20201224034349","is_ascension_mode":false,"campfire_choices":[{"data":"champ:Taunt","floor":1,"key":"SMITH"},{"floor":13,"key":"REST"}],"circlet_count":0,"master_deck":["champ:Strike","champ:Strike","champ:Strike","champ:Defend","champ:Defend","champ:Defend","champ:Taunt+1","champ:FalseCounter","champ:DefensiveStyle","champ:DefensiveStyle","champ:DefensiveStyle"],"relics":["Iron Core","infinitespire:Cubic Diamond","Happy Flower"],"acts_visited":["Exordium"],"potions_floor_usage":[3,10,12,14],"damage_taken":[{"damage":5,"enemies":"Small Slimes","floor":2,"turns":3},{"damage":15,"enemies":"downfall:FleeingMerchant","floor":3,"turns":4},{"damage":10,"enemies":"Jaw Worm","floor":4,"turns":4},{"damage":1,"enemies":"2 Louse","floor":5,"turns":4},{"damage":7,"enemies":"Large Slime","floor":9,"turns":5},{"damage":0,"enemies":"Lots of Slimes","floor":10,"turns":2},{"damage":15,"enemies":"downfall:FleeingMerchant","floor":11,"turns":4},{"damage":17,"enemies":"3 Sentries","floor":12,"turns":5},{"damage":2,"enemies":"Blue Slaver","floor":14,"turns":4},{"damage":12,"enemies":"3 Louse","floor":15,"turns":4},{"damage":28,"enemies":"downfall:Defect","floor":16,"turns":6}],"seed_played":"8941587601607700403","potions_obtained":[{"floor":2,"key":"DuplicationPotion"},{"floor":5,"key":"Fire Potion"},{"floor":9,"key":"Toxic Potion"},{"floor":10,"key":"SpeedPotion"}],"is_trial":false,"path_per_floor":["R","M","$","M","M","?","T","?","M","M","$","E","R","M","M","B"],"character_chosen":"THE_CHAMP","items_purchased":[],"campfire_rested":1,"item_purchase_floors":[],"current_hp_per_floor":[63,63,63,53,52,52,52,52,45,45,30,13,40,38,26,0,0,0],"gold":134,"neow_bonus":"REMOVE_TWO","is_daily":false,"chose_seed":false,"campfire_upgraded":1,"win_rate":0.0,"timestamp":1608799429,"path_taken":["R","M","$","M","M","?","T","?","M","M","?","E","R","M","M","BOSS"],"items_purchased_type":[],"build_version":"2020-12-22","purchased_purges":1,"victory":false,"max_hp_per_floor":[90,90,90,90,90,90,90,90,90,90,90,90,90,90,90,90,90,90],"card_choices":[{"not_picked":["champ:StanceDance","champ:Aggression"],"picked":"champ:FalseCounter","floor":2},{"not_picked":["champ:ShieldWall","champ:StanceDance","champ:GutPunch"],"picked":"SKIP","floor":3},{"not_picked":["champ:FalseCounter","champ:DeathBlow"],"picked":"champ:DefensiveStyle","floor":4},{"not_picked":["champ:EnragedBash","champ:BringItOn","champ:BladeFlurry"],"picked":"SKIP","floor":5},{"not_picked":["Headbutt","Anger","Beam Cell"],"picked":"SKIP","floor":9},{"not_picked":["Force Field","champ:Backstep","Flex"],"picked":"SKIP","floor":10},{"not_picked":["ReplayTheSpireMod:GoodbyeWorld","Double Tap"],"picked":"champ:DefensiveStyle","floor":11},{"not_picked":["champ:GutPunch","champ:EnragedBash"],"picked":"champ:DefensiveStyle","floor":12},{"not_picked":["champ:AdrenalArmor","Genetic Algorithm","Steam Power"],"picked":"SKIP","floor":14},{"not_picked":["ReplayTheSpireMod:System Scan","Dual Wield","Iron Wave"],"picked":"SKIP","floor":15}],"player_experience":341716,"relics_obtained":[{"floor":12,"key":"Happy Flower"}],"event_choices":[{"damage_healed":0,"gold_gain":0,"player_choice":"Disagree","damage_taken":0,"max_hp_gain":0,"max_hp_loss":0,"event_name":"conspire:LoneGhost","floor":8,"gold_loss":0}],"is_beta":false,"boss_relics":[],"items_purged_floors":[3],"is_endless":false,"potions_floor_spawned":[2,5,9,10],"killed_by":"downfall:Defect","ascension_level":0}}