{"host":"n3pcl7mteoua0i12","time":1608841365,"event":{"mods":["BaseMod","Curses Come First","Googly Eyes","Minty Spire (QoL Compilation)","StSLib","The Dragon Tamer"],"gold_per_floor":[116,116,116,116,134,134,163,179,231,132,132,132,142,168,168,268,268,288,203,215,115,129,161,161,179,179,278,294,294,306,335,335,437,437,452,464,464,193,213,213,238,288,311,360,392,404,426,26,26,26,26,26,26,55,55,55,55],"floor_reached":55,"playtime":4155,"items_purged":["DTMod:Strike","DTMod:TargetDefense","DTMod:Strike"],"score":895,"play_id":"e0009af4-09f3-45e8-a39e-858f5870146c","local_time":"20201224122245","is_ascension_mode":false,"metric_token":403,"campfire_choices":[{"data":"DTMod:ComboAttack","floor":6,"key":"SMITH"},{"data":"DTMod:Threaten","floor":12,"key":"SMITH"},{"data":"DTMod:Outburst","floor":15,"key":"SMITH"},{"data":"DTMod:TriAttack","floor":24,"key":"SMITH"},{"data":"DTMod:BreakAttack","floor":32,"key":"SMITH"},{"data":"DTMod:ComboAttack","floor":40,"key":"SMITH"},{"floor":46,"key":"RECALL"},{"data":"DTMod:DoubleHit","floor":49,"key":"SMITH"},{"data":"DTMod:FlameSlash","floor":52,"key":"SMITH"}],"dtmod_dragon_data":[0,64,0,0,0,0],"circlet_count":0,"master_deck":["DTMod:Strike+1","DTMod:DoubleHit+1","DTMod:TargetDefense","DTMod:TargetDefense","DTMod:TargetDefense","DTMod:SwitchingTactic+1","DTMod:Threaten+1","DTMod:ComboAttack+1","DTMod:BreakAttack+1","DTMod:FlameSlash+1","DTMod:Outburst+1","DTMod:TriAttack+1","DTMod:QuickFly+1","DTMod:FierySynthesis","DTMod:Shift+1","DTMod:GhostSkin+1","DTMod:ComboAttack+1","DTMod:MaximumCharge+1","DTMod:OpeningTactic","DTMod:Training+1","DTMod:WarmUp+1","DTMod:MagicField+1","DTMod:ShieldDrain","DTMod:MagiciansMark+1","Master of Strategy+1"],"relics":["DTMod:PactStone","Tiny Chest","Orichalcum","Pantograph","Ancient Tea Set","Runic Pyramid","Toxic Egg 2","Shuriken","StoneCalendar","Frozen Egg 2","Bronze Scales","DTMod:TheChair","Nunchaku","DTMod:DragonFood","Ice Cream","MawBank","Pear","Gambling Chip"],"acts_visited":["Exordium","TheCity","TheBeyond","TheEnding"],"potions_floor_usage":[23,54,54,55],"damage_taken":[{"damage":0,"enemies":"Jaw Worm","floor":1,"turns":3},{"damage":0,"enemies":"2 Louse","floor":5,"turns":3},{"damage":11,"enemies":"Lagavulin","floor":7,"turns":7},{"damage":0,"enemies":"Small Slimes","floor":8,"turns":3},{"damage":0,"enemies":"Blue Slaver","floor":13,"turns":2},{"damage":3,"enemies":"Gremlin Nob","floor":14,"turns":4},{"damage":11,"enemies":"Slime Boss","floor":16,"turns":8},{"damage":4,"enemies":"2 Thieves","floor":18,"turns":4},{"damage":0,"enemies":"Chosen","floor":20,"turns":3},{"damage":0,"enemies":"Shelled Parasite and Fungi","floor":22,"turns":3},{"damage":0,"enemies":"Gremlin Leader","floor":23,"turns":3},{"damage":0,"enemies":"Cultist and Chosen","floor":25,"turns":3},{"damage":0,"enemies":"Sentry and Sphere","floor":28,"turns":3},{"damage":0,"enemies":"Snake Plant","floor":30,"turns":2},{"damage":0,"enemies":"Book of Stabbing","floor":31,"turns":4},{"damage":11,"enemies":"Automaton","floor":33,"turns":7},{"damage":0,"enemies":"3 Darklings","floor":35,"turns":4},{"damage":2,"enemies":"3 Shapes","floor":36,"turns":4},{"damage":0,"enemies":"Maw","floor":39,"turns":5},{"damage":0,"enemies":"Giant Head","floor":41,"turns":5},{"damage":0,"enemies":"Mind Bloom Boss Battle","floor":42,"turns":4},{"damage":0,"enemies":"Transient","floor":45,"turns":5},{"damage":0,"enemies":"Jaw Worm Horde","floor":47,"turns":3},{"damage":0,"enemies":"Time Eater","floor":50,"turns":4},{"damage":0,"enemies":"Shield and Spear","floor":54,"turns":4},{"damage":68,"enemies":"The Heart","floor":55,"turns":8}],"seed_played":"1449013419416042235","potions_obtained":[{"floor":1,"key":"Strength Potion"},{"floor":5,"key":"EssenceOfSteel"},{"floor":8,"key":"Dexterity Potion"},{"floor":16,"key":"EssenceOfSteel"},{"floor":22,"key":"SteroidPotion"},{"floor":31,"key":"Regen Potion"}],"is_trial":false,"path_per_floor":["M","?","?","?","M","R","E","M","T","$","T","R","M","E","R","B",null,"M","?","M","$","M","E","R","M","T","?","M","T","M","E","R","B",null,"M","M","?","$","M","R","E","?","T","T","M","R","M","$","R","B",null,"R","$","E","B"],"character_chosen":"THE_DT","items_purchased":["DTMod:FlameSlash","Nunchaku","Pear","Master of Strategy+1"],"campfire_rested":0,"item_purchase_floors":[10,38,48,48],"current_hp_per_floor":[49,39,32,37,37,37,26,26,26,26,26,26,26,23,23,37,54,50,50,50,50,50,50,50,50,50,50,50,50,50,50,50,43,54,54,52,51,51,51,51,51,51,51,51,51,51,51,61,61,61,61,61,61,61,0,0,0],"gold":55,"neow_bonus":"TEN_PERCENT_HP_BONUS","is_daily":false,"chose_seed":false,"campfire_upgraded":8,"win_rate":0.0,"timestamp":1608841365,"path_taken":["M","?","?","?","M","R","E","M","T","$","?","R","M","E","R","BOSS","M","?","M","$","M","E","R","M","T","?","M","?","?","E","R","BOSS","M","M","?","$","M","R","E","?","T","?","M","R","M","$","R","BOSS","R","$","E","BOSS"],"items_purchased_type":["Card","Relic","Relic","Card"],"build_version":"2020-12-22","purchased_purges":3,"victory":false,"max_hp_per_floor":[49,49,49,54,54,54,54,54,54,54,54,54,54,54,54,54,54,54,54,54,54,54,54,54,54,54,54,54,54,54,54,54,54,54,54,54,51,51,51,51,51,51,51,51,51,51,51,61,61,61,61,61,61,61,61,61,61],"card_choices":[{"not_picked":["DTMod:Observe","DTMod:Hide"],"picked":"DTMod:Threaten","floor":1},{"not_picked":["DTMod:BalancedStrike","DTMod:BurningForce"],"picked":"DTMod:ComboAttack","floor":5},{"not_picked":["DTMod:BurningForce","DTMod:BlazingStrike"],"picked":"DTMod:BreakAttack","floor":7},{"not_picked":["DTMod:Conduct","DTMod:BurningEnergy","DTMod:Overwhelm"],"picked":"SKIP","floor":8},{"not_picked":["DTMod:BuildUp","DTMod:HeatWave","DTMod:CleansingStrike"],"picked":"SKIP","floor":13},{"not_picked":["DTMod:FlameSlash","DTMod:WarmUp"],"picked":"DTMod:Outburst","floor":14},{"not_picked":["DTMod:Prediction","DTMod:Inferno"],"picked":"DTMod:TriAttack","floor":16},{"not_picked":["DTMod:BreakAttack","DTMod:MagicField","DTMod:DarkBreath"],"picked":"SKIP","floor":18},{"not_picked":["DTMod:Weaken+1","DTMod:ForkedFire"],"picked":"DTMod:QuickFly+1","floor":20},{"not_picked":["DTMod:MagiciansMark","DTMod:Punisher","DTMod:TauntingStrike"],"picked":"SKIP","floor":22},{"not_picked":["DTMod:BreakAttack","DTMod:BlazingStrike"],"picked":"DTMod:FierySynthesis","floor":23},{"not_picked":["DTMod:MagicField+1","DTMod:Punisher"],"picked":"DTMod:Shift+1","floor":25},{"not_picked":["DTMod:PurifyingFlame","DTMod:MaximumCharge"],"picked":"DTMod:GhostSkin+1","floor":28},{"not_picked":["DTMod:Dissolve+1","DTMod:MaximumCharge"],"picked":"DTMod:ComboAttack","floor":30},{"not_picked":["DTMod:Threaten+1","DTMod:WarmUp+1"],"picked":"DTMod:MaximumCharge+1","floor":31},{"not_picked":["DTMod:RepeatStrike","DTMod:StunTrap+1"],"picked":"DTMod:OpeningTactic","floor":33},{"not_picked":["DTMod:Cover+1","DTMod:Shift+1"],"picked":"DTMod:Training+1","floor":35},{"not_picked":["DTMod:Feint","DTMod:BurningForce+1"],"picked":"DTMod:WarmUp+1","floor":36},{"not_picked":["DTMod:CrossStep+1","DTMod:Dissolve+1","DTMod:CalculatedDefense+1"],"picked":"SKIP","floor":39},{"not_picked":["DTMod:BurningEnergy+1","DTMod:Overwhelm+1"],"picked":"DTMod:MagicField+1","floor":41},{"not_picked":["DTMod:HeatWave+1","DTMod:ComboAttack+1"],"picked":"DTMod:ShieldDrain","floor":45},{"not_picked":["DTMod:BlueScale+1","DTMod:Threaten+1"],"picked":"DTMod:MagiciansMark+1","floor":47},{"not_picked":["DTMod:Prediction+1","DTMod:BurningEnergy+1","DTMod:HeatWave+1"],"picked":"SKIP","floor":54}],"player_experience":399785,"relics_obtained":[{"floor":7,"key":"Tiny Chest"},{"floor":9,"key":"Orichalcum"},{"floor":11,"key":"Pantograph"},{"floor":14,"key":"Ancient Tea Set"},{"floor":23,"key":"Shuriken"},{"floor":26,"key":"StoneCalendar"},{"floor":29,"key":"Frozen Egg 2"},{"floor":31,"key":"Bronze Scales"},{"floor":41,"key":"DTMod:DragonFood"},{"floor":42,"key":"Ice Cream"},{"floor":44,"key":"MawBank"},{"floor":54,"key":"Gambling Chip"}],"event_choices":[{"damage_healed":0,"gold_gain":0,"player_choice":"Entered Light","damage_taken":10,"max_hp_gain":0,"max_hp_loss":0,"event_name":"Shining Light","floor":2,"gold_loss":0,"cards_upgraded":["DTMod:Strike","DTMod:SwitchingTactic"]},{"cards_removed":["DTMod:Strike"],"damage_healed":0,"gold_gain":0,"player_choice":"Card Removal","damage_taken":7,"max_hp_gain":0,"max_hp_loss":0,"event_name":"Golden Wing","floor":3,"gold_loss":0},{"damage_healed":0,"gold_gain":0,"player_choice":"Donut","damage_taken":0,"max_hp_gain":5,"max_hp_loss":0,"event_name":"Big Fish","floor":4,"gold_loss":0},{"damage_healed":0,"gold_gain":0,"player_choice":"Obtained Relic","damage_taken":0,"relics_obtained":["Toxic Egg 2"],"max_hp_gain":0,"max_hp_loss":0,"event_name":"Addict","floor":19,"gold_loss":85},{"damage_healed":0,"gold_gain":99,"player_choice":"Stole From Cult","damage_taken":0,"max_hp_gain":0,"max_hp_loss":0,"event_name":"Nest","floor":27,"gold_loss":0},{"damage_healed":0,"gold_gain":0,"player_choice":"Max HP","damage_taken":0,"max_hp_gain":0,"max_hp_loss":3,"event_name":"Winding Halls","floor":37,"gold_loss":0},{"damage_healed":0,"gold_gain":0,"player_choice":"Fight","damage_taken":0,"max_hp_gain":0,"max_hp_loss":0,"event_name":"MindBloom","floor":42,"gold_loss":0}],"is_beta":false,"boss_relics":[{"not_picked":["Sozu","Empty Cage"],"picked":"Runic Pyramid"},{"not_picked":["Coffee Dripper","SlaversCollar"],"picked":"DTMod:TheChair"}],"items_purged_floors":[10,21,38],"is_endless":false,"potions_floor_spawned":[1,5,8,16,18,22,31,35,39,47],"killed_by":"The Heart","ascension_level":0}}