{"host":"l66odvkqh04jpxx0","time":1608824937,"event":{"mods":["BaseMod","Colored Powertips","Conspire","Luminous","Minty Spire (QoL Compilation)","Replay The Spire","StSLib","The Construct","The Cursed","The Mystic","The Servant 0.9.4"],"gold_per_floor":[119,469,469,487,562,562,593,593,666,681,696,696,696,711,711,813,813,835,529,537,537],"floor_reached":20,"playtime":1515,"items_purged":["Overencumbered"],"score":322,"play_id":"14699e36-041e-4300-87d2-d91cedebc4e7","local_time":"20201224234857","is_ascension_mode":false,"campfire_choices":[{"floor":6,"key":"REST"},{"data":"Dagger Throw","floor":8,"key":"SMITH"},{"data":"Neutralize","floor":12,"key":"SMITH"},{"floor":15,"key":"REST"}],"circlet_count":0,"master_deck":["Strike_G","Strike_G","Strike_G","Strike_G","Strike_G","Defend_G","Defend_G","Defend_G","Defend_G","Defend_G","Survivor","Neutralize+1","conspire:NecroticWound","Dagger Throw+1","Spreading Infection","Voices","Writhe","Amnesia","Replay:Hysterical Blindness"],"relics":["Ring of the Snake","NeowsBlessing","Ring of Fury","Ring of Greed","Old Coin","Membership Card","Eternal Feather","Darkstone Periapt","Replay:Ancient Bell","Replay:Bandana","Paper Crane","Replay:Multitool","Toolbox","conspire:DecoderRing","Oddly Smooth Stone"],"acts_visited":["Exordium","TheCity"],"potions_floor_usage":[11,16,16,16,20],"damage_taken":[{"damage":0,"enemies":"Small Slimes","floor":1,"turns":1},{"damage":0,"enemies":"Cultist","floor":4,"turns":1},{"damage":0,"enemies":"3 Sentries","floor":7,"turns":1},{"damage":1,"enemies":"2 Louse","floor":10,"turns":5},{"damage":17,"enemies":"Exordium Wildlife","floor":11,"turns":4},{"damage":1,"enemies":"2 Fungi Beasts","floor":14,"turns":4},{"damage":60,"enemies":"The Guardian","floor":16,"turns":13},{"damage":49,"enemies":"Chosen","floor":18,"turns":9},{"damage":48,"enemies":"Spheric Guardian","floor":20,"turns":8}],"seed_played":"-33563347426230021","potions_obtained":[{"floor":1,"key":"Reflective Coating"},{"floor":4,"key":"Cursed Concoction"},{"floor":11,"key":"Poison Potion"},{"floor":14,"key":"DistilledChaos"},{"floor":18,"key":"PowerPotion"}],"is_trial":false,"path_per_floor":["M","?","?","M","?","R","E","R","T","M","M","R","?","M","R","B",null,"M","$","M"],"character_chosen":"THE_SILENT","items_purchased":["Toolbox","conspire:DecoderRing","Oddly Smooth Stone"],"campfire_rested":2,"item_purchase_floors":[19,19,19],"current_hp_per_floor":[70,70,70,70,59,70,70,70,70,69,52,61,54,53,70,16,94,45,45,0,0],"gold":537,"neow_bonus":"THREE_ENEMY_KILL","is_daily":false,"chose_seed":false,"campfire_upgraded":2,"win_rate":0.0,"timestamp":1608824937,"path_taken":["M","?","?","?","?","R","E","R","T","M","M","R","?","M","R","BOSS","M","$","M"],"items_purchased_type":["Relic","Relic","Relic"],"build_version":"2020-12-22","purchased_purges":1,"victory":false,"max_hp_per_floor":[70,70,70,70,70,70,70,70,70,70,70,70,70,70,70,76,94,94,94,94,94],"card_choices":[{"not_picked":["Replay:Poison Smokescreen","Dodge and Roll","Quick Slash"],"picked":"SKIP","floor":1},{"not_picked":["Poisoned Stab","Underhanded Strike"],"picked":"Dagger Throw","floor":4},{"not_picked":["Choke","Reflex","ReplayTheSpireMod:Speed Training"],"picked":"SKIP","floor":7},{"not_picked":["Dagger Throw","Distraction","Outmaneuver"],"picked":"SKIP","floor":10},{"not_picked":["Flying Knee","Bane","Reflex"],"picked":"SKIP","floor":11},{"not_picked":["Expertise","Toxin Wave","Catalyst"],"picked":"SKIP","floor":14},{"not_picked":["Replay:Hysterical Blindness","Shame"],"picked":"Writhe","floor":17},{"not_picked":["Replay:Hysterical Blindness","Sickly"],"picked":"Amnesia","floor":17},{"not_picked":["Overencumbered","CurseOfTheBell"],"picked":"Replay:Hysterical Blindness","floor":17},{"not_picked":["Dodge and Roll+1","Deadly Poison+1","Dagger Throw"],"picked":"SKIP","floor":18}],"player_experience":43934,"relics_obtained":[{"floor":2,"key":"Ring of Fury"},{"floor":2,"key":"Ring of Greed"},{"floor":2,"key":"Old Coin"},{"floor":2,"key":"Membership Card"},{"floor":7,"key":"Eternal Feather"},{"floor":9,"key":"Darkstone Periapt"}],"event_choices":[{"damage_healed":0,"gold_gain":0,"cards_transformed":["Amnesia"],"player_choice":"Transformed","damage_taken":0,"max_hp_gain":0,"max_hp_loss":0,"event_name":"Transmorgrifier","floor":3,"gold_loss":0,"cards_obtained":["Voices"]},{"damage_healed":0,"gold_gain":75,"player_choice":"Gather Gold","damage_taken":11,"max_hp_gain":0,"max_hp_loss":0,"event_name":"World of Goop","floor":5,"gold_loss":0},{"cards_removed":["Voices"],"damage_healed":0,"gold_gain":0,"player_choice":"Card Removal","damage_taken":7,"max_hp_gain":0,"max_hp_loss":0,"event_name":"Golden Wing","floor":13,"gold_loss":0}],"is_beta":false,"boss_relics":[{"not_picked":["Ring of the Serpent","Runic Pyramid"],"picked":"Replay:Ancient Bell"},{"not_picked":["Bag of Marbles","Bag of Preparation"],"picked":"Replay:Bandana"},{"not_picked":["Sundial","Replay:Bottled Snecko"],"picked":"Paper Crane"},{"not_picked":["Byrd Skull","Replay:Kaleidoscope"],"picked":"Replay:Multitool"}],"items_purged_floors":[19],"is_endless":false,"potions_floor_spawned":[1,4,11,14,18],"killed_by":"Spheric Guardian","ascension_level":0}}