{"host":"28bpuzdckreop5i0","time":1608792063,"event":{"mods":["Act Like it!","BaseMod","BetterRewards","Challenge The Spire","Conspire","Defuse TimeMaze Blight","Downfall","Energized Spire","Googly Eyes","Hubris","Infinite Spire","Lobotomy","Mimic Mod","Minty Spire (QoL Compilation)","Relic Stats","Spicy Shops","StSLib","The Awakened One except there are too many feathers","The Cursed","The Hierophant","The IronCluck","The Jungle","Thieving Mod","Transform Curses","Wandering Minibosses","slay the spire mod where everything is the same but ironclad has a cowboy hat"],"gold_per_floor":[117,51,67,1,20,47,47,67,107,107,57,85,85,101,101,196,196,215,215,215,115,115,126,126,143,143,143,172,209,239,250,250,353,353,369,384,384,384,395,395,427,427,491,36,61,74,124,142,142,142],"floor_reached":51,"playtime":1870,"items_purged":[],"score":784,"play_id":"353375f0-23a6-4939-a16f-f0407bf30e3e","local_time":"20201224004103","is_ascension_mode":false,"campfire_choices":[{"data":"infinitespire:OneForAll","floor":7,"key":"SMITH"},{"data":"Twin Strike","floor":10,"key":"SMITH"},{"data":"Flex","floor":13,"key":"SMITH"},{"data":"Flex","floor":15,"key":"SMITH"},{"floor":27,"key":"REST"},{"floor":32,"key":"REST"},{"data":"Flex","floor":40,"key":"SMITH"},{"floor":42,"key":"REST"},{"data":"Exhume","floor":49,"key":"SMITH"}],"circlet_count":0,"master_deck":["Strike_R","Strike_R","Strike_R","Strike_R","Strike_R","Defend_R","Defend_R","Defend_R","Defend_R","Regret","Flex+1","Thunderclap","Twin Strike+1","Flex+1","Twin Strike","Twin Strike","conspire:SpireCoStock","conspire:SpireCoStock","Flex+1","hubris:DuctTapeCard","infinitespire:FutureSight","Iron Wave","Flex","Hemokinesis+1","Pummel+1","Dual Wield","Headbutt+1","infinitespire:FutureSight","conspire:Charge","Exhume+1","Clash+1","Sword Boomerang","conspire:Charge+1"],"relics":["Burning Blood","CaptainsWheel","Akabeko","Guardian:PocketSentry","conspire:DecoderRing","infinitespire:Burning Sword","theJungle:BirthdayCakeSlice","hubris:DuctTape","hubris:ToyBattleship","Self Forming Clay","Runic Cube","conspire:TopHat","StoneCalendar","DollysMirror","MealTicket","hubris:Spice"],"acts_visited":["Exordium","Exordium","TheBeyond"],"potions_floor_usage":[16,16,16,33,50],"damage_taken":[{"damage":10,"enemies":"Jaw Worm","floor":1,"turns":4},{"damage":4,"enemies":"Cultist","floor":3,"turns":3},{"damage":5,"enemies":"2 Louse","floor":5,"turns":2},{"damage":9,"enemies":"Gremlin Nob","floor":6,"turns":3},{"damage":11,"enemies":"Blue Slaver","floor":8,"turns":3},{"damage":22,"enemies":"Looter","floor":9,"turns":10},{"damage":20,"enemies":"3 Sentries","floor":12,"turns":5},{"damage":0,"enemies":"Looter","floor":14,"turns":1},{"damage":75,"enemies":"Hexaghost","floor":16,"turns":11},{"damage":18,"enemies":"theJungle:5_Spyders","floor":18,"turns":4},{"damage":10,"enemies":"theJungle:MUSHROOMGANG","floor":23,"turns":2},{"damage":35,"enemies":"Snake Plant","floor":25,"turns":3},{"damage":15,"enemies":"theJungle:Lyon","floor":28,"turns":4},{"damage":2,"enemies":"theJungle:2_Snecko_Cultists","floor":29,"turns":2},{"damage":50,"enemies":"theJungle:MamaSnecko","floor":30,"turns":6},{"damage":11,"enemies":"theJungle:SlimyTreeVines","floor":31,"turns":3},{"damage":1,"enemies":"theJungle:QueenSpyder","floor":33,"turns":4},{"damage":14,"enemies":"3 Darklings","floor":35,"turns":4},{"damage":2,"enemies":"Orb Walker","floor":36,"turns":1},{"damage":21,"enemies":"4 Shapes","floor":39,"turns":4},{"damage":40,"enemies":"Maw","floor":41,"turns":6},{"damage":16,"enemies":"Jaw Worm Horde","floor":43,"turns":5},{"damage":0,"enemies":"Nemesis","floor":45,"turns":1},{"damage":4,"enemies":"Jaw Worm Horde","floor":46,"turns":3},{"damage":4,"enemies":"Mind Bloom Boss Battle","floor":47,"turns":4},{"damage":0,"enemies":"Spire Growth","floor":48,"turns":2},{"damage":56,"enemies":"Donu and Deca","floor":50,"turns":5}],"seed_played":"-6899599123667981985","potions_obtained":[{"floor":3,"key":"SmokeBomb"},{"floor":5,"key":"Regen Potion"},{"floor":8,"key":"EssenceOfSteel"},{"floor":14,"key":"EntropicBrew"},{"floor":18,"key":"Ancient Potion"},{"floor":25,"key":"infinitespire:BlackPotion"},{"floor":41,"key":"Explosive Potion"}],"is_trial":false,"path_per_floor":["M","?","M","$","M","E","R","M","MIM","R","?","E","R","M","R","B",null,"M","?","?","?","?","M","AVR","M","T","R","M","M","E","M","R","B",null,"M","M","AVR","?","M","R","M","R","MIM","$","E","M","?","M","R","B",null],"character_chosen":"IRONCLAD","items_purchased":["Twin Strike","DollysMirror","conspire:Charge","Exhume"],"campfire_rested":3,"item_purchase_floors":[4,44,44,44],"current_hp_per_floor":[92,92,94,94,95,92,92,87,71,71,71,57,57,63,63,9,96,84,84,84,84,89,85,85,56,56,86,77,81,37,35,65,70,101,93,97,97,97,82,82,48,78,68,68,74,76,86,92,92,42],"gold":142,"neow_bonus":"TWENTY_PERCENT_HP_BONUS","is_daily":false,"chose_seed":false,"campfire_upgraded":6,"win_rate":0.0,"timestamp":1608792063,"path_taken":["M","?","?","?","M","E","R","M","MIM","R","?","E","R","M","R","BOSS","M","?","?","?","?","M","AVR","M","T","R","M","?","E","M","R","BOSS","M","M","AVR","?","M","R","M","R","MIM","$","E","M","?","M","R","BOSS"],"items_purchased_type":["Card","Relic","Card","Card"],"build_version":"2020-12-22","purchased_purges":0,"victory":true,"max_hp_per_floor":[96,96,96,96,96,96,96,96,96,96,96,96,96,96,96,96,96,96,96,96,96,101,101,101,101,101,101,101,101,101,101,101,101,101,101,101,101,101,101,101,101,101,101,101,101,101,109,109,109,109],"relic_stats":{"counters":[27,105],"Self Forming Clay":[96],"StoneCalendar":[0],"MealTicket":0,"obtain_stats":[{"hubris:DuctTape":24,"Self Forming Clay":30,"StoneCalendar":43,"Guardian:PocketSentry":9,"Burning Blood":0,"Akabeko":6,"conspire:TopHat":37,"CaptainsWheel":2,"theJungle:BirthdayCakeSlice":22,"DollysMirror":44,"hubris:Spice":47,"conspire:DecoderRing":12,"MealTicket":45,"infinitespire:Burning Sword":17,"hubris:ToyBattleship":26,"Runic Cube":34},{"hubris:DuctTape":11,"Self Forming Clay":15,"StoneCalendar":22,"Guardian:PocketSentry":6,"Burning Blood":0,"Akabeko":4,"conspire:TopHat":19,"CaptainsWheel":1,"theJungle:BirthdayCakeSlice":10,"DollysMirror":22,"hubris:Spice":25,"conspire:DecoderRing":7,"MealTicket":23,"infinitespire:Burning Sword":9,"hubris:ToyBattleship":12,"Runic Cube":17},{"hubris:DuctTape":48,"Self Forming Clay":63,"StoneCalendar":90,"Guardian:PocketSentry":25,"Burning Blood":0,"Akabeko":12,"conspire:TopHat":75,"CaptainsWheel":4,"theJungle:BirthdayCakeSlice":46,"DollysMirror":90,"hubris:Spice":98,"conspire:DecoderRing":30,"MealTicket":91,"infinitespire:Burning Sword":42,"hubris:ToyBattleship":51,"Runic Cube":70}],"Burning Blood":162,"Runic Cube":[30]},"card_choices":[{"not_picked":["Body Slam","Carnage"],"picked":"Flex","floor":1},{"not_picked":["Headbutt","Dual Wield"],"picked":"Thunderclap","floor":3},{"not_picked":["Immolate","Clash"],"picked":"Dropkick","floor":5},{"not_picked":["Brutality","Havoc"],"picked":"infinitespire:OneForAll","floor":6},{"not_picked":["Pommel Strike","Warcry","Havoc"],"picked":"SKIP","floor":8},{"not_picked":["Heavy Blade","Anger"],"picked":"Flex","floor":9},{"not_picked":["Wild Strike","Warcry"],"picked":"Twin Strike","floor":12},{"not_picked":["Shrug It Off","Iron Wave","Wild Strike"],"picked":"SKIP","floor":14},{"not_picked":["Immolate","Bludgeon"],"picked":"Demon Form","floor":16},{"not_picked":["Burning Pact","Armaments"],"picked":"Twin Strike","floor":18},{"not_picked":["Metallicize","Perfected Strike"],"picked":"Flex","floor":23},{"not_picked":["Heavy Blade","Ghostly Armor"],"picked":"Iron Wave","floor":25},{"not_picked":["hubris:ReadiedAction","Clash","Blood for Blood+1"],"picked":"SKIP","floor":28},{"not_picked":["Clash","Iron Wave"],"picked":"Flex","floor":29},{"not_picked":["Clothesline","Whirlwind","Rage"],"picked":"SKIP","floor":30},{"not_picked":["Sword Boomerang","Heavy Blade","Thunderclap"],"picked":"SKIP","floor":31},{"not_picked":["Dark Embrace","Carnage"],"picked":"Hemokinesis+1","floor":35},{"not_picked":["Power Through+1","hubris:SharpeningStone+1"],"picked":"Pummel+1","floor":36},{"not_picked":["Pommel Strike","Clash","Headbutt"],"picked":"SKIP","floor":39},{"not_picked":["Iron Wave+1","Anger","Havoc"],"picked":"SKIP","floor":41},{"not_picked":["hubris:ReadiedAction","Wild Strike"],"picked":"Headbutt+1","floor":43},{"not_picked":["Anger+1","Ghostly Armor+1"],"picked":"Clash+1","floor":45},{"not_picked":["Disarm+1","Second Wind+1","Carnage"],"picked":"SKIP","floor":46},{"not_picked":["Clothesline","Impervious"],"picked":"Sword Boomerang","floor":47},{"not_picked":["Heavy Blade","Sentinel+1"],"picked":"conspire:Charge+1","floor":48}],"player_experience":882994,"relics_obtained":[{"floor":6,"key":"Akabeko"},{"floor":9,"key":"Guardian:PocketSentry"},{"floor":12,"key":"conspire:DecoderRing"},{"floor":26,"key":"hubris:ToyBattleship"},{"floor":30,"key":"Self Forming Clay"},{"floor":43,"key":"StoneCalendar"},{"floor":45,"key":"MealTicket"},{"floor":47,"key":"hubris:Spice"}],"event_choices":[{"damage_healed":0,"gold_gain":0,"player_choice":"Paid Gold","damage_taken":0,"relics_obtained":["CaptainsWheel"],"max_hp_gain":0,"max_hp_loss":0,"event_name":"WeMeetAgain","floor":2,"gold_loss":66},{"cards_removed":["Bash"],"damage_healed":0,"gold_gain":0,"player_choice":"Card Removal","damage_taken":0,"max_hp_gain":0,"max_hp_loss":0,"event_name":"The Cleric","floor":11,"gold_loss":50},{"damage_healed":0,"gold_gain":0,"player_choice":"Invest 2","damage_taken":0,"max_hp_gain":0,"max_hp_loss":0,"event_name":"conspire:Investor","floor":21,"gold_loss":0},{"damage_healed":0,"gold_gain":0,"cards_transformed":["Dropkick"],"player_choice":"Transformed","damage_taken":0,"max_hp_gain":0,"max_hp_loss":0,"event_name":"Transmorgrifier","floor":38,"gold_loss":0,"cards_obtained":["Dual Wield"]},{"damage_healed":0,"gold_gain":0,"player_choice":"Fight","damage_taken":0,"max_hp_gain":0,"max_hp_loss":0,"event_name":"MindBloom","floor":47,"gold_loss":0}],"is_beta":false,"boss_relics":[{"not_picked":["energizedSpire:StickyHand","energizedSpire:HugeHouse"],"picked":"infinitespire:Burning Sword"},{"not_picked":["Runic Pyramid","Philosopher\u0027s Stone"],"picked":"Runic Cube"}],"items_purged_floors":[],"is_endless":false,"potions_floor_spawned":[3,5,8,14,18,25,28,41,45,47,48],"ascension_level":0}}