{"host":"bg8va46pgqgvtzim","time":1608820814,"event":{"mods":["BaseMod","Minty Spire (QoL Compilation)","Quick Restart","StSLib","SuperFastMode"],"gold_per_floor":[109,109,109,59,79,104,115,146,173,185,185,210,210,225,225,323,323,338,355,368,380,380,408,408,443,491,518,443,475,475,488,488,593,593,610,610,630,649,419,453,480,480,480,480,170,180,195,210,210,210],"floor_reached":51,"playtime":2023,"items_purged":["WreathOfFlame","Judgement","BattleHymn"],"score":992,"play_id":"4055af39-0a98-4166-8299-3e5ca75dee6a","local_time":"20201224224014","is_ascension_mode":true,"campfire_choices":[{"data":"CrushJoints","floor":11.0,"key":"SMITH"},{"data":"TalkToTheHand","floor":13.0,"key":"SMITH"},{"data":"Collect","floor":15.0,"key":"SMITH"},{"data":"Wallop","floor":30.0,"key":"SMITH"},{"data":"Vault","floor":32.0,"key":"SMITH"},{"data":"MentalFortress","floor":42.0,"key":"SMITH"},{"data":"MasterReality","floor":44.0,"key":"SMITH"},{"data":"Vault","floor":49.0,"key":"SMITH"}],"circlet_count":0,"master_deck":["Eruption+1","Vigilance","TalkToTheHand+1","Collect+1","CrushJoints+1","Brilliance","Indignation+1","MasterReality+1","LikeWater","Wallop+1","Halt","ThirdEye+1","Perseverance","Tantrum+1","Vault+1","Establishment","FearNoEvil+1","Vault+1","Pray+1","MentalFortress+1","Prostrate+1","Vault+1","Adaptation+1","Pray","MentalFortress+1"],"relics":["PureWater","Toy Ornithopter","Dream Catcher","Orichalcum","MealTicket","Pandora\u0027s Box","WingedGreaves","Enchiridion","Lizard Tail","Anchor","Lantern","Art of War","Philosopher\u0027s Stone","War Paint","Question Card","Whetstone","TheAbacus"],"acts_visited":["Exordium","TheCity","TheBeyond"],"potions_floor_usage":[],"damage_taken":[{"damage":0.0,"enemies":"Cultist","floor":1.0,"turns":4.0},{"damage":2.0,"enemies":"2 Louse","floor":5.0,"turns":2.0},{"damage":18.0,"enemies":"3 Sentries","floor":6.0,"turns":6.0},{"damage":0.0,"enemies":"Small Slimes","floor":7.0,"turns":3.0},{"damage":4.0,"enemies":"Lagavulin","floor":8.0,"turns":5.0},{"damage":7.0,"enemies":"Looter","floor":10.0,"turns":3.0},{"damage":0.0,"enemies":"3 Louse","floor":14.0,"turns":1.0},{"damage":0.0,"enemies":"Slime Boss","floor":16.0,"turns":5.0},{"damage":4.0,"enemies":"2 Thieves","floor":18.0,"turns":3.0},{"damage":0.0,"enemies":"Chosen","floor":19.0,"turns":2.0},{"damage":9.0,"enemies":"3 Cultists","floor":20.0,"turns":5.0},{"damage":0.0,"enemies":"Centurion and Healer","floor":21.0,"turns":5.0},{"damage":7.0,"enemies":"Slavers","floor":23.0,"turns":4.0},{"damage":10.0,"enemies":"Book of Stabbing","floor":25.0,"turns":4.0},{"damage":6.0,"enemies":"Gremlin Leader","floor":27.0,"turns":4.0},{"damage":4.0,"enemies":"Book of Stabbing","floor":29.0,"turns":4.0},{"damage":0.0,"enemies":"Snake Plant","floor":31.0,"turns":4.0},{"damage":7.0,"enemies":"Automaton","floor":33.0,"turns":6.0},{"damage":0.0,"enemies":"3 Shapes","floor":35.0,"turns":3.0},{"damage":0.0,"enemies":"3 Darklings","floor":37.0,"turns":5.0},{"damage":5.0,"enemies":"4 Shapes","floor":38.0,"turns":5.0},{"damage":12.0,"enemies":"Nemesis","floor":40.0,"turns":5.0},{"damage":0.0,"enemies":"Reptomancer","floor":41.0,"turns":5.0},{"damage":0.0,"enemies":"Maw","floor":46.0,"turns":6.0},{"damage":0.0,"enemies":"Jaw Worm Horde","floor":47.0,"turns":7.0},{"damage":0.0,"enemies":"3 Darklings","floor":48.0,"turns":5.0},{"damage":0,"enemies":"Time Eater","floor":50,"turns":7}],"seed_played":"8447517666737316892","potions_obtained":[{"floor":1.0,"key":"FearPotion"},{"floor":6.0,"key":"Energy Potion"},{"floor":10.0,"key":"FearPotion"},{"floor":20.0,"key":"BlessingOfTheForge"},{"floor":25.0,"key":"BlessingOfTheForge"},{"floor":27.0,"key":"Dexterity Potion"},{"floor":33.0,"key":"SteroidPotion"},{"floor":37.0,"key":"DistilledChaos"},{"floor":40.0,"key":"Energy Potion"}],"is_trial":false,"path_per_floor":["M","?","?","?","M","E","M","E","T","M","R","T","R","M","R","B",null,"M","M","M","M","?","E","?","E","T","E","$","E","R","M","R","B",null,"M","?","M","M","$","E","E","R","T","R","$","M","M","M","R","B",null],"character_chosen":"WATCHER","items_purchased":["MentalFortress","Prostrate","TheAbacus","Pray"],"campfire_rested":0,"item_purchase_floors":[39,39,45,45],"current_hp_per_floor":[72,72,65,65,63,45,45,41,41,34,34,34,34,34,34,34,72,68,68,59,59,59,62,46,41,41,35,50,46,46,46,46,39,72,72,72,72,67,72,60,60,60,60,60,72,72,72,72,72,72],"gold":210,"neow_bonus":"UPGRADE_CARD","is_daily":false,"chose_seed":false,"campfire_upgraded":8,"win_rate":0.0,"timestamp":1608820814,"path_taken":["M","?","?","?","M","E","M","E","T","M","R","?","R","M","R","BOSS","M","M","?","M","?","E","?","E","T","E","$","E","R","M","R","BOSS","M","?","M","M","$","E","E","R","T","R","$","M","?","M","R","BOSS"],"items_purchased_type":["Card","Card","Relic","Card"],"build_version":"2020-12-22","purchased_purges":3,"victory":true,"max_hp_per_floor":[72,72,72,72,72,72,72,72,72,72,72,72,72,72,72,72,72,72,72,72,72,72,72,72,72,72,72,72,72,72,72,72,72,72,72,72,72,72,72,72,72,72,72,72,72,72,72,72,72,72],"card_choices":[{"not_picked":["Pray","Halt"],"picked":"TalkToTheHand","floor":1.0},{"not_picked":["Prostrate","Vengeance"],"picked":"Collect","floor":5.0},{"not_picked":["WaveOfTheHand","Worship","JustLucky"],"picked":"SKIP","floor":6.0},{"not_picked":["InnerPeace","Consecrate"],"picked":"BattleHymn","floor":7.0},{"not_picked":["SashWhip","CarveReality"],"picked":"CrushJoints","floor":8.0},{"not_picked":["ReachHeaven","CarveReality"],"picked":"Brilliance","floor":10.0},{"not_picked":["TalkToTheHand","FollowUp"],"picked":"Indignation","floor":14.0},{"not_picked":["Wish","Devotion"],"picked":"MasterReality","floor":16.0},{"not_picked":["FollowUp","Consecrate+1"],"picked":"ThirdEye+1","floor":18.0},{"not_picked":["Conclude","SandsOfTime"],"picked":"Perseverance","floor":19.0},{"not_picked":["Evaluate","Consecrate","EmptyFist"],"picked":"SKIP","floor":20.0},{"not_picked":["FlurryOfBlows","WaveOfTheHand+1","WindmillStrike+1"],"picked":"SKIP","floor":21.0},{"not_picked":["Consecrate+1","Vengeance"],"picked":"Tantrum","floor":23.0},{"not_picked":["FollowUp+1","Crescendo+1","CutThroughFate"],"picked":"SKIP","floor":25.0},{"not_picked":["EmptyFist+1","SignatureMove"],"picked":"Vault","floor":27.0},{"not_picked":["Crescendo","FollowUp","CrushJoints"],"picked":"SKIP","floor":29.0},{"not_picked":["EmptyFist","CarveReality","SashWhip"],"picked":"SKIP","floor":31.0},{"not_picked":["Blasphemy","Vault"],"picked":"Establishment","floor":33.0},{"not_picked":["ClearTheMind+1","DeceiveReality+1"],"picked":"FearNoEvil","floor":35.0},{"not_picked":["DeceiveReality+1","Indignation","Perseverance"],"picked":"SKIP","floor":37.0},{"not_picked":["Protect","EmptyBody+1"],"picked":"Pray+1","floor":38.0},{"not_picked":["CutThroughFate+1","Study"],"picked":"Vault","floor":40.0},{"not_picked":["Nirvana+1","InnerPeace"],"picked":"Adaptation+1","floor":41.0},{"not_picked":["InnerPeace","SignatureMove+1","Prostrate"],"picked":"MentalFortress+1","floor":46.0},{"not_picked":["Vengeance","ClearTheMind","Tantrum","SignatureMove"],"picked":"SKIP","floor":47.0},{"not_picked":["Evaluate","Prostrate","BowlingBash+1","WaveOfTheHand"],"picked":"SKIP","floor":48.0}],"player_experience":2147823,"relics_obtained":[{"floor":6.0,"key":"Toy Ornithopter"},{"floor":8.0,"key":"Dream Catcher"},{"floor":9.0,"key":"Orichalcum"},{"floor":12.0,"key":"MealTicket"},{"floor":23.0,"key":"WingedGreaves"},{"floor":24.0,"key":"Enchiridion"},{"floor":25.0,"key":"Lizard Tail"},{"floor":26.0,"key":"Anchor"},{"floor":27.0,"key":"Lantern"},{"floor":29.0,"key":"Art of War"},{"floor":40.0,"key":"War Paint"},{"floor":41.0,"key":"Question Card"},{"floor":43.0,"key":"Whetstone"}],"event_choices":[{"damage_healed":0.0,"max_hp_gain":0.0,"max_hp_loss":0.0,"gold_gain":0.0,"event_name":"Liars Game","player_choice":"Ignored","floor":2.0,"gold_loss":0.0,"damage_taken":0.0},{"cards_removed":["Defend_P"],"damage_healed":0.0,"max_hp_gain":0.0,"max_hp_loss":0.0,"gold_gain":0.0,"event_name":"Golden Wing","player_choice":"Card Removal","floor":3.0,"gold_loss":0.0,"damage_taken":7.0},{"cards_removed":["Defend_P"],"damage_healed":0.0,"max_hp_gain":0.0,"max_hp_loss":0.0,"gold_gain":0.0,"event_name":"The Cleric","player_choice":"Card Removal","floor":4.0,"gold_loss":50.0,"damage_taken":0.0},{"cards_removed":["CrushJoints"],"damage_healed":0.0,"max_hp_gain":0.0,"max_hp_loss":0.0,"gold_gain":0.0,"event_name":"Back to Basics","player_choice":"Elegance","floor":22.0,"gold_loss":0.0,"damage_taken":0.0},{"damage_healed":0.0,"max_hp_gain":0.0,"max_hp_loss":0.0,"gold_gain":0.0,"event_name":"Cursed Tome","player_choice":"Obtained Book","floor":24.0,"gold_loss":0.0,"damage_taken":16.0},{"damage_healed":0.0,"max_hp_gain":0.0,"max_hp_loss":0.0,"gold_gain":0.0,"event_name":"Duplicator","player_choice":"Copied","floor":36.0,"gold_loss":0.0,"damage_taken":0.0,"cards_obtained":["Vault"]}],"is_beta":false,"boss_relics":[{"not_picked":["Calling Bell","Sozu"],"picked":"Pandora\u0027s Box"},{"not_picked":["Astrolabe","Tiny House"],"picked":"Philosopher\u0027s Stone"}],"items_purged_floors":[28,39,45],"is_endless":false,"potions_floor_spawned":[1,6,10,16,20,25,27,33,37,38,40,48],"ascension_level":1}}