{"host":"i1ibt4vxe0effuru","time":1608786275,"event":{"mods":["AchievementEnabler","BaseMod","Card Forge","Minty Spire (QoL Compilation)","Quick Restart","Shop Mod","StSLib"],"gold_per_floor":[119,84,84,98,121,161,174,207,207,271,296,317,317,333,333,429,429,447,461,482,482,497,531,531,531,531,551,551,586,586,599,599,692,692,715,660,683,683,240,274,274,288,368,393,393,426,426,441,441,441],"floor_reached":51,"playtime":902,"items_purged":[],"score":2294,"play_id":"0c2744dc-6678-4439-b2cf-a1f1aa4477fb","local_time":"20201224150435","is_ascension_mode":true,"campfire_choices":[{"floor":15,"key":"REST"},{"floor":24,"key":"REST"},{"floor":28,"key":"REST"},{"floor":32,"key":"REST"},{"floor":41,"key":"REST"},{"floor":47,"key":"REST"},{"floor":49,"key":"REST"}],"circlet_count":0,"master_deck":["AscendersBane","Reflex+1","Prepared+1","Skewer+1","Tactician+1","Concentrate+1"],"relics":["Ring of the Snake","Hammer of Thor","Seething Fire","Anvil of the Gods","Strawberry","Golden Idol","Prayer Wheel","MealTicket","Kunai","Torii","Thread and Needle","Matryoshka","Question Card","SlaversCollar","Orichalcum","Chemical X","Paper Crane","Bag of Marbles","Toy Ornithopter","Molten Egg 2","Art of War"],"acts_visited":["Exordium","TheCity","TheBeyond"],"potions_floor_usage":[],"damage_taken":[{"damage":0,"enemies":"Cultist","floor":1,"turns":1},{"damage":0,"enemies":"2 Louse","floor":4,"turns":1},{"damage":0,"enemies":"Small Slimes","floor":5,"turns":1},{"damage":0,"enemies":"Gremlin Nob","floor":6,"turns":1},{"damage":0,"enemies":"3 Louse","floor":7,"turns":1},{"damage":0,"enemies":"3 Sentries","floor":8,"turns":1},{"damage":0,"enemies":"Lots of Slimes","floor":11,"turns":1},{"damage":0,"enemies":"Exordium Thugs","floor":12,"turns":1},{"damage":0,"enemies":"Exordium Wildlife","floor":14,"turns":1},{"damage":0,"enemies":"Hexaghost","floor":16,"turns":1},{"damage":0,"enemies":"Shell Parasite","floor":18,"turns":1},{"damage":0,"enemies":"3 Byrds","floor":19,"turns":1},{"damage":0,"enemies":"Shelled Parasite and Fungi","floor":20,"turns":1},{"damage":0,"enemies":"Centurion and Healer","floor":22,"turns":1},{"damage":0,"enemies":"Book of Stabbing","floor":23,"turns":1},{"damage":0,"enemies":"Snecko","floor":27,"turns":1},{"damage":0,"enemies":"Gremlin Leader","floor":29,"turns":1},{"damage":0,"enemies":"Chosen and Byrds","floor":31,"turns":1},{"damage":0,"enemies":"Automaton","floor":33,"turns":1},{"damage":0,"enemies":"Orb Walker","floor":35,"turns":1},{"damage":0,"enemies":"3 Darklings","floor":37,"turns":1},{"damage":0,"enemies":"Giant Head","floor":40,"turns":1},{"damage":0,"enemies":"Sphere and 2 Shapes","floor":42,"turns":1},{"damage":0,"enemies":"Maw","floor":44,"turns":1},{"damage":0,"enemies":"Reptomancer","floor":46,"turns":1},{"damage":0,"enemies":"Transient","floor":48,"turns":1},{"damage":0,"enemies":"Time Eater","floor":50,"turns":1}],"seed_played":"3852280523873893294","potions_obtained":[{"floor":6,"key":"EssenceOfSteel"},{"floor":7,"key":"Block Potion"}],"is_trial":false,"path_per_floor":["M","?","?","M","M","E","M","E","T","?","M","M","?","M","R","B",null,"M","M","M","?","M","E","R","T","T","M","R","E","?","M","R","B",null,"M","?","M","?","$","E","R","M","T","M","?","E","R","M","R","B",null],"character_chosen":"THE_SILENT","items_purchased":["Chemical X","Paper Crane"],"campfire_rested":7,"item_purchase_floors":[39,39],"current_hp_per_floor":[66,73,48,48,48,48,48,48,48,48,48,48,73,73,73,73,73,73,73,73,73,73,73,73,73,73,73,73,73,52,52,75,75,77,77,77,77,72,78,78,78,78,78,78,78,78,78,78,78,78],"gold":441,"neow_bonus":"RANDOM_COMMON_RELIC","is_daily":false,"chose_seed":false,"campfire_upgraded":0,"win_rate":0.0,"timestamp":1608786275,"path_taken":["M","?","?","M","M","E","M","E","T","?","M","M","?","M","R","BOSS","M","M","?","?","M","E","R","?","T","?","R","E","?","M","R","BOSS","M","?","?","?","?","E","R","M","T","?","?","E","R","?","R","BOSS"],"items_purchased_type":["Relic","Relic"],"build_version":"2020-12-22","purchased_purges":0,"victory":true,"max_hp_per_floor":[73,73,73,73,73,73,73,73,73,73,73,73,73,73,73,73,73,73,73,73,73,73,73,73,73,73,73,73,73,78,78,78,78,78,78,78,78,78,78,78,78,78,78,78,78,78,78,78,78,78],"card_choices":[{"not_picked":["Sucker Punch","Blur","Leg Sweep"],"picked":"SKIP","floor":1},{"not_picked":["Finisher","Flying Knee","Escape Plan"],"picked":"SKIP","floor":4},{"not_picked":["Cloak And Dagger","Acrobatics","Poisoned Stab"],"picked":"SKIP","floor":5},{"not_picked":["Catalyst","Leg Sweep","Terror"],"picked":"SKIP","floor":6},{"not_picked":["Corpse Explosion","Riddle With Holes","Bane"],"picked":"SKIP","floor":7},{"not_picked":["Deflect","Outmaneuver","Backflip"],"picked":"SKIP","floor":7},{"not_picked":["Crippling Poison","Calculated Gamble","Eviscerate"],"picked":"SKIP","floor":8},{"not_picked":["Slice","Blade Dance","Dagger Throw"],"picked":"SKIP","floor":11},{"not_picked":["Deadly Poison","Blade Dance","Backstab"],"picked":"SKIP","floor":11},{"not_picked":["Slice","Outmaneuver","Poisoned Stab"],"picked":"SKIP","floor":12},{"not_picked":["Doppelganger","Acrobatics","Finisher"],"picked":"SKIP","floor":12},{"not_picked":["Sucker Punch","Catalyst","Expertise"],"picked":"SKIP","floor":14},{"not_picked":["Dagger Throw","Backflip","Deadly Poison"],"picked":"SKIP","floor":14},{"not_picked":["Quick Slash","Flying Knee","Slice"],"picked":"SKIP","floor":18},{"not_picked":["Concentrate","Endless Agony","Underhanded Strike+1"],"picked":"SKIP","floor":18},{"not_picked":["Underhanded Strike","Eviscerate","Accuracy"],"picked":"SKIP","floor":19},{"not_picked":["Bane","Dagger Throw","Backflip"],"picked":"SKIP","floor":19},{"not_picked":["Accuracy","Deflect","Infinite Blades"],"picked":"SKIP","floor":20},{"not_picked":["Dash","Slice","Distraction"],"picked":"SKIP","floor":20},{"not_picked":["PiercingWail","Outmaneuver","Riddle With Holes"],"picked":"SKIP","floor":22},{"not_picked":["Setup","Dagger Spray","Deadly Poison"],"picked":"SKIP","floor":22},{"not_picked":["Endless Agony+1","Poisoned Stab","Leg Sweep+1"],"picked":"SKIP","floor":23},{"not_picked":["Tactician","PiercingWail","Envenom"],"picked":"SKIP","floor":27},{"not_picked":["Concentrate","Backflip","Prepared"],"picked":"SKIP","floor":27},{"not_picked":["Dagger Throw","Underhanded Strike","Flying Knee"],"picked":"SKIP","floor":29},{"not_picked":["Poisoned Stab","Dodge and Roll","Infinite Blades","Deflect"],"picked":"SKIP","floor":31},{"not_picked":["Slice","Dodge and Roll","Deadly Poison","Endless Agony"],"picked":"SKIP","floor":31},{"not_picked":["Slice","Sucker Punch","PiercingWail","Infinite Blades"],"picked":"SKIP","floor":35},{"not_picked":["Slice","Flying Knee","Well Laid Plans","Footwork"],"picked":"SKIP","floor":35},{"not_picked":["Finisher","Dodge and Roll+1","Cloak And Dagger+1","Bane"],"picked":"SKIP","floor":37},{"not_picked":["Underhanded Strike+1","PiercingWail","Terror","Catalyst"],"picked":"SKIP","floor":37},{"not_picked":["Acrobatics","Phantasmal Killer","Caltrops","Cloak And Dagger"],"picked":"SKIP","floor":40},{"not_picked":["Blade Dance+1","Backflip","Poisoned Stab","Expertise"],"picked":"SKIP","floor":42},{"not_picked":["Dodge and Roll","Predator","Leg Sweep","Dagger Spray"],"picked":"SKIP","floor":42},{"not_picked":["Blade Dance","Wraith Form v2","Deflect","Flying Knee+1"],"picked":"SKIP","floor":44},{"not_picked":["Dodge and Roll","Underhanded Strike+1","Outmaneuver","PiercingWail"],"picked":"SKIP","floor":44},{"not_picked":["Quick Slash+1","Deflect","Acrobatics","Bane+1"],"picked":"SKIP","floor":46},{"not_picked":["Bane+1","Doppelganger","Accuracy+1","PiercingWail"],"picked":"SKIP","floor":48},{"not_picked":["Blur","Noxious Fumes","Dagger Throw+1","Dash+1"],"picked":"SKIP","floor":48}],"player_experience":170107,"relics_obtained":[{"floor":6,"key":"Prayer Wheel"},{"floor":8,"key":"MealTicket"},{"floor":9,"key":"Kunai"},{"floor":23,"key":"Torii"},{"floor":25,"key":"Thread and Needle"},{"floor":26,"key":"Matryoshka"},{"floor":29,"key":"Question Card"},{"floor":40,"key":"Bag of Marbles"},{"floor":43,"key":"Toy Ornithopter"},{"floor":43,"key":"Molten Egg 2"},{"floor":46,"key":"Art of War"}],"event_choices":[{"damage_healed":18,"gold_gain":0,"player_choice":"Healed","damage_taken":0,"max_hp_gain":0,"max_hp_loss":0,"event_name":"The Cleric","floor":2,"gold_loss":35},{"damage_healed":0,"gold_gain":0,"player_choice":"Take Damage","damage_taken":25,"relics_obtained":["Golden Idol"],"max_hp_gain":0,"max_hp_loss":0,"event_name":"Golden Idol","floor":3,"gold_loss":0},{"damage_healed":0,"gold_gain":64,"player_choice":"Gained Gold","damage_taken":0,"max_hp_gain":0,"max_hp_loss":0,"event_name":"Golden Wing","floor":10,"gold_loss":0},{"cards_removed":["Concentrate"],"damage_healed":25,"gold_gain":0,"player_choice":"Offered Uncommon","damage_taken":0,"max_hp_gain":0,"max_hp_loss":0,"event_name":"Bonfire Elementals","floor":13,"gold_loss":0},{"damage_healed":0,"gold_gain":0,"player_choice":"Ignored","damage_taken":0,"max_hp_gain":0,"max_hp_loss":0,"event_name":"Cursed Tome","floor":21,"gold_loss":0},{"damage_healed":0,"gold_gain":0,"player_choice":"Shed Blood","damage_taken":26,"max_hp_gain":5,"max_hp_loss":0,"event_name":"Forgotten Altar","floor":30,"gold_loss":0},{"damage_healed":0,"gold_gain":0,"player_choice":"Paid Gold","damage_taken":0,"relics_obtained":["Orichalcum"],"max_hp_gain":0,"max_hp_loss":0,"event_name":"WeMeetAgain","floor":36,"gold_loss":55},{"damage_healed":0,"gold_gain":0,"player_choice":"Punched","damage_taken":5,"max_hp_gain":0,"max_hp_loss":0,"event_name":"Designer","floor":38,"gold_loss":0},{"damage_healed":0,"gold_gain":0,"player_choice":"Ignored","damage_taken":0,"max_hp_gain":0,"max_hp_loss":0,"event_name":"Upgrade Shrine","floor":45,"gold_loss":0}],"is_beta":false,"boss_relics":[{"not_picked":["Snecko Eye","Astrolabe","Runic Dome"]},{"not_picked":["Pandora\u0027s Box","Tiny House"],"picked":"SlaversCollar"}],"items_purged_floors":[],"is_endless":false,"potions_floor_spawned":[5,6,7,16,18,22,23,27,31,35,37,46],"ascension_level":19}}