{"host":"gs0a38e4jr2axiip","time":1608849067,"event":{"mods":["ATMod(à¢‡ıMod)","Abigail Mod","Act Like it!","Arknights The Spire","BaseMod","Bestiary","Better Note","BetterRewards","CCEM","Colored Map","Conspire","Downfall","Exacting","Gensokyo","Hallownest","Highlight Path","Hubris","Infinite Spire","Jedi Mod","Koishi","MarisaÅiñ∂âJÅ@ñÇóùçπÅj","Minty Spire (QoL Compilation)","Permanent Neow","Prisma Mod","Replay The Spire","Shop Mod","Spire Birthday Party","StSLib","The Gatherer","The Necromancer","The Servant 0.9.4","Unceasing Turn Reminder","Waifu the Spire","Wandering Minibosses","Yuyuko"],"gold_per_floor":[112,131,151,151,226,226,226,253,253,253,307,102,132,164,164,262,262,262,262],"floor_reached":18,"playtime":1936,"items_purged":["Voices"],"score":193,"play_id":"e165cac9-d798-4581-a9e6-c215305433a4","local_time":"20201224163107","is_ascension_mode":false,"campfire_choices":[{"floor":6.0,"key":"RECALL"},{"floor":10.0,"key":"REST"},{"data":"ats:Roar Of Ursus","floor":15,"key":"SMITH"}],"circlet_count":1,"master_deck":["sneckomod:UnknownClassGareth_Color+1","ats:Strike C","ats:Strike G","ats:Strike S","ats:Strike V","ats:Armor Crushing Shot","ats:Defend","ats:Defend","ats:Defend","ats:Defend","ats:Emotion Absorption","ats:Roar Of Ursus+1","ats:Revitalization","ats:Apocalypse","ats:Shell Defense","hubris:Fate","ats:Demon Strength","ats:Charging Defense","ats:Revitalization","ats:Ignite+1","ats:Hammer On","ats:Apocalypse","ats:Nebulous Foxfire","Gensokyo:AllTheWorldsEvil","jedi:frostbite","Hallownest:curseDreamersLament"],"relics":["ats:Sanity","AT_ATBox","ReplayTheSpireMod:Ring of Addiction","Toy Ornithopter","Circlet","Ring of Fangs","ats:Originium","Lizard Tail","ats:Originium","AT_BellDemon","Replay:Ancient Bell","ats:Rhine Circuitry","AT_DeathDance","Mango"],"acts_visited":["Exordium","TheCity"],"potions_floor_usage":[11,14],"damage_taken":[{"damage":0.0,"enemies":"conspire:RoseBush","floor":1.0,"turns":3.0},{"damage":9.0,"enemies":"Jaw Worm","floor":2.0,"turns":5.0},{"damage":18.0,"enemies":"2 Louse","floor":3.0,"turns":6.0},{"damage":53.0,"enemies":"Gremlin Nob","floor":8.0,"turns":7.0},{"damage":30,"enemies":"3 Sentries","floor":11,"turns":8},{"damage":40,"enemies":"Large Slime","floor":14,"turns":17},{"damage":32,"enemies":"The Guardian","floor":16,"turns":12},{"damage":0,"enemies":"Spheric Guardian","floor":18,"turns":2}],"seed_played":"-8442586394585597288","potions_obtained":[{"floor":1.0,"key":"Strength Potion"},{"floor":4.0,"key":"jedi:tentaclejuice"},{"floor":4.0,"key":"conspire:TimeTravelPotion"},{"floor":14,"key":"Fruit Juice"},{"floor":16,"key":"Toxic Potion"}],"is_trial":false,"path_per_floor":["M","M","M","?","?","R","?","E","T","R","E","$","?","M","R","B",null,"M"],"character_chosen":"DOCTOR_CLASS","items_purchased":["ats:Revitalization","ats:Ignite+1","ats:Hammer On"],"campfire_rested":1,"item_purchase_floors":[12,12,12],"current_hp_per_floor":[72,65,56,56,45,45,27,15,15,36,23,23,23,75,75,75,89,87,87],"gold":262,"neow_bonus":"ONE_RANDOM_RARE_CARD","is_daily":false,"chose_seed":false,"campfire_upgraded":1,"win_rate":0.0,"timestamp":1608849067,"path_taken":["M","M","M","?","?","R","?","E","T","R","E","$","?","M","R","BOSS","M"],"items_purchased_type":["Card","Card","Card"],"build_version":"2020-12-22","purchased_purges":1,"victory":false,"max_hp_per_floor":[72,72,72,72,72,72,72,70,70,70,70,70,70,75,75,75,89,87,87],"card_choices":[{"not_picked":["ats:Flexible Camouflage","ats:Assault Order"],"picked":"ats:Revitalization","floor":1.0},{"not_picked":["ats:Explosion Area Strengthen","ats:Magnetic Hammer"],"picked":"ats:Apocalypse","floor":2.0},{"not_picked":["ats:Flexible Camouflage","ats:Cat Scratch"],"picked":"ats:Shell Defense","floor":3.0},{"not_picked":["ReplayTheSpireMod:Chaos Vortex","infinitespire:Execution"],"picked":"hubris:Fate","floor":7.0},{"not_picked":["ats:Directed Diagnosis","ats:Magnetic Hammer"],"picked":"ats:Demon Strength","floor":8.0},{"not_picked":["ats:Assault Order","ats:Automatic Cover"],"picked":"ats:Charging Defense","floor":11},{"not_picked":["ats:Assault Order","ats:Cat Scratch"],"picked":"ats:Apocalypse","floor":14},{"not_picked":["ats:Durian","ats:Fractured Body"],"picked":"ats:Nebulous Foxfire","floor":16},{"not_picked":["Parasite","jedi:BattleThirst"],"picked":"Gensokyo:AllTheWorldsEvil","floor":17},{"not_picked":["Doubt","ReplayTheSpireMod:Splinters"],"picked":"jedi:frostbite","floor":17},{"not_picked":["hubris:Disease","hubris:Compulsion"],"picked":"Hallownest:curseDreamersLament","floor":17}],"player_experience":775237,"relics_obtained":[{"floor":4.0,"key":"ReplayTheSpireMod:Ring of Addiction"},{"floor":4.0,"key":"Toy Ornithopter"},{"floor":4.0,"key":"Circlet"},{"floor":4.0,"key":"Ring of Fangs"},{"floor":8.0,"key":"ats:Originium"},{"floor":8.0,"key":"Lizard Tail"},{"floor":11,"key":"ats:Originium"},{"floor":11,"key":"AT_BellDemon"}],"event_choices":[{"damage_healed":0.0,"max_hp_gain":0.0,"max_hp_loss":0.0,"gold_gain":75.0,"event_name":"World of Goop","player_choice":"Gather Gold","floor":5.0,"gold_loss":0.0,"damage_taken":11.0},{"damage_healed":0,"gold_gain":30,"player_choice":"Searched \u00271\u0027 times","damage_taken":0,"max_hp_gain":0,"max_hp_loss":0,"event_name":"Dead Adventurer","floor":13,"gold_loss":0}],"is_beta":false,"boss_relics":[{"not_picked":["ReplayTheSpireMod:SealedPack","Honey Jar"],"picked":"Replay:Ancient Bell"},{"not_picked":["Replay:Bandana","Boot"],"picked":"ats:Rhine Circuitry"},{"not_picked":["Onion Ring","Darkstone Periapt"],"picked":"AT_DeathDance"},{"not_picked":["conspire:GlowingRock","Ginger"],"picked":"Mango"}],"items_purged_floors":[12],"is_endless":false,"potions_floor_spawned":[1,14],"killed_by":"Spheric Guardian","ascension_level":0}}