{"host":"1637j8siz7lzgd5k","time":1608806642,"event":{"mods":["BaseMod","Colored Map","Minty Spire (QoL Compilation)","StSLib","SuperFastMode"],"gold_per_floor":[111,111,111,121,46,78,93,105,151,151,179,179,179,254,254,254,254],"floor_reached":16,"playtime":249,"items_purged":["Defend_P"],"score":226,"play_id":"a27b68d8-6624-49f7-80f6-6ea6615e950c","local_time":"20201224194402","is_ascension_mode":true,"campfire_choices":[{"data":"Eruption","floor":10,"key":"SMITH"},{"data":"Vigilance","floor":12,"key":"SMITH"},{"floor":15,"key":"REST"}],"circlet_count":0,"master_deck":["AscendersBane","Strike_P+1","Strike_P+1","Strike_P","Defend_P","Defend_P","Defend_P","Eruption+1","Vigilance+1","Halt+1"],"relics":["PureWater","NeowsBlessing","Toxic Egg 2","Smiling Mask","Boot"],"acts_visited":["Exordium"],"potions_floor_usage":[11,11],"damage_taken":[{"damage":0,"enemies":"2 Louse","floor":1,"turns":2},{"damage":0,"enemies":"Cultist","floor":4,"turns":1},{"damage":0,"enemies":"3 Sentries","floor":6,"turns":2},{"damage":4,"enemies":"Jaw Worm","floor":7,"turns":4},{"damage":9,"enemies":"3 Louse","floor":8,"turns":4},{"damage":19,"enemies":"Lagavulin","floor":11,"turns":6},{"damage":76,"enemies":"Slime Boss","floor":16,"turns":3}],"seed_played":"3628258575223456133","potions_obtained":[{"floor":1,"key":"Strength Potion"},{"floor":6,"key":"EssenceOfSteel"},{"floor":8,"key":"Regen Potion"}],"is_trial":false,"path_per_floor":["M","?","?","M","$","E","M","M","T","R","E","R","?","?","R","B"],"character_chosen":"WATCHER","items_purchased":[],"campfire_rested":1,"item_purchase_floors":[],"current_hp_per_floor":[61,61,61,61,61,61,57,48,48,48,44,44,30,19,39,0,0],"gold":254,"neow_bonus":"THREE_ENEMY_KILL","is_daily":false,"chose_seed":false,"campfire_upgraded":2,"win_rate":0.0,"timestamp":1608806642,"path_taken":["M","?","?","M","$","E","?","M","T","R","E","R","?","?","R","BOSS"],"items_purchased_type":[],"build_version":"2020-12-22","purchased_purges":1,"victory":false,"max_hp_per_floor":[68,68,68,68,68,68,68,68,68,68,68,68,68,68,68,68,68],"card_choices":[{"not_picked":["Fasting2","Prostrate","EmptyBody"],"picked":"SKIP","floor":1},{"not_picked":["Perseverance","Consecrate","SignatureMove"],"picked":"SKIP","floor":4},{"not_picked":["Fasting2","MasterReality","Protect+1"],"picked":"SKIP","floor":6},{"not_picked":["ForeignInfluence+1","Collect+1","Consecrate"],"picked":"SKIP","floor":7},{"not_picked":["Sanctity+1","ThirdEye+1","TalkToTheHand"],"picked":"SKIP","floor":8},{"not_picked":["ThirdEye+1","PathToVictory+1"],"picked":"Halt+1","floor":11}],"player_experience":814756,"relics_obtained":[{"floor":6,"key":"Toxic Egg 2"},{"floor":9,"key":"Smiling Mask"},{"floor":11,"key":"Boot"}],"event_choices":[{"damage_healed":0,"gold_gain":0,"player_choice":"Ignored","damage_taken":0,"max_hp_gain":0,"max_hp_loss":0,"event_name":"Liars Game","floor":2,"gold_loss":0},{"cards_removed":["Strike_P"],"damage_healed":0,"gold_gain":0,"player_choice":"Purged","damage_taken":0,"max_hp_gain":0,"max_hp_loss":0,"event_name":"Purifier","floor":3,"gold_loss":0},{"damage_healed":0,"gold_gain":0,"player_choice":"Entered Light","damage_taken":14,"max_hp_gain":0,"max_hp_loss":0,"event_name":"Shining Light","floor":13,"gold_loss":0,"cards_upgraded":["Strike_P","Strike_P"]},{"damage_healed":0,"gold_gain":75,"player_choice":"Gather Gold","damage_taken":11,"max_hp_gain":0,"max_hp_loss":0,"event_name":"World of Goop","floor":14,"gold_loss":0}],"is_beta":false,"boss_relics":[],"items_purged_floors":[5],"is_endless":false,"potions_floor_spawned":[1,6,8],"killed_by":"Slime Boss","ascension_level":14}}