{"host":"12piqfhmdln9x2la","time":1608816204,"event":{"mods":["2.2 Compatiblity","AchievementEnabler","BaseMod","BetterRewards","Colored Powertips","Minty Spire (QoL Compilation)","Quick Restart","SuperFastMode"],"gold_per_floor":[117,130,130,130,130,157,171,200,200,200,235,254,273,273,273],"floor_reached":14,"playtime":343,"items_purged":[],"score":149,"play_id":"8a116083-d1ab-4616-bbb1-ca7ff458b20b","local_time":"20201224222324","is_ascension_mode":true,"campfire_choices":[{"floor":10,"key":"RECALL"}],"circlet_count":0,"master_deck":["Strike_R","Strike_R+1","Strike_R","Strike_R","Defend_R","Defend_R+1","Defend_R","Defend_R","Bash","Pommel Strike","Rampage","Pain","Seeing Red","Heavy Blade","Reaper","Flex","Sword Boomerang","Cleave"],"relics":["Burning Blood","NeowsBlessing","WarpedTongs","Strawberry","Question Card","Frozen Egg 2"],"acts_visited":["Exordium"],"potions_floor_usage":[13,14],"damage_taken":[{"damage":0,"enemies":"Small Slimes","floor":1,"turns":1},{"damage":0,"enemies":"2 Louse","floor":2,"turns":1},{"damage":1,"enemies":"Gremlin Nob","floor":6,"turns":1},{"damage":9,"enemies":"Cultist","floor":7,"turns":3},{"damage":33,"enemies":"3 Sentries","floor":8,"turns":7},{"damage":30,"enemies":"Gremlin Nob","floor":11,"turns":4},{"damage":6,"enemies":"Looter","floor":12,"turns":2},{"damage":23,"enemies":"Blue Slaver","floor":13,"turns":3},{"damage":30,"enemies":"Lagavulin","floor":14,"turns":4}],"seed_played":"-5019495121641610514","potions_obtained":[{"floor":7,"key":"Weak Potion"},{"floor":8,"key":"BloodPotion"},{"floor":12,"key":"LiquidMemories"}],"is_trial":false,"path_per_floor":["M","M","?","?","?","E","M","E","T","R","E","M","M","E"],"character_chosen":"IRONCLAD","items_purchased":[],"campfire_rested":0,"item_purchase_floors":[],"current_hp_per_floor":[80,80,64,57,57,69,66,39,39,39,15,15,21,0,0],"gold":273,"neow_bonus":"THREE_ENEMY_KILL","is_daily":false,"chose_seed":false,"campfire_upgraded":0,"win_rate":0.0,"timestamp":1608816204,"path_taken":["M","M","?","?","?","E","M","E","T","R","E","M","M","E"],"items_purchased_type":[],"build_version":"2020-12-22","purchased_purges":0,"victory":false,"max_hp_per_floor":[80,80,80,80,80,87,87,87,87,87,87,87,87,87,87],"card_choices":[{"not_picked":["Wild Strike","Twin Strike"],"picked":"Pommel Strike","floor":1},{"not_picked":["Armaments","Sever Soul"],"picked":"Rampage","floor":2},{"not_picked":["Perfected Strike","Twin Strike"],"picked":"Seeing Red","floor":6},{"not_picked":["Seeing Red","Dark Embrace"],"picked":"Heavy Blade","floor":7},{"not_picked":["Bloodletting","Iron Wave"],"picked":"Reaper","floor":8},{"not_picked":["True Grit","Brutality+1","Ghostly Armor"],"picked":"Flex","floor":11},{"not_picked":["Wild Strike","Intimidate","Havoc"],"picked":"Sword Boomerang","floor":12},{"not_picked":["Dual Wield","Reckless Charge","Clothesline"],"picked":"Cleave","floor":13}],"player_experience":116252,"relics_obtained":[{"floor":6,"key":"Strawberry"},{"floor":8,"key":"Question Card"},{"floor":11,"key":"Frozen Egg 2"}],"event_choices":[{"damage_healed":0,"gold_gain":0,"player_choice":"Entered Light","damage_taken":16,"max_hp_gain":0,"max_hp_loss":0,"event_name":"Shining Light","floor":3,"gold_loss":0,"cards_upgraded":["Strike_R","Defend_R"]},{"cards_removed":["Strike_R"],"damage_healed":0,"gold_gain":0,"player_choice":"Card Removal","damage_taken":7,"max_hp_gain":0,"max_hp_loss":0,"event_name":"Golden Wing","floor":4,"gold_loss":0},{"damage_healed":0,"gold_gain":0,"player_choice":"Rummage","damage_taken":0,"relics_obtained":["WarpedTongs"],"max_hp_gain":0,"max_hp_loss":0,"event_name":"Accursed Blacksmith","floor":5,"gold_loss":0,"cards_obtained":["Pain"]}],"is_beta":false,"boss_relics":[],"items_purged_floors":[],"is_endless":false,"potions_floor_spawned":[7,8,12],"killed_by":"Lagavulin","ascension_level":2}}