{"host":"mi24dmma43d7mlws","time":1608851373,"event":{"mods":["2.2 Compatiblity","Astrologer","Bard","BaseMod","Beaked The Cultist","Bestiary","CatGirl Mod","Colored Map","Colored Powertips","Custom Start","Downfall","Fiend Mod","Fireblade Mod","Hermit","Highlight Path","JesterMod","Jorbs\u0027s Wanderer Trilogy","Mad Scientist","Magitek Elite","Minty Spire (QoL Compilation)","Potionbrewer","QueenMod","Quick Restart","Rare Cards Sparkle","Relic Stats","Shade Mod","Somnambulant","StSLib","Td1madao Mod","The Accelerator","The Blackbeard","The Bladedancer","The Bug Knight","The Clintock","The Construct","The Cursed","The Death Knight","The Disciple","The Elementalist","The Florist","The Forsaken","The Gatherer","The Hayseed","The Hierophant","The Judge","The Juggle","The Mystic","The Necromancer","The Problem Sleuth","The Runesmith","The Sage","The Senshi","The Servant 0.9.4","The Showman","The Spell Scribe","The Trickster","The Valiant","The Vixen","The Wild Card","TheArtist","TheBandit","TheFirefly","TheHeartMod","TheHero","TheLocksmith","everything is the same but u backflip on backflip","slay the spire mod where everything is the same but ironclad has a cowboy hat","thorton"],"gold_per_floor":[99,113,125,125,125,137,161,175,100,131,76,1,20,31,48,153,153,153,163,69,86,71,71,123,123,123,123],"floor_reached":25,"playtime":1670,"items_purged":[],"score":303,"play_id":"c25a2439-9aa2-4c60-bf22-70867cb692ed","local_time":"20201224230933","is_ascension_mode":false,"campfire_choices":[{"floor":1,"key":"RECALL"},{"data":"champ:Devastate","floor":9,"key":"SMITH"},{"data":"champ:DefensiveStyle","floor":12,"key":"SMITH"},{"data":"champ:Lariat","floor":18,"key":"SMITH"},{"data":"champ:DefensiveStyle","floor":23,"key":"SMITH"}],"circlet_count":0,"master_deck":["champ:Strike","champ:Strike","champ:Strike","champ:Strike","champ:Defend","champ:Defend","champ:Defend","champ:Defend","champ:Execute","champ:Taunt","champ:Devastate+1","champ:FanOfKnives","champ:IronFortress","champ:AdrenalArmor","champ:SkillfulDodge","champ:Lariat+1","champ:DefensiveStyle+1","champ:StanceDance","champ:VampiricStrike","champ:AdrenalArmor","champ:ShieldThrow","champ:EnGarde+1","champ:DefensiveStyle+1"],"relics":["champ:ChampionCrown","champ:LiftRelic","MealTicket","downfall:HeartBlessingRed","FossilizedHelix","downfall:HeartBlessingGreen","thethorton:BottledFunds"],"acts_visited":["Exordium","TheCity"],"potions_floor_usage":[10,25],"damage_taken":[{"damage":5,"enemies":"Small Slimes","floor":2,"turns":6},{"damage":7,"enemies":"Jaw Worm","floor":3,"turns":3},{"damage":0,"enemies":"Cultist","floor":6,"turns":3},{"damage":12,"enemies":"Blue Slaver","floor":8,"turns":2},{"damage":35,"enemies":"3 Sentries","floor":10,"turns":8},{"damage":15,"enemies":"downfall:FleeingMerchant","floor":11,"turns":4},{"damage":7,"enemies":"Exordium Thugs","floor":13,"turns":3},{"damage":0,"enemies":"Large Slime","floor":14,"turns":4},{"damage":2,"enemies":"Red Slaver","floor":15,"turns":4},{"damage":72,"enemies":"downfall:Watcher","floor":16,"turns":13},{"damage":0,"enemies":"Spheric Guardian","floor":19,"turns":1},{"damage":6,"enemies":"downfall:FleeingMerchant","floor":20,"turns":4},{"damage":6,"enemies":"Shelled Parasite and Fungi","floor":21,"turns":3},{"damage":0,"enemies":"downfall:FleeingMerchant","floor":22,"turns":4},{"damage":116,"enemies":"Gremlin Leader","floor":25,"turns":9}],"seed_played":"-2261725722024275544","potions_obtained":[{"floor":2,"key":"CultistPotion"},{"floor":3,"key":"hexamod:EctoCoolerPotion"},{"floor":8,"key":"Swift Potion"},{"floor":21,"key":"SmokeBomb"}],"is_trial":false,"path_per_floor":["R","M","M","?","?","M","T","M","R","E","$","R","M","M","M","B",null,"R","M","$","M","$","R","T","E"],"character_chosen":"THE_CHAMP","items_purchased":["champ:DefensiveStyle","champ:DefensiveStyle"],"campfire_rested":0,"item_purchase_floors":[11,20],"current_hp_per_floor":[90,90,88,88,88,88,88,81,81,61,68,68,63,63,63,38,90,90,90,90,84,90,90,90,0,0,0],"gold":123,"neow_bonus":"ONE_RANDOM_RARE_CARD","is_daily":false,"chose_seed":false,"campfire_upgraded":4,"win_rate":0.0,"timestamp":1608851373,"path_taken":["R","M","M","?","?","M","T","M","R","E","$","R","?","M","M","BOSS","R","M","$","M","$","R","T","E"],"items_purchased_type":["Card","Card"],"build_version":"2020-12-22","purchased_purges":0,"victory":false,"max_hp_per_floor":[90,90,90,90,90,90,90,90,90,90,90,90,90,90,90,90,90,90,90,90,90,90,90,90,90,90,90],"relic_stats":{"counters":[15,71],"MealTicket":21,"obtain_stats":[{"downfall:HeartBlessingRed":9,"thethorton:BottledFunds":17,"champ:LiftRelic":4,"champ:ChampionCrown":0,"MealTicket":7,"downfall:HeartBlessingGreen":12,"FossilizedHelix":10},{"downfall:HeartBlessingRed":4,"thethorton:BottledFunds":10,"champ:LiftRelic":2,"champ:ChampionCrown":0,"MealTicket":3,"downfall:HeartBlessingGreen":6,"FossilizedHelix":5},{"downfall:HeartBlessingRed":14,"thethorton:BottledFunds":50,"champ:LiftRelic":9,"champ:ChampionCrown":0,"MealTicket":12,"downfall:HeartBlessingGreen":26,"FossilizedHelix":22}]},"card_choices":[{"not_picked":["champ:StanceDance","champ:EndlessRage"],"picked":"champ:FanOfKnives","floor":2},{"not_picked":["champ:BerserkersShout","champ:Lariat"],"picked":"champ:IronFortress","floor":3},{"not_picked":["champ:PreciseThrust","champ:BladeFlurry","champ:GladiatorsShout"],"picked":"SKIP","floor":6},{"not_picked":["champ:FocusedBerserking","champ:Backstep"],"picked":"champ:AdrenalArmor","floor":8},{"not_picked":["champ:CalledShot","champ:Haymaker"],"picked":"champ:SkillfulDodge","floor":10},{"not_picked":["champ:FocusedDefense","champ:BringItOn"],"picked":"champ:Lariat","floor":11},{"not_picked":["champ:ViciousMockery","champ:PerfectedStrike"],"picked":"champ:StanceDance","floor":13},{"not_picked":["champ:GutPunch","champ:PerfectedStrike"],"picked":"champ:VampiricStrike","floor":14},{"not_picked":["champ:Duel","champ:CrookedStrike"],"picked":"champ:AdrenalArmor","floor":15},{"not_picked":["champ:StrikeOfGenius","champ:ShieldSlam"],"picked":"champ:ShieldThrow","floor":16},{"not_picked":["champ:Circumvent","champ:StanceDance"],"picked":"champ:EnGarde+1","floor":19},{"not_picked":["champ:BladeFlurry","champ:BerserkersShout","champ:RisingSlash"],"picked":"SKIP","floor":20},{"not_picked":["champ:PreciseThrust","champ:StanceDance","champ:ShieldWall"],"picked":"SKIP","floor":21},{"not_picked":["champ:PerfectedStrike","champ:Shatter","champ:GladiatorStyle+1"],"picked":"SKIP","floor":22}],"player_experience":1022120,"relics_obtained":[{"floor":7,"key":"MealTicket"},{"floor":10,"key":"FossilizedHelix"}],"event_choices":[{"damage_healed":0,"gold_gain":0,"player_choice":"Leave","damage_taken":0,"max_hp_gain":0,"max_hp_loss":0,"event_name":"FaceTrader","floor":5,"gold_loss":0}],"is_beta":false,"boss_relics":[{"not_picked":["Pandora\u0027s Box","Empty Cage"],"picked":"thethorton:BottledFunds"}],"items_purged_floors":[],"is_endless":false,"potions_floor_spawned":[2,3,8,21],"killed_by":"Gremlin Leader","ascension_level":0}}