{"host":"x4x6fw95e6eqd4n0","time":1608807191,"event":{"mods":["AchievementEnabler","BaseMod","Colored Map","Colored Powertips","DeckTracker","Minty Spire (QoL Compilation)"],"gold_per_floor":[113,129,22,22,40,40,72,97,178,189,199,199,215,215,215,311,311,321,321,332,257,273,273,273,273,319,234,252,62,62,62,62,163,163,174,224,0,0,11,11,11,11,57,57,18,32,32,52,52,52,52],"floor_reached":50,"playtime":3439,"items_purged":[],"score":463,"play_id":"98fbe607-4e89-432a-bc40-6ef431b332d9","local_time":"20201224125311","is_ascension_mode":false,"campfire_choices":[{"data":"Adaptation","floor":6,"key":"SMITH"},{"floor":12,"key":"REST"},{"data":"Eruption","floor":15,"key":"SMITH"},{"floor":23,"key":"REST"},{"floor":30,"key":"REST"},{"floor":32,"key":"REST"},{"floor":40,"key":"REST"},{"floor":44,"key":"REST"},{"floor":47,"key":"RECALL"},{"floor":49,"key":"REST"}],"circlet_count":0,"master_deck":["Strike_P+1","Defend_P+1","Defend_P+1","Defend_P+1","Defend_P+1","Eruption+1","Vigilance+1","Collect+1","WaveOfTheHand","SandsOfTime","Adaptation+1","DeceiveReality","Tantrum","Study+1","Meditate+1","Meditate+1","Vengeance+1","LessonLearned","ClearTheMind","SandsOfTime+1","Pray","EmptyBody+1","EmptyFist+1","MasterReality","CrushJoints+1","Swivel","Meditate+1","Weave+1","Parasite","Judgement","FlyingSleeves+1"],"relics":["PureWater","NeowsBlessing","Juzu Bracelet","Odd Mushroom","Letter Opener","Fusion Hammer","Boot","Molten Egg 2","Melange","Philosopher\u0027s Stone","Lizard Tail","Red Mask","War Paint"],"acts_visited":["Exordium","TheCity","TheBeyond"],"potions_floor_usage":[7,7,8,28,33,39,39,46,50],"damage_taken":[{"damage":0,"enemies":"2 Louse","floor":1,"turns":1},{"damage":0,"enemies":"Cultist","floor":2,"turns":1},{"damage":0,"enemies":"Jaw Worm","floor":5,"turns":1},{"damage":43,"enemies":"3 Sentries","floor":7,"turns":16},{"damage":17,"enemies":"The Mushroom Lair","floor":8,"turns":6},{"damage":5,"enemies":"Exordium Wildlife","floor":10,"turns":4},{"damage":0,"enemies":"2 Fungi Beasts","floor":11,"turns":2},{"damage":0,"enemies":"Large Slime","floor":13,"turns":5},{"damage":31,"enemies":"Hexaghost","floor":16,"turns":10},{"damage":30,"enemies":"2 Thieves","floor":18,"turns":3},{"damage":2,"enemies":"Chosen","floor":20,"turns":4},{"damage":2,"enemies":"Snecko","floor":22,"turns":5},{"damage":10,"enemies":"3 Cultists","floor":28,"turns":5},{"damage":59,"enemies":"Champ","floor":33,"turns":12},{"damage":7,"enemies":"3 Shapes","floor":35,"turns":4},{"damage":25,"enemies":"Mind Bloom Boss Battle","floor":36,"turns":6},{"damage":46,"enemies":"3 Darklings","floor":39,"turns":5},{"damage":0,"enemies":"Writhing Mass","floor":46,"turns":5},{"damage":13,"enemies":"Sphere and 2 Shapes","floor":48,"turns":8},{"damage":83,"enemies":"Awakened One","floor":50,"turns":8}],"seed_played":"8363090866589394456","potions_obtained":[{"floor":1,"key":"Regen Potion"},{"floor":2,"key":"StancePotion"},{"floor":7,"key":"Dexterity Potion"},{"floor":16,"key":"DuplicationPotion"},{"floor":18,"key":"Explosive Potion"},{"floor":20,"key":"PowerPotion"},{"floor":36,"key":"Explosive Potion"},{"floor":39,"key":"Strength Potion"},{"floor":42,"key":"StancePotion"},{"floor":42,"key":"PowerPotion"}],"is_trial":false,"path_per_floor":["M","M","$","?","M","R","E","?","T","M","M","R","M","?","R","B",null,"M","?","M","?","M","R","?","?","T","?","M","$","R","?","R","B",null,"M","?","?","?","M","R","?","?","T","R","$","M","R","M","R","B"],"character_chosen":"WATCHER","items_purchased":["SandsOfTime","Adaptation","Melange","EmptyFist+1","Weave+1"],"campfire_rested":7,"item_purchase_floors":[3,3,29,29,45],"current_hp_per_floor":[72,72,72,72,72,72,44,27,27,22,22,43,43,36,36,5,72,42,42,40,40,38,59,59,59,59,59,49,49,70,57,77,18,77,70,45,45,45,38,61,61,61,61,77,77,77,77,64,77,0,0],"gold":52,"neow_bonus":"THREE_ENEMY_KILL","is_daily":false,"chose_seed":false,"campfire_upgraded":2,"win_rate":0.0,"timestamp":1608807191,"path_taken":["M","M","$","?","?","R","E","?","T","M","M","R","M","?","R","BOSS","M","?","M","?","M","R","?","?","T","?","M","$","R","?","R","BOSS","M","?","?","?","M","R","?","?","T","R","$","M","R","M","R","BOSS"],"items_purchased_type":["Card","Card","Relic","Card","Card"],"build_version":"2020-12-13","purchased_purges":0,"victory":false,"max_hp_per_floor":[72,72,72,72,72,72,72,72,72,72,72,72,72,72,72,72,72,72,72,72,72,72,72,72,72,72,72,72,72,72,77,77,77,77,77,77,77,77,77,77,77,77,77,77,77,77,77,77,77,77,77],"card_choices":[{"not_picked":["FearNoEvil","CutThroughFate"],"picked":"Collect","floor":1},{"not_picked":["Consecrate","FollowUp"],"picked":"WaveOfTheHand","floor":2},{"not_picked":["CrushJoints","CutThroughFate"],"picked":"DeceiveReality","floor":5},{"not_picked":["Swivel","SashWhip"],"picked":"Tantrum","floor":7},{"not_picked":["CutThroughFate","WreathOfFlame"],"picked":"Study","floor":8},{"not_picked":["BowlingBash","SashWhip"],"picked":"Meditate","floor":10},{"not_picked":["WheelKick","Crescendo"],"picked":"Meditate","floor":11},{"not_picked":["FlurryOfBlows","Consecrate"],"picked":"Vengeance","floor":13},{"not_picked":["ConjureBlade","Ragnarok"],"picked":"LessonLearned","floor":16},{"not_picked":["SashWhip","FlyingSleeves"],"picked":"ClearTheMind","floor":18},{"not_picked":["BattleHymn","Study"],"picked":"SandsOfTime+1","floor":20},{"not_picked":["ThirdEye","ClearTheMind"],"picked":"Pray","floor":22},{"not_picked":["Consecrate+1","JustLucky+1"],"picked":"EmptyBody+1","floor":28},{"not_picked":["Scrawl","Establishment"],"picked":"MasterReality","floor":33},{"not_picked":["Consecrate+1","Halt+1"],"picked":"CrushJoints+1","floor":35},{"not_picked":["PathToVictory","CutThroughFate+1"],"picked":"Swivel","floor":36},{"not_picked":["SandsOfTime+1","CutThroughFate+1"],"picked":"Meditate+1","floor":39},{"not_picked":["CarveReality+1","WreathOfFlame+1"],"picked":"Judgement","floor":46},{"not_picked":["ThirdEye","PathToVictory+1"],"picked":"FlyingSleeves+1","floor":48}],"player_experience":75629,"relics_obtained":[{"floor":7,"key":"Juzu Bracelet"},{"floor":8,"key":"Odd Mushroom"},{"floor":9,"key":"Letter Opener"},{"floor":26,"key":"Boot"},{"floor":36,"key":"Lizard Tail"},{"floor":43,"key":"War Paint"}],"event_choices":[{"damage_healed":0,"gold_gain":0,"player_choice":"Full Heal","damage_taken":0,"max_hp_gain":0,"max_hp_loss":0,"event_name":"Wheel of Change","floor":4,"gold_loss":0},{"damage_healed":0,"gold_gain":0,"player_choice":"Fought Mushrooms","damage_taken":0,"max_hp_gain":0,"max_hp_loss":0,"event_name":"Mushrooms","floor":8,"gold_loss":0},{"cards_removed":["Strike_P"],"damage_healed":0,"gold_gain":0,"player_choice":"Card Removal","damage_taken":7,"max_hp_gain":0,"max_hp_loss":0,"event_name":"Golden Wing","floor":14,"gold_loss":0},{"damage_healed":0,"gold_gain":0,"player_choice":"Simplicity","damage_taken":0,"max_hp_gain":0,"max_hp_loss":0,"event_name":"Back to Basics","floor":19,"gold_loss":0,"cards_upgraded":["Strike_P","Strike_P","Strike_P","Defend_P","Defend_P","Defend_P","Defend_P"]},{"cards_removed":["Strike_P"],"damage_healed":0,"gold_gain":0,"player_choice":"Gave Gold","damage_taken":0,"max_hp_gain":0,"max_hp_loss":0,"event_name":"Beggar","floor":21,"gold_loss":75},{"damage_healed":0,"gold_gain":0,"player_choice":"Ignored","damage_taken":0,"max_hp_gain":0,"max_hp_loss":0,"event_name":"The Mausoleum","floor":24,"gold_loss":0},{"damage_healed":0,"gold_gain":0,"player_choice":"Ignored","damage_taken":0,"max_hp_gain":0,"max_hp_loss":0,"event_name":"Ghosts","floor":25,"gold_loss":0},{"damage_healed":0,"gold_gain":0,"player_choice":"Obtained Relic","damage_taken":0,"relics_obtained":["Molten Egg 2"],"max_hp_gain":0,"max_hp_loss":0,"event_name":"Addict","floor":27,"gold_loss":85},{"damage_healed":0,"gold_gain":0,"player_choice":"Shed Blood","damage_taken":18,"max_hp_gain":5,"max_hp_loss":0,"event_name":"Forgotten Altar","floor":31,"gold_loss":0},{"damage_healed":0,"gold_gain":0,"player_choice":"Fight","damage_taken":0,"max_hp_gain":0,"max_hp_loss":0,"event_name":"MindBloom","floor":36,"gold_loss":0},{"damage_healed":0,"gold_gain":0,"player_choice":"Paid","damage_taken":0,"relics_obtained":["Red Mask"],"max_hp_gain":0,"max_hp_loss":0,"event_name":"Tomb of Lord Red Mask","floor":37,"gold_loss":224},{"damage_healed":0,"gold_gain":0,"player_choice":"Ignored","damage_taken":0,"max_hp_gain":0,"max_hp_loss":0,"event_name":"SecretPortal","floor":38,"gold_loss":0},{"cards_removed":["Strike_P"],"damage_healed":0,"gold_gain":0,"player_choice":"Offered Basic","damage_taken":0,"max_hp_gain":0,"max_hp_loss":0,"event_name":"Bonfire Elementals","floor":41,"gold_loss":0},{"damage_healed":0,"gold_gain":0,"player_choice":"Got Potions","damage_taken":0,"max_hp_gain":0,"max_hp_loss":0,"event_name":"Lab","floor":42,"gold_loss":0}],"is_beta":false,"boss_relics":[{"not_picked":["Coffee Dripper","SlaversCollar"],"picked":"Fusion Hammer"},{"not_picked":["Velvet Choker","Black Star"],"picked":"Philosopher\u0027s Stone"}],"items_purged_floors":[],"is_endless":false,"potions_floor_spawned":[1,2,7,16,18,20,36,39],"killed_by":"Awakened One","ascension_level":0}}