{"host":"tf8owpcxhp2xn1j6","time":1608822301,"event":{"mods":["AchievementEnabler","BaseMod","Colored Map","Colored Powertips","Custom Start","DeckTracker","Minty Spire (QoL Compilation)","Permanent Neow","Quick Restart","StSLib","SuperFastMode"],"gold_per_floor":[109,34,48,48,67,67,82,113,139,163,163,163,163,179,179,179,179],"floor_reached":16,"playtime":590,"items_purged":["Defend_R"],"score":122,"play_id":"d4dfba7b-c9b3-45cc-b5f1-6d1a516ba75f","local_time":"20201225000501","is_ascension_mode":true,"campfire_choices":[{"data":"Seeing Red","floor":6.0,"key":"SMITH"},{"data":"Pommel Strike","floor":11.0,"key":"SMITH"},{"floor":13.0,"key":"RECALL"},{"data":"Flex","floor":15.0,"key":"SMITH"}],"circlet_count":0,"master_deck":["Strike_R","Strike_R","Strike_R","Strike_R","Strike_R","Defend_R","Defend_R","Bash","Carnage","Pommel Strike+1","Seeing Red+1","Ghostly Armor","Flex+1","Cleave","Power Through","Dropkick"],"relics":["Burning Blood","Golden Idol","Juzu Bracelet"],"acts_visited":["Exordium"],"potions_floor_usage":[16],"damage_taken":[{"damage":10.0,"enemies":"2 Louse","floor":1.0,"turns":3.0},{"damage":5.0,"enemies":"Small Slimes","floor":3.0,"turns":3.0},{"damage":7.0,"enemies":"Jaw Worm","floor":5.0,"turns":2.0},{"damage":0.0,"enemies":"Looter","floor":7.0,"turns":2.0},{"damage":40.0,"enemies":"3 Sentries","floor":8.0,"turns":8.0},{"damage":13.0,"enemies":"3 Louse","floor":10.0,"turns":2.0},{"damage":0.0,"enemies":"Red Slaver","floor":14.0,"turns":2.0},{"damage":24,"enemies":"The Guardian","floor":16,"turns":7}],"seed_played":"2556246501754683853","potions_obtained":[{"floor":1.0,"key":"Energy Potion"},{"floor":3.0,"key":"Swift Potion"},{"floor":10.0,"key":"DuplicationPotion"}],"is_trial":false,"path_per_floor":["M","$","M","?","M","R","M","E","T","M","R","?","R","M","R","B"],"character_chosen":"IRONCLAD","items_purchased":[],"campfire_rested":0,"item_purchase_floors":[],"current_hp_per_floor":[76,76,77,57,56,56,62,28,28,21,21,26,26,32,32,8,8],"gold":179,"neow_bonus":"TRANSFORM_CARD","is_daily":false,"chose_seed":false,"campfire_upgraded":3,"win_rate":0.0,"timestamp":1608822301,"path_taken":["M","$","M","?","M","R","M","E","T","M","R","?","R","M","R","BOSS"],"items_purchased_type":[],"build_version":"2020-12-22","purchased_purges":1,"victory":false,"max_hp_per_floor":[80,80,80,80,80,80,80,80,80,80,80,85,85,85,85,85,85],"card_choices":[{"not_picked":["Metallicize","Thunderclap"],"picked":"Pommel Strike","floor":1.0},{"not_picked":["Twin Strike","Heavy Blade"],"picked":"Seeing Red","floor":3.0},{"not_picked":["Twin Strike","Anger"],"picked":"Ghostly Armor","floor":5.0},{"not_picked":["Limit Break","Anger"],"picked":"Flex","floor":7.0},{"not_picked":["Anger","Warcry"],"picked":"Cleave","floor":8.0},{"not_picked":["Combust","Clothesline"],"picked":"Power Through","floor":10.0},{"not_picked":["Cleave","Bloodletting"],"picked":"Dropkick","floor":14.0}],"player_experience":260454,"relics_obtained":[{"floor":8.0,"key":"Juzu Bracelet"}],"event_choices":[{"damage_healed":0.0,"max_hp_gain":0.0,"max_hp_loss":0.0,"gold_gain":0.0,"event_name":"Golden Idol","player_choice":"Take Damage","floor":4.0,"gold_loss":0.0,"damage_taken":20.0,"relics_obtained":["Golden Idol"]},{"damage_healed":0.0,"max_hp_gain":5.0,"max_hp_loss":0.0,"gold_gain":0.0,"event_name":"Big Fish","player_choice":"Donut","floor":12.0,"gold_loss":0.0,"damage_taken":0.0}],"is_beta":false,"boss_relics":[],"items_purged_floors":[2],"is_endless":false,"potions_floor_spawned":[1,3,10],"killed_by":"The Guardian","ascension_level":4}}