{"host":"2lo6hma6kymb0g9i","time":1608834944,"event":{"mods":["BaseMod","Colored Map","DeckTracker","Minty Spire (QoL Compilation)"],"gold_per_floor":[11,23,41,41,41,41,1,12,12,25,41,41,369,369,369,369,369],"floor_reached":16,"playtime":966,"items_purged":[],"score":199,"play_id":"9871c989-f31e-4f36-a577-4acc82dc726a","local_time":"20201225033544","is_ascension_mode":true,"campfire_choices":[{"data":"Backstab","floor":6,"key":"SMITH"},{"floor":15,"key":"REST"}],"circlet_count":0,"master_deck":["AscendersBane","Strike_G","Strike_G","Strike_G","Defend_G","Defend_G","Defend_G","Defend_G","Defend_G","Survivor","Neutralize","Backstab+1","Blur","Leg Sweep","Escape Plan","Skewer","Escape Plan","Dagger Throw","Poisoned Stab","Flechettes","Slice"],"relics":["Ring of the Snake","Darkstone Periapt","Old Coin","Strawberry"],"acts_visited":["Exordium"],"potions_floor_usage":[16],"damage_taken":[{"damage":0.0,"enemies":"2 Louse","floor":1.0,"turns":5.0},{"damage":0.0,"enemies":"Jaw Worm","floor":2.0,"turns":7.0},{"damage":8.0,"enemies":"Cultist","floor":3.0,"turns":6.0},{"damage":5,"enemies":"Exordium Wildlife","floor":8,"turns":5},{"damage":0,"enemies":"3 Louse","floor":10,"turns":4},{"damage":0,"enemies":"2 Fungi Beasts","floor":11,"turns":3},{"damage":40,"enemies":"Lagavulin","floor":13,"turns":8},{"damage":41,"enemies":"Hexaghost","floor":16,"turns":12}],"seed_played":"-5932075125181520850","potions_obtained":[{"floor":3.0,"key":"BlessingOfTheForge"},{"floor":13,"key":"LiquidMemories"}],"is_trial":false,"path_per_floor":["M","M","M","?","?","R","$","M","T","M","M","?","E","T","R","B"],"character_chosen":"THE_SILENT","items_purchased":["Escape Plan"],"campfire_rested":1,"item_purchase_floors":[7],"current_hp_per_floor":[59,59,51,51,51,51,51,46,46,46,46,51,11,18,41,0,0],"gold":369,"neow_bonus":"TRANSFORM_TWO_CARDS","is_daily":false,"chose_seed":false,"campfire_upgraded":1,"win_rate":0.0,"timestamp":1608834944,"path_taken":["M","M","M","?","?","R","?","?","T","M","M","?","E","?","R","BOSS"],"items_purchased_type":["Card"],"build_version":"2020-12-22","purchased_purges":0,"victory":false,"max_hp_per_floor":[66,66,66,66,66,66,66,66,66,66,66,71,71,78,78,78,78],"card_choices":[{"not_picked":["Bane","Bouncing Flask"],"picked":"Leg Sweep","floor":1.0},{"not_picked":["Well Laid Plans","Outmaneuver"],"picked":"Escape Plan","floor":2.0},{"not_picked":["PiercingWail","Slice"],"picked":"Skewer","floor":3.0},{"not_picked":["Well Laid Plans","Heel Hook"],"picked":"Dagger Throw","floor":8},{"not_picked":["Bane","Dodge and Roll"],"picked":"Poisoned Stab","floor":10},{"not_picked":["Quick Slash","Underhanded Strike"],"picked":"Flechettes","floor":11},{"not_picked":["Dagger Spray","Expertise"],"picked":"Slice","floor":13}],"player_experience":875148,"relics_obtained":[{"floor":9,"key":"Darkstone Periapt"},{"floor":13,"key":"Old Coin"},{"floor":14,"key":"Strawberry"}],"event_choices":[{"damage_healed":0.0,"max_hp_gain":0.0,"max_hp_loss":0.0,"gold_gain":0.0,"event_name":"The Cleric","player_choice":"Leave","floor":4.0,"gold_loss":0.0,"damage_taken":0.0},{"damage_healed":0.0,"max_hp_gain":0.0,"max_hp_loss":0.0,"gold_gain":0.0,"event_name":"Liars Game","player_choice":"Ignored","floor":5.0,"gold_loss":0.0,"damage_taken":0.0},{"damage_healed":0,"gold_gain":0,"player_choice":"Donut","damage_taken":0,"max_hp_gain":5,"max_hp_loss":0,"event_name":"Big Fish","floor":12,"gold_loss":0}],"is_beta":false,"boss_relics":[],"items_purged_floors":[],"is_endless":false,"potions_floor_spawned":[3,13],"killed_by":"Hexaghost","ascension_level":19}}