{"host":"l66odvkqh04jpxx0","time":1608779692,"event":{"mods":["BaseMod","Colored Powertips","Conspire","Luminous","Minty Spire (QoL Compilation)","Replay The Spire","StSLib","The Construct","The Cursed","The Mystic","The Servant 0.9.4"],"gold_per_floor":[117,130,148,223,241,241,254,308,308,322,497,497,2,32,32,132,182,194,119,119,394,412,412,412,412],"floor_reached":24,"playtime":1782,"items_purged":[],"score":188,"play_id":"5bb22892-1f30-4dd1-b3d8-436dd78f2e9c","local_time":"20201224111452","is_ascension_mode":false,"campfire_choices":[{"data":"Bash","floor":6,"key":"SMITH"},{"floor":12,"key":"REST"},{"floor":15,"key":"REST"},{"floor":23,"key":"REST"}],"circlet_count":0,"master_deck":["Strike_R","Strike_R","Strike_R+1","Strike_R","Strike_R","Defend_R","Defend_R","Defend_R","Defend_R","Bash+1","Shrug It Off","Heavy Blade","Inflame","Cleave","ReplayTheSpireMod:Strike From Hell+1","conspire:Charge","HandOfGreed+1","Feel No Pain+1","Clothesline","Eclipse","Disarm","Thunderclap+1","Regret","ReplayTheSpireMod:Stacked"],"relics":["construct:WeddingRing","Whetstone","Replay:Mystery Machine","Frozen Egg 2","Tiny House"],"acts_visited":["Exordium","TheCity"],"potions_floor_usage":[7,16,16,18],"damage_taken":[{"damage":0,"enemies":"Cultist","floor":1,"turns":2},{"damage":3,"enemies":"Jaw Worm","floor":2,"turns":3},{"damage":7,"enemies":"conspire:RoseBush","floor":3,"turns":2},{"damage":14,"enemies":"Blue Slaver","floor":5,"turns":4},{"damage":0,"enemies":"2 Fungi Beasts","floor":7,"turns":3},{"damage":12,"enemies":"Looter","floor":10,"turns":3},{"damage":4,"enemies":"Gremlin Gang","floor":14,"turns":4},{"damage":48,"enemies":"Fading Forest","floor":16,"turns":11},{"damage":35,"enemies":"Spheric Guardian","floor":18,"turns":6},{"damage":6,"enemies":"Chosen","floor":22,"turns":4},{"damage":72,"enemies":"Slavers","floor":24,"turns":3}],"seed_played":"6584277186745177676","potions_obtained":[{"floor":5,"key":"LifebloodPotion"},{"floor":7,"key":"FearPotion"},{"floor":14,"key":"LifebloodPotion"},{"floor":16,"key":"Elixir"},{"floor":17,"key":"Flashbang"},{"floor":22,"key":"LiquidMemories"}],"is_trial":false,"path_per_floor":["M","M","M","?","M","R","M","T","T","M","?","R","$","M","R","B",null,"M","?","?","?","M","R","E"],"character_chosen":"IRONCLAD","items_purchased":["HandOfGreed","Frozen Egg 2","Feel No Pain+1"],"campfire_rested":3,"item_purchase_floors":[13,13,13],"current_hp_per_floor":[80,77,70,59,45,45,45,45,45,33,33,57,57,53,77,29,85,50,50,50,50,44,69,0,0],"gold":412,"neow_bonus":"BOSS_RELIC","is_daily":false,"chose_seed":false,"campfire_upgraded":1,"win_rate":0.0,"timestamp":1608779692,"path_taken":["M","M","?","?","M","R","M","?","T","M","?","R","?","M","R","BOSS","M","?","?","?","M","R","E"],"items_purchased_type":["Card","Relic","Card"],"build_version":"2020-12-22","purchased_purges":0,"victory":false,"max_hp_per_floor":[80,80,80,80,80,80,80,80,80,80,80,80,80,80,80,80,85,85,85,85,85,85,85,85,85],"card_choices":[{"not_picked":["Armaments","Sword Boomerang"],"picked":"Shrug It Off","floor":1},{"not_picked":["Inflame","Run Through"],"picked":"Heavy Blade","floor":2},{"not_picked":["Abandon","ReplayTheSpireMod:Stacked"],"picked":"Inflame","floor":3},{"not_picked":["Replay:Undeath\u0027s Touch","Thunderclap"],"picked":"Cleave","floor":5},{"not_picked":["Combust","True Grit"],"picked":"ReplayTheSpireMod:Strike From Hell","floor":7},{"not_picked":["Iron Wave","Cleave"],"picked":"conspire:Charge","floor":10},{"not_picked":["Body Slam","Armaments"],"picked":"Clothesline","floor":14},{"not_picked":["Corruption+1","Limit Break"],"picked":"Eclipse","floor":16},{"not_picked":["Reckless Charge","Iron Wave"],"picked":"Disarm","floor":17},{"not_picked":["Body Slam","Run Through"],"picked":"Thunderclap+1","floor":18},{"not_picked":["Body Slam","Hemokinesis"],"picked":"ReplayTheSpireMod:Stacked","floor":22}],"player_experience":18609,"relics_obtained":[{"floor":8,"key":"Whetstone"},{"floor":9,"key":"Replay:Mystery Machine"}],"event_choices":[{"damage_healed":0,"gold_gain":75,"player_choice":"Gather Gold","damage_taken":11,"max_hp_gain":0,"max_hp_loss":0,"event_name":"World of Goop","floor":4,"gold_loss":0},{"damage_healed":0,"gold_gain":175,"player_choice":"AGREE","damage_taken":0,"max_hp_gain":0,"max_hp_loss":0,"event_name":"Liars Game","floor":11,"gold_loss":0,"cards_obtained":["Doubt"]},{"cards_removed":["Doubt"],"damage_healed":0,"gold_gain":0,"player_choice":"Gave Gold","damage_taken":0,"max_hp_gain":0,"max_hp_loss":0,"event_name":"Beggar","floor":19,"gold_loss":75},{"damage_healed":0,"gold_gain":0,"player_choice":"Ignored","damage_taken":0,"max_hp_gain":0,"max_hp_loss":0,"event_name":"Ghosts","floor":20,"gold_loss":0},{"damage_healed":0,"gold_gain":275,"player_choice":"Desecrate","damage_taken":0,"max_hp_gain":0,"max_hp_loss":0,"event_name":"Golden Shrine","floor":21,"gold_loss":0,"cards_obtained":["Regret"]}],"is_beta":false,"boss_relics":[{"not_picked":["Busted Crown","Cursed Key"],"picked":"Tiny House"}],"items_purged_floors":[],"is_endless":false,"potions_floor_spawned":[5,7,14,16,22],"killed_by":"Slavers","ascension_level":0}}