{"host":"s7tmyr5e6xvpia4b","time":1608807758,"event":{"mods":["BaseMod","Bestiary","Better Synergies","BshForSts","Curses Come First","GifTheSpireLib","Luminous","Minty Spire (QoL Compilation)","Replay The Spire","StSLib","noobMod"],"gold_per_floor":[118,136,155,165,52,52,65,95,176,176,195,211,221,246,246,348,348,358,375,474,474,502,532,532,550,550,396,396,190,190,200,200,295,295,314,330,330,341,10,10,10,21,74,124,138,138,172,172,172,172,172,172,112,139,139],"floor_reached":56,"playtime":3322,"items_purged":["Luminous:Light_Flash_Shower","Parasite","Hallucinations","Languid"],"score":1259,"play_id":"e4a5ce85-ebda-4e45-8d2f-3782d671b254","local_time":"20201224190238","is_ascension_mode":false,"campfire_choices":[{"data":"Luminous:Dusk_Guard_Luminous","floor":6,"key":"SMITH"},{"data":"Luminous:Accumulation_Luminous","floor":10,"key":"SMITH"},{"data":"Luminous:Magic_Boost_Luminous","floor":15,"key":"SMITH"},{"data":"Apotheosis","floor":24,"key":"SMITH"},{"data":"Luminous:Dark_Crescendo_Luminous","floor":28,"key":"SMITH"},{"data":"Luminous:Dark_Arcane_Pitch","floor":32,"key":"SMITH"},{"data":"Luminous:Balance_Ender","floor":40,"key":"SMITH"},{"data":"Luminous:Accumulation_Luminous","floor":46,"key":"SMITH"},{"floor":49,"key":"RECALL"},{"data":"Luminous:Abyss_Heart_Luminous","floor":52,"key":"SMITH"}],"circlet_count":0,"master_deck":["Luminous:Dark_Abyssal_Drop+1","Luminous:Dark_Abyssal_Drop","Luminous:Dark_Abyssal_Drop+1","Luminous:Defend_Luminous","Luminous:Switch_Luminous","Luminous:Accumulation_Luminous+1","Luminous:Abyss_Heart_Luminous+1","Luminous:Dark_Moonlight_Spear","Luminous:Dusk_Guard_Luminous+1","Luminous:Darkness_Mastery_Luminous","Luminous:Magic_Boost_Luminous+1","Luminous:Dark_Crescendo_Luminous+1","Luminous:Mana_Well_Luminous+1","Apotheosis+1","Luminous:Sympathy_Luminous+1","Luminous:Dark_Arcane_Pitch+1","Luminous:Dark_Pressure_Void","Luminous:Balance_Ender+1","Luminous:Accumulation_Luminous+1","Luminous:Dark_Extract+1","Luminous:Lunar_Tide_Luminous","Luminous:Lunar_Tide_Luminous","Luminous:Arcane_Rage_Luminous"],"relics":["Luminous:MirrorRelic","ice","NeowsBlessing","Art of War","CaptainsWheel","Kintsugi","Red Mask","Juzu Bracelet","Ice Cream","Replay:Bottled Flurry","Runic Pyramid","Ring of Fury","Ring of Searing","Replay:Mystery Machine","Boot","Pocketwatch","Whetstone","Eternal Feather","Nunchaku"],"acts_visited":["Exordium","TheCity","TheBeyond","TheEnding"],"potions_floor_usage":[14,31,31,33,36,55,55],"damage_taken":[{"damage":0,"enemies":"Cultist","floor":1,"turns":1},{"damage":0,"enemies":"Small Slimes","floor":2,"turns":1},{"damage":0,"enemies":"2 Louse","floor":3,"turns":1},{"damage":14,"enemies":"Looter","floor":4,"turns":4},{"damage":13,"enemies":"Large Slime","floor":7,"turns":9},{"damage":34,"enemies":"Gremlin Nob","floor":8,"turns":7},{"damage":6,"enemies":"Exordium Wildlife","floor":11,"turns":4},{"damage":4,"enemies":"Blue Slaver","floor":12,"turns":3},{"damage":0,"enemies":"2 Fungi Beasts","floor":13,"turns":4},{"damage":10,"enemies":"3 Sentries","floor":14,"turns":9},{"damage":14,"enemies":"Hexaghost","floor":16,"turns":10},{"damage":20,"enemies":"2 Thieves","floor":18,"turns":5},{"damage":36,"enemies":"3 Byrds","floor":19,"turns":7},{"damage":50,"enemies":"Masked Bandits","floor":22,"turns":7},{"damage":30,"enemies":"Gremlin Leader","floor":23,"turns":5},{"damage":0,"enemies":"Centurion and Healer","floor":25,"turns":6},{"damage":13,"enemies":"Snake Plant","floor":31,"turns":4},{"damage":6,"enemies":"Automaton","floor":33,"turns":7},{"damage":7,"enemies":"Orb Walker","floor":35,"turns":3},{"damage":18,"enemies":"3 Shapes","floor":36,"turns":4},{"damage":15,"enemies":"Maw","floor":38,"turns":6},{"damage":2,"enemies":"Sphere and 2 Shapes","floor":42,"turns":5},{"damage":0,"enemies":"Mind Bloom Boss Battle","floor":44,"turns":4},{"damage":36,"enemies":"Writhing Mass","floor":45,"turns":4},{"damage":5,"enemies":"Nemesis","floor":47,"turns":5},{"damage":10,"enemies":"Time Eater","floor":50,"turns":7},{"damage":97,"enemies":"Shield and Spear","floor":54,"turns":6},{"damage":91,"enemies":"The Heart","floor":55,"turns":7}],"seed_played":"3046231705040288604","potions_obtained":[{"floor":3,"key":"Weak Potion"},{"floor":4,"key":"Flashbang"},{"floor":8,"key":"EssenceOfSteel"},{"floor":12,"key":"Languid Potion"},{"floor":14,"key":"Regen Potion"},{"floor":33,"key":"Swift Potion"},{"floor":35,"key":"Milkshake"},{"floor":36,"key":"Block Potion"},{"floor":42,"key":"EssenceOfSteel"},{"floor":45,"key":"DuplicationPotion"}],"is_trial":false,"path_per_floor":["M","M","M","M","$","R","M","E","T","R","M","M","M","E","R","B",null,"M","M","?","?","?","E","R","M","T","$","R","$","T","M","R","B",null,"M","M","?","M","$","R","$","M","T","?","M","R","E","T","R","B",null,"R","$","E","B",null],"character_chosen":"LuminousClass","items_purchased":["Luminous:Dusk_Guard_Luminous","Luminous:Sympathy_Luminous+1","Luminous:Dark_Arcane_Pitch","Luminous:Balance_Ender","Replay:Mystery Machine","Luminous:Lunar_Tide_Luminous"],"campfire_rested":0,"item_purchase_floors":[5,27,29,39,39,53],"current_hp_per_floor":[75,75,75,61,61,61,48,75,75,75,69,65,65,55,55,41,110,90,54,54,54,4,136,136,136,136,136,136,136,136,123,123,132,186,179,161,161,146,146,146,146,144,144,144,108,108,103,103,115,105,220,220,220,123,32],"gold":139,"neow_bonus":"THREE_ENEMY_KILL","is_daily":false,"chose_seed":false,"campfire_upgraded":9,"win_rate":0.0,"timestamp":1608807758,"path_taken":["M","M","M","M","$","R","M","E","T","R","M","M","M","E","R","BOSS","M","M","?","?","?","E","R","M","T","?","R","$","?","M","R","BOSS","M","M","?","M","$","R","$","M","T","?","M","R","E","?","R","BOSS","R","$","E","BOSS"],"items_purchased_type":["Card","Card","Card","Card","Relic","Card"],"build_version":"2020-12-22","purchased_purges":4,"victory":true,"max_hp_per_floor":[75,75,75,75,75,75,75,76,76,76,80,82,83,91,91,110,110,115,149,149,149,161,171,171,177,177,174,174,174,174,180,180,186,186,188,192,192,198,198,198,198,203,203,204,209,209,213,213,213,220,220,220,220,230,289],"card_choices":[{"not_picked":["Luminous:Light_Disperse","Luminous:Photic_Meditation_Luminous"],"picked":"Luminous:Accumulation_Luminous","floor":1},{"not_picked":["Luminous:Light_Ray_of_Redemption","Luminous:Dark_Arcane_Pitch"],"picked":"Luminous:Abyss_Heart_Luminous","floor":2},{"not_picked":["Luminous:Light_Gather","Luminous:Light_Sylvan_Lance","Luminous:Blinding_Pillar_Luminous"],"picked":"SKIP","floor":3},{"not_picked":["Luminous:Balance_Death_Scythe","Luminous:Dark_Raid"],"picked":"Luminous:Dark_Moonlight_Spear","floor":4},{"not_picked":["Luminous:Light_Sylvan_Lance","Luminous:Dark_Apocalypse","Luminous:Abyss_Heart_Luminous"],"picked":"SKIP","floor":7},{"not_picked":["Luminous:Light_Disperse","Luminous:Light_Wash_Luminous","Luminous:Dark_Apocalypse"],"picked":"SKIP","floor":8},{"not_picked":["Luminous:Accumulation_Luminous","Luminous:Light_Disperse"],"picked":"Luminous:Darkness_Mastery_Luminous","floor":11},{"not_picked":["Luminous:Light_Disperse","Luminous:Light_Gather"],"picked":"Luminous:Magic_Boost_Luminous","floor":12},{"not_picked":["Luminous:Accumulation_Luminous","Luminous:Light_Glare","Luminous:Dark_Pressure_Void"],"picked":"SKIP","floor":13},{"not_picked":["Luminous:Date_of_Light_Luminous","Luminous:Light_Wash_Luminous","Luminous:Blinding_Pillar_Luminous"],"picked":"SKIP","floor":14},{"not_picked":["Luminous:Balance_Aether_Conduit","Luminous:Chaos_Field_Luminous"],"picked":"Luminous:Dark_Crescendo_Luminous","floor":16},{"not_picked":["Luminous:Light_Wash_Luminous","Luminous:Light_Track+1","Luminous:Blinding_Pillar_Luminous"],"picked":"SKIP","floor":18},{"not_picked":["Luminous:Light_Sylvan_Lance+1","Luminous:Light_Wash_Luminous"],"picked":"Luminous:Mana_Well_Luminous+1","floor":19},{"not_picked":["Luminous:Light_Reflection+1","Luminous:Dark_Pressure_Void+1","Luminous:Light_Glare"],"picked":"SKIP","floor":23},{"not_picked":["Luminous:Light_Wash_Luminous","Luminous:Fast_Spell_Luminous+1","Luminous:Light_Sylvan_Lance"],"picked":"SKIP","floor":25},{"not_picked":["Luminous:Equalize_Luminous","Luminous:Dark_Pressure_Void","Luminous:Blinding_Pillar_Luminous"],"picked":"SKIP","floor":31},{"not_picked":["Luminous:Light_Disperse","Luminous:Dark_Raid","Luminous:Dark_Extract"],"picked":"SKIP","floor":35},{"not_picked":["Luminous:Light_Glare","Luminous:Dark_Extract+1"],"picked":"Luminous:Dark_Pressure_Void","floor":36},{"not_picked":["Luminous:Dark_Dim_Erosion+1","Luminous:Dark_Pressure_Void","Luminous:Dark_Raid"],"picked":"SKIP","floor":38},{"not_picked":["Luminous:Dark_Pressure_Void+1","Luminous:Blinding_Pillar_Luminous","Luminous:Mirror_Force_Luminous"],"picked":"SKIP","floor":42},{"not_picked":["Luminous:Concentrate_Luminous+1","Luminous:Light_Sylvan_Lance"],"picked":"Luminous:Accumulation_Luminous","floor":44},{"not_picked":["Luminous:Dark_Raid+1","Luminous:Dark_Dim_Erosion+1"],"picked":"Luminous:Dark_Extract+1","floor":45},{"not_picked":["Luminous:Dark_Apocalypse+1","Luminous:Sympathy_Luminous","Luminous:Light_Wash_Luminous+1"],"picked":"SKIP","floor":47},{"not_picked":["Luminous:Light_Wash_Luminous","Luminous:Magic_Accelerate_Luminous"],"picked":"Luminous:Arcane_Rage_Luminous","floor":54}],"player_experience":52902,"relics_obtained":[{"floor":8,"key":"Art of War"},{"floor":14,"key":"CaptainsWheel"},{"floor":22,"key":"Red Mask"},{"floor":23,"key":"Juzu Bracelet"},{"floor":26,"key":"Ice Cream"},{"floor":30,"key":"Replay:Bottled Flurry"},{"floor":37,"key":"Ring of Fury"},{"floor":37,"key":"Ring of Searing"},{"floor":43,"key":"Boot"},{"floor":44,"key":"Pocketwatch"},{"floor":47,"key":"Whetstone"},{"floor":48,"key":"Eternal Feather"},{"floor":54,"key":"Nunchaku"}],"event_choices":[{"damage_healed":0,"gold_gain":99,"player_choice":"Stole From Cult","damage_taken":0,"max_hp_gain":0,"max_hp_loss":0,"event_name":"Nest","floor":20,"gold_loss":0},{"damage_healed":0,"gold_gain":0,"player_choice":"Fought Bandits","damage_taken":0,"max_hp_gain":0,"max_hp_loss":0,"event_name":"Masked Bandits","floor":22,"gold_loss":0},{"damage_healed":0,"gold_gain":0,"player_choice":"Fight","damage_taken":0,"max_hp_gain":0,"max_hp_loss":0,"event_name":"MindBloom","floor":44,"gold_loss":0}],"is_beta":false,"boss_relics":[{"not_picked":["Snecko Eye","SacredBark"],"picked":"Kintsugi"},{"not_picked":["Tiny House","Ring of Chaos"],"picked":"Runic Pyramid"}],"items_purged_floors":[5,27,29,39],"is_endless":false,"potions_floor_spawned":[3,4,8,12,14,23,33,35,36,42,45,47],"ascension_level":0}}