{"host":"30jsp143e4v19aze","time":1608818828,"event":{"mods":["BaseMod","Colored Map","Colored Powertips","Curses Come First","DeckTracker","Highlight Path","Minty Spire (QoL Compilation)","Quick Restart","Relic Stats","StSLib","everything is the same but u backflip on backflip","slay the spire mod where everything is the same but ironclad has a cowboy hat"],"gold_per_floor":[112,122,122,133,98,132,144,183,195,207,249,276,319,345,357,369,369],"floor_reached":16,"playtime":1225,"items_purged":[],"score":310,"play_id":"fb8469ac-dcf1-41ec-94f6-e1f105002fb0","local_time":"20201224150708","is_ascension_mode":true,"campfire_choices":[{"data":"Uppercut","floor":7,"key":"SMITH"},{"data":"Inflame","floor":10,"key":"SMITH"},{"data":"Offering","floor":15,"key":"SMITH"}],"circlet_count":0,"master_deck":["AscendersBane","Strike_R+1","Strike_R","Strike_R","Strike_R","Strike_R+1","Defend_R+1","Defend_R","Defend_R","Defend_R+1","Bash","Impervious","Uppercut+1","Inflame+1","Anger","Burning Pact","Offering+1","Shockwave"],"relics":["Burning Blood","MawBank","Unceasing Top","Eternal Feather","Calipers","War Paint"],"acts_visited":["Exordium"],"potions_floor_usage":[13,16],"damage_taken":[{"damage":1,"enemies":"2 Louse","floor":1,"turns":4},{"damage":6,"enemies":"Jaw Worm","floor":2,"turns":5},{"damage":3,"enemies":"Small Slimes","floor":4,"turns":3},{"damage":29,"enemies":"Gremlin Nob","floor":6,"turns":5},{"damage":10,"enemies":"Lagavulin","floor":8,"turns":6},{"damage":30,"enemies":"Gremlin Nob","floor":11,"turns":4},{"damage":4,"enemies":"Looter","floor":12,"turns":3},{"damage":6,"enemies":"Lagavulin","floor":13,"turns":5},{"damage":5,"enemies":"Exordium Wildlife","floor":14,"turns":5},{"damage":42,"enemies":"The Guardian","floor":16,"turns":14}],"seed_played":"-3269171103826842919","potions_obtained":[{"floor":2,"key":"EssenceOfSteel"},{"floor":8,"key":"Dexterity Potion"},{"floor":12,"key":"SkillPotion"}],"is_trial":false,"path_per_floor":["M","M","?","M","?","E","R","E","T","R","E","M","E","M","R","B"],"character_chosen":"IRONCLAD","items_purchased":[],"campfire_rested":0,"item_purchase_floors":[],"current_hp_per_floor":[73,73,50,53,71,48,48,44,44,53,29,31,31,32,41,0,0],"gold":369,"neow_bonus":"ONE_RANDOM_RARE_CARD","is_daily":false,"chose_seed":false,"campfire_upgraded":3,"win_rate":0.0,"timestamp":1608818828,"path_taken":["M","M","?","M","?","E","R","E","T","R","E","M","E","M","R","BOSS"],"items_purchased_type":[],"build_version":"2020-12-22","purchased_purges":0,"victory":false,"max_hp_per_floor":[75,75,75,75,75,75,75,75,75,75,75,75,75,75,75,75,75],"relic_stats":{"counters":[10,54],"Eternal Feather":18,"War Paint":["Defend_R","Defend_R"],"MawBank":120,"obtain_stats":[{"Calipers":11,"Eternal Feather":9,"War Paint":13,"MawBank":6,"Burning Blood":0,"Unceasing Top":8},{"Calipers":6,"Eternal Feather":5,"War Paint":8,"MawBank":4,"Burning Blood":0,"Unceasing Top":5},{"Calipers":27,"Eternal Feather":23,"War Paint":35,"MawBank":17,"Burning Blood":0,"Unceasing Top":23}],"Burning Blood":54,"Unceasing Top":[0]},"card_choices":[{"not_picked":["Body Slam","Heavy Blade","Havoc"],"picked":"SKIP","floor":1},{"not_picked":["Body Slam","Iron Wave"],"picked":"Uppercut","floor":2},{"not_picked":["Armaments","Body Slam"],"picked":"Inflame","floor":4},{"not_picked":["Body Slam","Second Wind"],"picked":"Anger","floor":6},{"not_picked":["Armaments","Clash"],"picked":"Burning Pact","floor":8},{"not_picked":["Reckless Charge","Bloodletting","Burning Pact"],"picked":"SKIP","floor":11},{"not_picked":["Shrug It Off","Thunderclap"],"picked":"Offering","floor":12},{"not_picked":["Seeing Red","Armaments","Pommel Strike"],"picked":"SKIP","floor":13},{"not_picked":["Searing Blow","Shrug It Off"],"picked":"Shockwave","floor":14}],"player_experience":3141192,"relics_obtained":[{"floor":6,"key":"MawBank"},{"floor":8,"key":"Unceasing Top"},{"floor":9,"key":"Eternal Feather"},{"floor":11,"key":"Calipers"},{"floor":13,"key":"War Paint"}],"event_choices":[{"damage_healed":0,"gold_gain":0,"player_choice":"Entered Light","damage_taken":23,"max_hp_gain":0,"max_hp_loss":0,"event_name":"Shining Light","floor":3,"gold_loss":0,"cards_upgraded":["Strike_R","Strike_R"]},{"damage_healed":18,"gold_gain":0,"player_choice":"Healed","damage_taken":0,"max_hp_gain":0,"max_hp_loss":0,"event_name":"The Cleric","floor":5,"gold_loss":35}],"is_beta":false,"boss_relics":[],"items_purged_floors":[],"is_endless":false,"potions_floor_spawned":[2,8,12],"killed_by":"The Guardian","ascension_level":20}}