{"host":"d50bw6kybq14xu1u","time":1608814090,"event":{"mods":["BaseMod","Colored Map","Colored Powertips","Minty Spire (QoL Compilation)","Quick Restart"],"gold_per_floor":[109,128,303,51,51,81,130,130,130,161,171,171,200,211,211,314,314,332,257,285,285,585,585,620,648,683,695,695],"floor_reached":27,"playtime":746,"items_purged":["Defend_G"],"score":272,"play_id":"3e25e56a-61ad-40d9-9737-13732ed73c48","local_time":"20201224204810","is_ascension_mode":false,"campfire_choices":[{"data":"Dagger Throw","floor":8,"key":"SMITH"},{"data":"Neutralize","floor":12,"key":"SMITH"},{"data":"Noxious Fumes","floor":15,"key":"SMITH"},{"data":"Envenom","floor":23,"key":"SMITH"}],"circlet_count":0,"master_deck":["Strike_G","Strike_G","Strike_G","Strike_G","Strike_G","Defend_G","Defend_G","Defend_G","Defend_G","Survivor","Neutralize+1","Underhanded Strike","Noxious Fumes+1","Dagger Throw+1","Reflex","Flying Knee","Underhanded Strike","Envenom+1","Quick Slash+1","Flying Knee+1","Outmaneuver+1","Prepared"],"relics":["Ring of the Snake","NeowsBlessing","Matryoshka","Eternal Feather","Lantern","Juzu Bracelet","Bronze Scales","FossilizedHelix","Snake Skull","Strawberry","Black Star","Red Mask","Darkstone Periapt","Old Coin","Meat on the Bone","MawBank","Anchor"],"acts_visited":["Exordium","TheCity"],"potions_floor_usage":[13,20],"damage_taken":[{"damage":0,"enemies":"2 Louse","floor":1,"turns":1},{"damage":0,"enemies":"Jaw Worm","floor":2,"turns":1},{"damage":0,"enemies":"Gremlin Nob","floor":6,"turns":1},{"damage":10,"enemies":"3 Sentries","floor":10,"turns":6},{"damage":0,"enemies":"Small Slimes","floor":11,"turns":3},{"damage":10,"enemies":"Lagavulin","floor":13,"turns":6},{"damage":0,"enemies":"Exordium Wildlife","floor":14,"turns":4},{"damage":32,"enemies":"Slime Boss","floor":16,"turns":8},{"damage":10,"enemies":"Spheric Guardian","floor":18,"turns":4},{"damage":9,"enemies":"Masked Bandits","floor":20,"turns":3},{"damage":31,"enemies":"Book of Stabbing","floor":24,"turns":4},{"damage":20,"enemies":"Shell Parasite","floor":25,"turns":4},{"damage":31,"enemies":"Gremlin Leader","floor":27,"turns":3}],"seed_played":"-8438219030338246523","potions_obtained":[{"floor":1,"key":"Energy Potion"},{"floor":10,"key":"Explosive Potion"},{"floor":11,"key":"SpeedPotion"},{"floor":18,"key":"SteroidPotion"}],"is_trial":false,"path_per_floor":["M","M","?","$","?","E","T","R","T","E","M","R","E","M","R","B",null,"M","$","?","?","T","R","E","M","T","E"],"character_chosen":"THE_SILENT","items_purchased":["Matryoshka"],"campfire_rested":0,"item_purchase_floors":[4],"current_hp_per_floor":[70,70,70,70,70,70,70,70,70,60,60,69,66,66,75,43,77,67,67,58,58,58,70,39,31,31,0,0],"gold":695,"neow_bonus":"THREE_ENEMY_KILL","is_daily":false,"chose_seed":false,"campfire_upgraded":4,"win_rate":0.0,"timestamp":1608814090,"path_taken":["M","M","?","$","?","E","?","R","T","E","M","R","E","M","R","BOSS","M","$","?","?","?","R","E","M","T","E"],"items_purchased_type":["Relic"],"build_version":"2020-12-22","purchased_purges":1,"victory":false,"max_hp_per_floor":[70,70,70,70,70,70,70,70,70,70,70,70,77,77,77,77,77,77,77,77,77,77,77,77,77,77,77,77],"card_choices":[{"not_picked":["Distraction","Caltrops"],"picked":"Underhanded Strike","floor":1},{"not_picked":["Dodge and Roll","Flying Knee"],"picked":"Noxious Fumes","floor":2},{"not_picked":["Deadly Poison","Dagger Spray"],"picked":"Dagger Throw","floor":6},{"not_picked":["Dagger Spray","Blade Dance"],"picked":"Reflex","floor":10},{"not_picked":["Blade Dance","Sucker Punch","Deadly Poison"],"picked":"SKIP","floor":11},{"not_picked":["Masterful Stab","Doppelganger"],"picked":"Flying Knee","floor":13},{"not_picked":["Bouncing Flask","Eviscerate"],"picked":"Underhanded Strike","floor":14},{"not_picked":["Phantasmal Killer","After Image"],"picked":"Envenom","floor":16},{"not_picked":["Acrobatics+1","Tactician"],"picked":"Quick Slash+1","floor":18},{"not_picked":["Deadly Poison","Poisoned Stab+1"],"picked":"Flying Knee+1","floor":20},{"not_picked":["Choke","Calculated Gamble+1"],"picked":"Outmaneuver+1","floor":24},{"not_picked":["Blade Dance","Dagger Spray"],"picked":"Prepared","floor":25}],"player_experience":4840,"relics_obtained":[{"floor":6,"key":"Eternal Feather"},{"floor":7,"key":"Lantern"},{"floor":7,"key":"Juzu Bracelet"},{"floor":9,"key":"Bronze Scales"},{"floor":9,"key":"FossilizedHelix"},{"floor":10,"key":"Snake Skull"},{"floor":13,"key":"Strawberry"},{"floor":20,"key":"Red Mask"},{"floor":22,"key":"Old Coin"},{"floor":24,"key":"Meat on the Bone"},{"floor":24,"key":"MawBank"},{"floor":26,"key":"Anchor"}],"event_choices":[{"damage_healed":0,"gold_gain":175,"player_choice":"AGREE","damage_taken":0,"max_hp_gain":0,"max_hp_loss":0,"event_name":"Liars Game","floor":3,"gold_loss":0,"cards_obtained":["Doubt"]},{"cards_removed":["Doubt"],"damage_healed":0,"gold_gain":0,"player_choice":"Forget","damage_taken":0,"max_hp_gain":0,"max_hp_loss":0,"event_name":"Living Wall","floor":5,"gold_loss":0},{"damage_healed":0,"gold_gain":0,"player_choice":"Fought Bandits","damage_taken":0,"max_hp_gain":0,"max_hp_loss":0,"event_name":"Masked Bandits","floor":20,"gold_loss":0},{"damage_healed":0,"gold_gain":0,"player_choice":"Opened","damage_taken":0,"relics_obtained":["Darkstone Periapt"],"max_hp_gain":0,"max_hp_loss":0,"event_name":"The Mausoleum","floor":21,"gold_loss":0}],"is_beta":false,"boss_relics":[{"not_picked":["Cursed Key","Philosopher\u0027s Stone"],"picked":"Black Star"}],"items_purged_floors":[19],"is_endless":false,"potions_floor_spawned":[1,10,11,18],"killed_by":"Gremlin Leader","ascension_level":0}}