{"host":"6wux4armhsntp4yb","time":1608817839,"event":{"mods":["BaseMod","Colored Map","DeckTracker","Minty Spire (QoL Compilation)","Relic Stats"],"gold_per_floor":[113,125,125,146,170,170,194,212,282,282,295,295,335,300,300,393,393,412,437,437,193,193,193,232,232,232],"floor_reached":25,"playtime":1998,"items_purged":["Strike_G"],"score":446,"play_id":"8a8b875e-66be-4f81-9948-86b15c72d726","local_time":"20201224225039","is_ascension_mode":true,"campfire_choices":[{"data":"Neutralize","floor":6.0,"key":"SMITH"},{"floor":10.0,"key":"REST"},{"data":"Noxious Fumes","floor":12.0,"key":"SMITH"},{"data":"Noxious Fumes","floor":15.0,"key":"SMITH"},{"data":"Wraith Form v2","floor":23.0,"key":"SMITH"}],"circlet_count":0,"master_deck":["AscendersBane","Strike_G","Strike_G","Defend_G","Defend_G","Defend_G","Defend_G","Defend_G","Survivor","Neutralize+1","Endless Agony","Noxious Fumes+1","Storm of Steel","Noxious Fumes+1","Noxious Fumes","Predator","Heel Hook","A Thousand Cuts","Dodge and Roll+1","Reflex","Infinite Blades","Wraith Form v2+1","Backstab","Prepared"],"relics":["Ring of the Snake","Incense Burner","Golden Idol","HornCleat","Gremlin Horn","HoveringKite","Membership Card","Ginger"],"acts_visited":["Exordium","TheCity"],"potions_floor_usage":[25,25],"damage_taken":[{"damage":1.0,"enemies":"Small Slimes","floor":1.0,"turns":4.0},{"damage":8.0,"enemies":"Jaw Worm","floor":2.0,"turns":6.0},{"damage":1.0,"enemies":"2 Louse","floor":4.0,"turns":3.0},{"damage":5.0,"enemies":"Large Slime","floor":5.0,"turns":5.0},{"damage":8.0,"enemies":"Red Slaver","floor":7.0,"turns":4.0},{"damage":11.0,"enemies":"Exordium Wildlife","floor":8.0,"turns":4.0},{"damage":4.0,"enemies":"Blue Slaver","floor":11.0,"turns":4.0},{"damage":16.0,"enemies":"Gremlin Nob","floor":13.0,"turns":4.0},{"damage":4.0,"enemies":"Hexaghost","floor":16.0,"turns":8.0},{"damage":0.0,"enemies":"3 Byrds","floor":18.0,"turns":4.0},{"damage":13.0,"enemies":"Chosen","floor":19.0,"turns":5.0},{"damage":44.0,"enemies":"Book of Stabbing","floor":24.0,"turns":7.0},{"damage":5,"enemies":"Sentry and Sphere","floor":25,"turns":3}],"seed_played":"4996042434203657117","potions_obtained":[{"floor":4.0,"key":"Swift Potion"},{"floor":8.0,"key":"GamblersBrew"},{"floor":16.0,"key":"BlessingOfTheForge"},{"floor":19.0,"key":"Dexterity Potion"}],"is_trial":false,"path_per_floor":["M","M","?","M","M","R","M","M","T","R","M","R","E","?","R","B",null,"M","M","?","$","?","R","E","M"],"character_chosen":"THE_SILENT","items_purchased":["Membership Card","Infinite Blades"],"campfire_rested":1,"item_purchase_floors":[21,21],"current_hp_per_floor":[43,35,35,34,29,29,21,10,10,28,24,24,8,23,23,19,50,50,37,49,49,49,49,5,0,0],"gold":232,"neow_bonus":"ONE_RARE_RELIC","is_daily":false,"chose_seed":false,"campfire_upgraded":4,"win_rate":0.0,"timestamp":1608817839,"path_taken":["M","M","?","M","M","R","M","M","T","R","M","R","E","?","R","BOSS","M","M","?","$","?","R","E","M"],"items_purchased_type":["Relic","Card"],"build_version":"2020-12-22","purchased_purges":1,"victory":false,"max_hp_per_floor":[66,66,60,60,60,60,60,60,60,60,60,60,60,60,60,60,60,60,60,60,60,60,60,60,60,60],"relic_stats":{"Gremlin Horn":[3,3],"counters":[13,61],"Golden Idol":73,"HoveringKite":[6],"Ginger":[0],"obtain_stats":[{"HornCleat":9,"Gremlin Horn":13,"Golden Idol":3,"HoveringKite":17,"Incense Burner":0,"Membership Card":21,"Ginger":24,"Ring of the Snake":0},{"HornCleat":6,"Gremlin Horn":8,"Golden Idol":2,"HoveringKite":9,"Incense Burner":0,"Membership Card":11,"Ginger":12,"Ring of the Snake":0},{"HornCleat":26,"Gremlin Horn":34,"Golden Idol":10,"HoveringKite":42,"Incense Burner":0,"Membership Card":51,"Ginger":58,"Ring of the Snake":0}],"Ring of the Snake":[27]},"card_choices":[{"not_picked":["Quick Slash","Flechettes"],"picked":"Endless Agony","floor":1.0},{"not_picked":["Prepared","Backflip"],"picked":"Noxious Fumes","floor":2.0},{"not_picked":["Dagger Spray","Bane"],"picked":"Storm of Steel","floor":4.0},{"not_picked":["Cloak And Dagger","Acrobatics"],"picked":"Noxious Fumes","floor":5.0},{"not_picked":["Riddle With Holes","Terror"],"picked":"Noxious Fumes","floor":7.0},{"not_picked":["Flying Knee","Distraction","Night Terror"],"picked":"SKIP","floor":8.0},{"not_picked":["Flechettes","Deflect"],"picked":"Predator","floor":11.0},{"not_picked":["Poisoned Stab","Dash"],"picked":"Heel Hook","floor":13.0},{"not_picked":["Phantasmal Killer","Grand Finale"],"picked":"A Thousand Cuts","floor":16.0},{"not_picked":["Eviscerate","Outmaneuver"],"picked":"Dodge and Roll+1","floor":18.0},{"not_picked":["Bouncing Flask","Bane"],"picked":"Reflex","floor":19.0},{"not_picked":["Reflex","Concentrate"],"picked":"Prepared","floor":24.0}],"player_experience":5698231,"relics_obtained":[{"floor":9.0,"key":"HornCleat"},{"floor":13.0,"key":"Gremlin Horn"},{"floor":24.0,"key":"Ginger"}],"event_choices":[{"damage_healed":0.0,"max_hp_gain":0.0,"max_hp_loss":6.0,"gold_gain":0.0,"event_name":"Golden Idol","player_choice":"Lose Max HP","floor":3.0,"gold_loss":0.0,"damage_taken":0.0,"relics_obtained":["Golden Idol"]},{"damage_healed":15.0,"max_hp_gain":0.0,"max_hp_loss":0.0,"gold_gain":0.0,"event_name":"The Cleric","player_choice":"Healed","floor":14.0,"gold_loss":35.0,"damage_taken":0.0},{"damage_healed":12.0,"max_hp_gain":0.0,"max_hp_loss":0.0,"gold_gain":0.0,"event_name":"The Library","player_choice":"Heal","floor":20.0,"gold_loss":0.0,"damage_taken":0.0},{"damage_healed":0.0,"max_hp_gain":0.0,"max_hp_loss":0.0,"gold_gain":0.0,"cards_transformed":["Strike_G","Strike_G"],"event_name":"Drug Dealer","player_choice":"Became Test Subject","floor":22.0,"gold_loss":0.0,"damage_taken":0.0,"cards_obtained":["Wraith Form v2","Backstab"]}],"is_beta":false,"boss_relics":[{"not_picked":["Tiny House","SlaversCollar"],"picked":"HoveringKite"}],"items_purged_floors":[21],"is_endless":false,"potions_floor_spawned":[4,8,16,19,24],"killed_by":"Sentry and Sphere","ascension_level":20}}