{"host":"9kjfrj3pewitpdem","time":1608823435,"event":{"mods":["AchievementEnabler","BaseMod","Better Altar","Better Match","Better Note","Better Sensory Stone","Better Skull","Better Third Choice","BetterRewards","Colored Map","Colored Powertips","GifTheSpireLib","Hermit","Hero for Fun","Hubris","Jorbs\u0027s Wanderer Trilogy","Minty Spire (QoL Compilation)","Replay The Spire","StSLib","The Bladedancer","The Cursed","The Hierophant","The Runesmith","The Servant 0.9.4"],"gold_per_floor":[119,119,135,151,171,171,185,220,220,220,220,220,233,110,110,210,260,270,285,285,302,13,13,13,32,83,83,83,97,97,116,116,116,116],"floor_reached":33,"playtime":1205,"items_purged":[],"score":249,"play_id":"eaabce34-759e-4dbb-ab17-0d2594422986","local_time":"20201225022355","is_ascension_mode":false,"campfire_choices":[{"data":"InstantArmor","floor":6.0,"key":"SMITH"},{"floor":11.0,"key":"REST"},{"data":"Apotheosis","floor":15.0,"key":"SMITH"},{"data":"TimeWarp","floor":23,"key":"SMITH"},{"floor":27,"key":"REST"},{"floor":30,"key":"REST"},{"floor":32,"key":"REST"}],"circlet_count":0,"master_deck":["Strike_S","Strike_S+1","Strike_S","Defend_S+1","Defend_S","Defend_S","Defend_S+1","KidneyShot","Exchange","ShatteredReality","InstantArmor+1","Moonlight","Rearm","Moonlight+1","Ricochet+1","Ricochet","Poisoned Strike","Blind","Apotheosis+1","PendulumOfEternity","Rearm","Misdirection+1","DualDimension","Foresight","TimeWarp+1","TimeWarp+1","BottledTime","Potential"],"relics":["Uniform","NeowsBlessing","Onion Ring","Sundial","ReplayTheSpireMod:ShopPack","Tiny House","Matryoshka","Gremlin Food","Anchor"],"acts_visited":["Exordium","TheCity"],"potions_floor_usage":[21,25,29,33,33,33],"damage_taken":[{"damage":0.0,"enemies":"2 Louse","floor":1.0,"turns":1.0},{"damage":0.0,"enemies":"Cultist","floor":3.0,"turns":1.0},{"damage":0.0,"enemies":"Jaw Worm","floor":4.0,"turns":1.0},{"damage":19.0,"enemies":"Exordium Thugs","floor":5.0,"turns":4.0},{"damage":7.0,"enemies":"3 Louse","floor":7.0,"turns":3.0},{"damage":5.0,"enemies":"Gremlin Nob","floor":8.0,"turns":3.0},{"damage":0.0,"enemies":"Large Slime","floor":13.0,"turns":3.0},{"damage":9.0,"enemies":"Fading Forest","floor":16.0,"turns":11.0},{"damage":1.0,"enemies":"Chosen","floor":18.0,"turns":3.0},{"damage":7.0,"enemies":"Shell Parasite","floor":19.0,"turns":3.0},{"damage":0,"enemies":"3 Cultists","floor":21,"turns":2},{"damage":11,"enemies":"Shelled Parasite and Fungi","floor":25,"turns":4},{"damage":3,"enemies":"Snake Plant","floor":29,"turns":3},{"damage":0,"enemies":"Chosen and Byrds","floor":31,"turns":6},{"damage":81,"enemies":"Automaton","floor":33,"turns":6}],"seed_played":"-1709374606351616645","potions_obtained":[{"floor":4.0,"key":"BlessingOfTheForge"},{"floor":7.0,"key":"Venom Potion"},{"floor":8.0,"key":"Strength Potion"},{"floor":13.0,"key":"Fire Potion"},{"floor":17.0,"key":"SkillPotion"},{"floor":19.0,"key":"SteroidPotion"},{"floor":24,"key":"Dexterity Potion"},{"floor":24,"key":"Adrenaline Potion"},{"floor":25,"key":"Swift Potion"},{"floor":29,"key":"SkillPotion"}],"is_trial":false,"path_per_floor":["M","?","M","M","M","R","M","E","T","?","R","?","M","$","R","B",null,"M","M","?","M","$","R","?","M","T","R","?","M","R","M","R","B"],"character_chosen":"THE_SERVANT","items_purchased":["ReplayTheSpireMod:ShopPack","Matryoshka","TimeWarp"],"campfire_rested":4,"item_purchase_floors":[14,22,22],"current_hp_per_floor":[65,65,65,65,46,46,39,34,34,34,53,53,53,53,53,44,70,69,62,62,62,62,62,62,51,51,70,63,60,70,70,70,0,0],"gold":116,"neow_bonus":"THREE_ENEMY_KILL","is_daily":false,"chose_seed":false,"campfire_upgraded":3,"win_rate":0.0,"timestamp":1608823435,"path_taken":["M","?","?","M","M","R","M","E","T","?","R","?","M","$","R","BOSS","M","M","?","M","$","R","?","?","T","R","?","M","R","M","R","BOSS"],"items_purchased_type":["Relic","Relic","Card"],"build_version":"2020-12-22","purchased_purges":0,"victory":false,"max_hp_per_floor":[65,65,65,65,65,65,65,65,65,65,65,65,65,65,65,65,70,70,70,70,70,70,70,70,70,70,70,70,70,70,70,70,70,70],"card_choices":[{"not_picked":["Alleviate","Revamp"],"picked":"ShatteredReality","floor":1.0},{"not_picked":["MoonPhase","BottledTime"],"picked":"InstantArmor","floor":3.0},{"not_picked":["RealityMarble","Replace"],"picked":"Moonlight","floor":4.0},{"not_picked":["Unruled","Read"],"picked":"Rearm","floor":5.0},{"not_picked":["Rewind","Solidify"],"picked":"Moonlight","floor":7.0},{"not_picked":["Initiator","BestPractice"],"picked":"Ricochet","floor":8.0},{"not_picked":["Foresight","Rewind"],"picked":"Ricochet","floor":13.0},{"not_picked":["Sadistic Nature","HandOfGreed"],"picked":"Poisoned Strike","floor":14.0},{"not_picked":["Dark Shackles","Purity"],"picked":"Blind","floor":14.0},{"not_picked":["Panacea","Enlightenment"],"picked":"Apotheosis","floor":14.0},{"not_picked":["Solidify","Initiator"],"picked":"PendulumOfEternity","floor":16.0},{"not_picked":["Replace","FastForward"],"picked":"Rearm","floor":17.0},{"not_picked":["FastForward","Defy"],"picked":"Misdirection","floor":18.0},{"not_picked":["Deny","Starlight"],"picked":"DualDimension","floor":19.0},{"not_picked":["SpecialFormula+1","Potential"],"picked":"Foresight","floor":21},{"not_picked":["FastForward","StarChef"],"picked":"TimeWarp+1","floor":25},{"not_picked":["Starlight","Ricochet"],"picked":"BottledTime","floor":29},{"not_picked":["DoubleEdge+1","Alleviate"],"picked":"Potential","floor":31}],"player_experience":107316,"relics_obtained":[{"floor":8.0,"key":"Onion Ring"},{"floor":9.0,"key":"Sundial"},{"floor":26,"key":"Gremlin Food"},{"floor":26,"key":"Anchor"}],"event_choices":[{"cards_removed":["Strike_S"],"damage_healed":0.0,"max_hp_gain":0.0,"max_hp_loss":0.0,"gold_gain":0.0,"event_name":"Purifier","player_choice":"Purged","floor":2.0,"gold_loss":0.0,"damage_taken":0.0},{"damage_healed":0.0,"max_hp_gain":0.0,"max_hp_loss":0.0,"gold_gain":0.0,"event_name":"Living Wall","player_choice":"Grow","floor":10.0,"gold_loss":0.0,"damage_taken":0.0,"cards_upgraded":["Ricochet"]},{"cards_removed":["Poisoned Strike"],"damage_healed":0,"gold_gain":0,"player_choice":"Give","damage_taken":0,"max_hp_gain":0,"max_hp_loss":0,"event_name":"betterNote:BetterNote","floor":20,"gold_loss":0,"cards_obtained":["None"]},{"damage_healed":0,"gold_gain":0,"player_choice":"Got Potions","damage_taken":0,"max_hp_gain":0,"max_hp_loss":0,"event_name":"Lab","floor":24,"gold_loss":0},{"damage_healed":0,"gold_gain":0,"player_choice":"Damaged","damage_taken":7,"max_hp_gain":0,"max_hp_loss":0,"event_name":"Wheel of Change","floor":28,"gold_loss":0}],"is_beta":false,"boss_relics":[{"not_picked":["SacredBark","hubris:Backtick"],"picked":"Tiny House"}],"items_purged_floors":[],"is_endless":false,"potions_floor_spawned":[4,7,8,13,19,25,29],"killed_by":"Automaton","ascension_level":0}}