{"host":"96bpdudduaq3ttpf","time":1608782499,"event":{"mods":["Act Like it!","Astrologer","Bard","Bartender","BaseMod","BetterRewards","CapriCore","Challenge The Spire","Chen","Downfall","Elementarium","Friendly Minions","GifTheSpireLib","Hallownest","Hermit","Jorbs\u0027s Wanderer Trilogy","KinomotoSakuraMod(????)","Koishi","KomeijiMod","Mari Mod (Legacy)","Mari\u0027s V1 Patch","Marisa????????","Mimic Mod","Minty Spire (QoL Compilation)","Prisma Mod","Replay The Spire","Shade Mod","StSLib","Td1madao Mod","The Administrix","The Animator","The Bug Knight","The Construct","The Cursed","The Factory","The Gatherer","The Hierophant","The Immortal","The IronCluck","The Jungle","The Mystic","The Necromancer","The Runesmith","The Senshi","The Servant 0.9.4","WarShipGirlsR/????R mod","Yohane!","Yuyuko"],"gold_per_floor":[115,115,127,7,26,51,78,105,156,178,120,165,177,202,214,226,226],"floor_reached":16,"playtime":3887,"items_purged":["Koishi:BasicStrike"],"score":139,"play_id":"5affdc75-4364-4694-9d2e-f218bbfb43b4","local_time":"20201223210139","is_ascension_mode":false,"campfire_choices":[{"data":"Koishi:TerrifyingSpectre","floor":13,"key":"SMITH"},{"data":"Koishi:HeartStoppingHorror","floor":15,"key":"SMITH"}],"circlet_count":0,"master_deck":["Koishi:BasicStrike","Koishi:BasicStrike","Koishi:BasicStrike","Koishi:BasicDefend","Koishi:BasicDefend","Koishi:BasicDefend","Koishi:Provoke","Koishi:HauntingSlash","Koishi:VengefulSpirit","Koishi:JumpScare","Koishi:RacingHeart","Koishi:DreadfulBlow","Koishi:EmbryosDream","Koishi:Jaunt","Koishi:CatchAndRose","Pot Of Greed","Pot Of Greed","Koishi:TerrifyingSpectre+1","Koishi:HeartStoppingHorror+1"],"relics":["Koishi:ImaginaryFriend","Hallownest:DreamNailRelic","MawBank","Grinning Jar","Hallownest:StagBellRelic1","Orichalcum"],"acts_visited":["Exordium"],"potions_floor_usage":[6,10,12],"damage_taken":[{"damage":0,"enemies":"Hallownest:monsterHuskWarrior","floor":1,"turns":4},{"damage":3,"enemies":"Hallownest:2_Baldur","floor":3,"turns":8},{"damage":16,"enemies":"Hallownest:2_Tiktiks_and_1_Crawlid","floor":5,"turns":6},{"damage":22,"enemies":"Hallownest:eliteMossKnight","floor":6,"turns":9},{"damage":26,"enemies":"Hallownest:1_Ooma_and_2_Uuma","floor":7,"turns":9},{"damage":24,"enemies":"Hallownest:2_Tiktiks_1_Baldur_1_Crawlid","floor":8,"turns":7},{"damage":0,"enemies":"Hallownest:monsterFoolEater","floor":9,"turns":7},{"damage":0,"enemies":"Hallownest:monsterFoolEater","floor":10,"turns":4},{"damage":0,"enemies":"Hallownest:eliteCrystalGuardian","floor":12,"turns":6},{"damage":3,"enemies":"Hallownest:monsterMossCharger","floor":14,"turns":6},{"damage":36,"enemies":"Hallownest:BossFalseKnight","floor":16,"turns":6}],"seed_played":"-5782208867974202663","potions_obtained":[{"floor":1,"key":"PowerPotion"},{"floor":8,"key":"Guardian:BlockOnCardUsePotion"},{"floor":10,"key":"Explosive Potion"},{"floor":14,"key":"Elixir"}],"is_trial":false,"path_per_floor":["M","?","M","$","M","E","M","M","MIM","M","?","E","R","M","R","B"],"character_chosen":"KOISHI","items_purchased":["Koishi:RacingHeart"],"campfire_rested":0,"item_purchase_floors":[4],"current_hp_per_floor":[60,60,59,59,51,45,31,12,18,24,24,33,33,36,36,0,0],"gold":226,"neow_bonus":"REMOVE_CARD","is_daily":false,"chose_seed":false,"campfire_upgraded":2,"win_rate":0.0,"timestamp":1608782499,"path_taken":["M","?","M","$","?","E","M","M","MIM","M","?","E","R","M","R","BOSS"],"items_purchased_type":["Card"],"build_version":"2020-12-22","purchased_purges":1,"victory":false,"max_hp_per_floor":[60,60,60,60,60,60,60,60,60,60,60,60,60,60,60,60,60],"card_choices":[{"not_picked":["Koishi:RorschachInDanmaku","Koishi:ReflexRadar"],"picked":"Koishi:VengefulSpirit","floor":1},{"not_picked":["Koishi:UnansweredLove","Koishi:FidgetySnatcher"],"picked":"Koishi:JumpScare","floor":3},{"not_picked":["Koishi:SubconsciousSweep","Koishi:HeartfeltFancy"],"picked":"Koishi:DreadfulBlow","floor":5},{"not_picked":["Koishi:GeneticsOfTheUnconscious","Koishi:SprinkleStarAndHeart"],"picked":"Koishi:EmbryosDream","floor":6},{"not_picked":["Koishi:ReleaseOfTheId","Koishi:DreadfulBlow"],"picked":"Koishi:Jaunt","floor":7},{"not_picked":["Koishi:PhantomStrike","Koishi:GeneticsOfTheUnconscious"],"picked":"Koishi:CatchAndRose","floor":8},{"not_picked":["Koishi:BloodcurdlingScream","Koishi:Jaunt"],"picked":"Koishi:TerrifyingSpectre","floor":10},{"not_picked":["Koishi:FidgetySnatcher","Koishi:UnansweredLove"],"picked":"Koishi:HeartStoppingHorror","floor":12},{"not_picked":["Koishi:UnconsciousUprising","Koishi:PhantomStrike","Koishi:CatchAndRose"],"picked":"SKIP","floor":14}],"player_experience":716574,"relics_obtained":[{"floor":6,"key":"MawBank"},{"floor":9,"key":"Grinning Jar"},{"floor":12,"key":"Orichalcum"}],"event_choices":[],"is_beta":false,"boss_relics":[],"items_purged_floors":[4],"is_endless":false,"potions_floor_spawned":[1,8,10,14],"killed_by":"Hallownest:BossFalseKnight","ascension_level":0}}