{"host":"x039aayur7qovk2d","time":1608788039,"event":{"mods":["AchievementEnabler","BaseMod","Block Reminder","Colored Map","Colored Powertips","DeckTracker","Googly Eyes","Highlight Path","Minty Spire (QoL Compilation)","Permanent Neow","Quick Restart","Rare Cards Sparkle","Relic Sorter","Relic Stats"],"gold_per_floor":[11,26,26,43,56,88,88,88,140,140,173,195,222,234,246,258,258],"floor_reached":16,"playtime":1248,"items_purged":[],"score":112,"play_id":"dcab7528-33d4-4369-8028-6bbc5487aae1","local_time":"20201223213359","is_ascension_mode":false,"campfire_choices":[{"floor":8.0,"key":"RECALL"},{"data":"Sunder","floor":15,"key":"SMITH"}],"circlet_count":0,"master_deck":["Strike_B","Strike_B","Strike_B","Strike_B","Defend_B","Defend_B","Defend_B","Zap","Dualcast","Genetic Algorithm+1","Heatsinks","Stack","Sunder+1","Hologram","Go for the Eyes","Amplify"],"relics":["Cracked Core","InkBottle","Bag of Preparation","MawBank"],"acts_visited":["Exordium"],"potions_floor_usage":[11,11,11,16],"damage_taken":[{"damage":1.0,"enemies":"Cultist","floor":1.0,"turns":4.0},{"damage":11.0,"enemies":"Small Slimes","floor":2.0,"turns":4.0},{"damage":1.0,"enemies":"2 Louse","floor":4.0,"turns":2.0},{"damage":3.0,"enemies":"Exordium Thugs","floor":5.0,"turns":5.0},{"damage":28.0,"enemies":"3 Sentries","floor":6.0,"turns":10.0},{"damage":7,"enemies":"Gremlin Nob","floor":11,"turns":4},{"damage":5,"enemies":"3 Louse","floor":12,"turns":4},{"damage":7,"enemies":"Blue Slaver","floor":13,"turns":4},{"damage":30,"enemies":"The Guardian","floor":16,"turns":6}],"seed_played":"-4844803089063210551","potions_obtained":[{"floor":1.0,"key":"GamblersBrew"},{"floor":3.0,"key":"LiquidMemories"},{"floor":3.0,"key":"SkillPotion"},{"floor":3.0,"key":"Energy Potion"},{"floor":5.0,"key":"GamblersBrew"},{"floor":6.0,"key":"Block Potion"},{"floor":13,"key":"BlessingOfTheForge"}],"is_trial":false,"path_per_floor":["M","M","?","M","M","E","?","R","T","$","E","M","M","?","R","B"],"character_chosen":"DEFECT","items_purchased":[],"campfire_rested":0,"item_purchase_floors":[],"current_hp_per_floor":[88,77,77,76,73,45,45,45,45,45,38,33,26,26,26,0,0],"gold":258,"neow_bonus":"TWENTY_PERCENT_HP_BONUS","is_daily":false,"chose_seed":false,"campfire_upgraded":1,"win_rate":0.0,"timestamp":1608788039,"path_taken":["M","M","?","?","M","E","?","R","T","$","E","M","M","?","R","BOSS"],"items_purchased_type":[],"build_version":"2020-12-22","purchased_purges":0,"victory":false,"max_hp_per_floor":[89,89,89,89,89,89,89,89,89,89,89,89,89,89,89,89,89],"relic_stats":{"counters":[9,43],"Bag of Preparation":[8],"MawBank":60,"obtain_stats":[{"Bag of Preparation":9,"Cracked Core":0,"MawBank":11,"InkBottle":6},{"Bag of Preparation":5,"Cracked Core":0,"MawBank":6,"InkBottle":5},{"Bag of Preparation":25,"Cracked Core":0,"MawBank":29,"InkBottle":25}],"InkBottle":[5]},"card_choices":[{"not_picked":["Sunder","Coolheaded"],"picked":"Genetic Algorithm","floor":1.0},{"not_picked":["Steam","Fusion"],"picked":"Heatsinks","floor":2.0},{"not_picked":["Compile Driver","Steam"],"picked":"Stack","floor":4.0},{"not_picked":["Undo","Hologram"],"picked":"Sunder","floor":5.0},{"not_picked":["Chill","Reinforced Body"],"picked":"Hologram","floor":6.0},{"not_picked":["Barrage","Compile Driver","Coolheaded"],"picked":"SKIP","floor":11},{"not_picked":["Cold Snap","Darkness"],"picked":"Go for the Eyes","floor":12},{"not_picked":["Streamline","Conserve Battery"],"picked":"Amplify","floor":13}],"player_experience":71174,"relics_obtained":[{"floor":6.0,"key":"InkBottle"},{"floor":9.0,"key":"Bag of Preparation"},{"floor":11,"key":"MawBank"}],"event_choices":[{"damage_healed":0.0,"max_hp_gain":0.0,"max_hp_loss":0.0,"gold_gain":0.0,"event_name":"Lab","player_choice":"Got Potions","floor":3.0,"gold_loss":0.0,"damage_taken":0.0},{"damage_healed":0.0,"max_hp_gain":0.0,"max_hp_loss":0.0,"gold_gain":0.0,"event_name":"Living Wall","player_choice":"Grow","floor":7.0,"gold_loss":0.0,"damage_taken":0.0,"cards_upgraded":["Genetic Algorithm"]},{"cards_removed":["Defend_B"],"damage_healed":0,"gold_gain":0,"player_choice":"Purged","damage_taken":0,"max_hp_gain":0,"max_hp_loss":0,"event_name":"Purifier","floor":14,"gold_loss":0}],"is_beta":false,"boss_relics":[],"items_purged_floors":[],"is_endless":false,"potions_floor_spawned":[1,5,6,13],"killed_by":"The Guardian","ascension_level":0}}