{"host":"6to0pdz5g3mubtyg","time":1608772712,"event":{"mods":["Act Like it!","Aspiration","BaseMod","BetterRewards","Colored Map","Energized Spire","Hallownest","Highlight Path","Infinite Spire","Jorbs\u0027s Wanderer Trilogy","Minty Spire (QoL Compilation)","Shade Mod","StSLib","The Animator","The Blue Laboratory","The Bug Knight"],"gold_per_floor":[11,11,11,11,11,11,54,72,120,159,174,28,72,87,87,216,216,232,256,25,39,53,53,68,68,68,89,179,195,195,39,39,170,170,189,204,204,218,234,234,234,234],"floor_reached":41,"playtime":2766,"items_purged":["Strike_B","Strike_B"],"score":462,"play_id":"c81e6f9b-584d-449c-b8ac-564d1dd97dc7","local_time":"20201223181832","is_ascension_mode":true,"campfire_choices":[{"floor":6.0,"key":"REST"},{"floor":15.0,"key":"REST"},{"data":"Creative AI","floor":25.0,"key":"SMITH"},{"floor":30.0,"key":"REST"},{"data":"Enlightenment","floor":32.0,"key":"SMITH"},{"floor":40.0,"key":"REST"}],"circlet_count":0,"master_deck":["Strike_B+1","Strike_B+1","Defend_B","Zap","Dualcast","Creative AI+1","Redo","infinitespire:Fortify","White Noise","Loop","Storm","Streamline","Hello World","Echo Form","infinitespire:Fortify","Conserve Battery","infinitespire:Collect","Reprogram","Enlightenment+1","Impatience","Buffer","White Noise"],"relics":["Cracked Core","infinitespire:WardingShard","Golden Idol","MealTicket","Whetstone","aspiration:HatOfInfinitePower","HollowMod:PaleOreRelic","infinitespire:Beetle Shell","Nuclear Battery","DollysMirror","Mercury Hourglass","Potion Belt","Strange Spoon","Empty Cage"],"acts_visited":["Exordium","TheCity","TheBeyond"],"potions_floor_usage":[41],"damage_taken":[{"damage":12.0,"enemies":"2 Louse","floor":1.0,"turns":2.0},{"damage":0.0,"enemies":"Lagavulin","floor":7.0,"turns":7.0},{"damage":10.0,"enemies":"Jaw Worm","floor":8.0,"turns":4.0},{"damage":11.0,"enemies":"Gremlin Nob","floor":10.0,"turns":4.0},{"damage":0.0,"enemies":"Small Slimes","floor":11.0,"turns":2.0},{"damage":16.0,"enemies":"Lagavulin","floor":13.0,"turns":6.0},{"damage":27.0,"enemies":"3 Louse","floor":14.0,"turns":3.0},{"damage":20.0,"enemies":"Hexaghost","floor":16.0,"turns":8.0},{"damage":10.0,"enemies":"Spheric Guardian","floor":18.0,"turns":4.0},{"damage":10.0,"enemies":"Chosen","floor":19.0,"turns":4.0},{"damage":21.0,"enemies":"Snake Plant","floor":21.0,"turns":4.0},{"damage":0.0,"enemies":"Centurion and Healer","floor":22.0,"turns":6.0},{"damage":3.0,"enemies":"Cultist and Chosen","floor":24.0,"turns":6.0},{"damage":9.0,"enemies":"Snake Plant","floor":27.0,"turns":4.0},{"damage":15.0,"enemies":"Snecko","floor":29.0,"turns":3.0},{"damage":13.0,"enemies":"Champ","floor":33.0,"turns":6.0},{"damage":18.0,"enemies":"3 Darklings","floor":35.0,"turns":5.0},{"damage":18.0,"enemies":"3 Shapes","floor":36.0,"turns":3.0},{"damage":0.0,"enemies":"Spire Growth","floor":38.0,"turns":5.0},{"damage":22.0,"enemies":"4 Shapes","floor":39.0,"turns":4.0},{"damage":33,"enemies":"Nightmare","floor":41,"turns":4}],"seed_played":"703347652566640753","potions_obtained":[{"floor":1.0,"key":"blueLaboratory:PhilterOfMotion"},{"floor":7.0,"key":"blueLaboratory:HeartbeatPotion"},{"floor":10.0,"key":"blueLaboratory:BiasPotion"},{"floor":18.0,"key":"SkillPotion"},{"floor":29.0,"key":"Swift Potion"},{"floor":33.0,"key":"blueLaboratory:NullPotion"}],"is_trial":false,"path_per_floor":["M","?","?","?","?","R","E","M","T","E","M","$","E","M","R","B",null,"M","M","$","M","M","AVR","M","R","T","M","?","M","R","$","R","B",null,"M","M","?","M","M","R","NM"],"character_chosen":"DEFECT","items_purchased":["HollowMod:PaleOreRelic","DollysMirror","Strange Spoon"],"campfire_rested":4,"item_purchase_floors":[12,20,31],"current_hp_per_floor":[63,68,68,48,29,53,53,43,43,32,32,47,31,4,28,8,80,70,60,75,54,54,54,51,51,51,42,70,55,70,70,70,57,70,52,34,34,34,12,33,0,0],"gold":234,"neow_bonus":"THREE_RARE_CARDS","is_daily":false,"chose_seed":false,"campfire_upgraded":2,"win_rate":0.0,"timestamp":1608772712,"path_taken":["M","?","?","?","?","R","E","M","T","E","M","?","E","M","R","BOSS","M","M","$","M","M","AVR","M","R","T","M","?","?","R","$","R","BOSS","M","M","?","M","M","R","NM"],"items_purchased_type":["Relic","Relic","Relic"],"build_version":"2020-12-22","purchased_purges":2,"victory":false,"max_hp_per_floor":[75,80,80,80,80,80,80,80,80,80,80,80,80,80,80,80,80,80,80,80,80,80,80,80,80,80,80,70,70,70,70,70,70,70,70,70,70,70,70,70,70,70],"card_choices":[{"not_picked":["Reboot","Core Surge"],"picked":"Creative AI","floor":0.0},{"not_picked":["Turbo","Steam Power"],"picked":"Redo","floor":1.0},{"not_picked":["infinitespire:Gouge","infinitespire:DeathsTouch"],"picked":"infinitespire:Fortify","floor":5.0},{"not_picked":["Skim","Sweeping Beam"],"picked":"White Noise","floor":7.0},{"not_picked":["Go for the Eyes","Gash"],"picked":"Loop","floor":8.0},{"not_picked":["Go for the Eyes","Cold Snap","Turbo"],"picked":"SKIP","floor":10.0},{"not_picked":["Turbo","Chaos"],"picked":"Storm","floor":11.0},{"not_picked":["Fission","Rainbow"],"picked":"Streamline","floor":13.0},{"not_picked":["Reprogram","Blizzard"],"picked":"Hello World","floor":14.0},{"not_picked":["Hyperbeam","Reboot"],"picked":"Echo Form","floor":16.0},{"not_picked":["Conserve Battery","Consume","Steam"],"picked":"SKIP","floor":18.0},{"not_picked":["Ball Lightning","Beam Cell","Blizzard"],"picked":"SKIP","floor":19.0},{"not_picked":["Coolheaded","Streamline"],"picked":"Conserve Battery","floor":21.0},{"not_picked":["Darkness+1","Beam Cell","Cold Snap"],"picked":"SKIP","floor":22.0},{"not_picked":["Storm","Hyperbeam"],"picked":"Reprogram","floor":24.0},{"not_picked":["Skim","Sunder","Gash"],"picked":"SKIP","floor":27.0},{"not_picked":["Storm","Steam Power","Go for the Eyes"],"picked":"SKIP","floor":29.0},{"not_picked":["Creative AI","All For One"],"picked":"Buffer","floor":33.0},{"not_picked":["Cold Snap+1","Turbo","Go for the Eyes"],"picked":"SKIP","floor":35.0},{"not_picked":["Leap+1","Biased Cognition"],"picked":"White Noise","floor":36.0},{"not_picked":["Streamline","Lockon","Sweeping Beam"],"picked":"SKIP","floor":38.0},{"not_picked":["Sweeping Beam","Gash+1","Tempest+1"],"picked":"SKIP","floor":39.0}],"player_experience":217421,"relics_obtained":[{"floor":3.0,"key":"infinitespire:WardingShard"},{"floor":7.0,"key":"MealTicket"},{"floor":9.0,"key":"Whetstone"},{"floor":10.0,"key":"aspiration:HatOfInfinitePower"},{"floor":13.0,"key":"infinitespire:Beetle Shell"},{"floor":26.0,"key":"Potion Belt"}],"event_choices":[{"damage_healed":0.0,"max_hp_gain":5.0,"max_hp_loss":0.0,"gold_gain":0.0,"event_name":"Big Fish","player_choice":"Donut","floor":2.0,"gold_loss":0.0,"damage_taken":0.0},{"damage_healed":0.0,"max_hp_gain":0.0,"max_hp_loss":0.0,"gold_gain":0.0,"event_name":"Golden Idol","player_choice":"Take Damage","floor":4.0,"gold_loss":0.0,"damage_taken":20.0,"relics_obtained":["Golden Idol"]},{"damage_healed":0.0,"max_hp_gain":0.0,"max_hp_loss":0.0,"gold_gain":90.0,"event_name":"Knowing Skull","player_choice":"CARD CARD POTION GOLD ","floor":28.0,"potions_obtained":["blueLaboratory:ForbiddenFruitJuice"],"gold_loss":0.0,"damage_taken":31.0,"cards_obtained":["Enlightenment","Impatience"]},{"cards_removed":["Defend_B"],"damage_healed":0.0,"max_hp_gain":0.0,"max_hp_loss":0.0,"gold_gain":0.0,"event_name":"Falling","player_choice":"Removed Skill","floor":37.0,"gold_loss":0.0,"damage_taken":0.0}],"is_beta":false,"boss_relics":[{"not_picked":["SacredBark","aspiration:SilentSkillbook"],"picked":"Nuclear Battery"},{"not_picked":["SlaversCollar","aspiration:FutureDiary"],"picked":"Empty Cage"}],"items_purged_floors":[20,23],"is_endless":false,"potions_floor_spawned":[1,7,10,11,18,22,29,33,35,38],"killed_by":"Nightmare","ascension_level":1}}