{"host":"52spii0kb8jjtblu","time":1608768547,"event":{"mods":["Act Like it!","BaseMod","Conspire","Dota2Spire","Elementarium","Gensokyo","Hubris","JesterMod","Jorbs\u0027s Wanderer Trilogy","Luminous","Marisa????????","Menagerie","Minty Spire (QoL Compilation)","Quick Restart","Replay The Spire","Spicy Shops","StSLib","The Animator","The Cursed","TheHeartMod"],"gold_per_floor":[111,20,36,36,48,48,75,75,148,148,163,163,163,178,178,298,298,313,313,342,25,41,41,41],"floor_reached":23,"playtime":1499,"items_purged":[],"score":191,"play_id":"2ac6d16b-b9d8-43bb-b3b3-ddabad618ccb","local_time":"20201223190907","is_ascension_mode":false,"campfire_choices":[{"data":"BlazeAway","floor":6.0,"key":"SMITH"},{"floor":12.0,"key":"REST"},{"floor":15.0,"key":"REST"}],"circlet_count":0,"master_deck":["Strike_MRS","Strike_MRS","Strike_MRS","Strike_MRS","Defend_MRS","Defend_MRS","Defend_MRS","Defend_MRS","MasterSpark","UpSweep","DC","BlazeAway+1","WitchOfGreed","AbsoluteMagnitude","GrandCross","AlicesGift+1","Singularity","MilkyWay","MillisecondPulsars","PowerUp","Dash+1","GravityBeat+1","MachineGunSpark+1"],"relics":["MiniHakkero","NeowsBlessing","Art of War","Molten Egg 2","hubris:BottledRain","SimpleLauncher","jesterMod:MirrorMask"],"acts_visited":["Gensokyo:Gensokyo","Gensokyo:Gensokyoer"],"potions_floor_usage":[16,18,20,22,23],"damage_taken":[{"damage":0.0,"enemies":"Gensokyo:2_Kodama","floor":1.0,"turns":1.0},{"damage":0.0,"enemies":"Gensokyo:3_Fairies","floor":3.0,"turns":1.0},{"damage":0.0,"enemies":"Gensokyo:Gryphon","floor":5.0,"turns":1.0},{"damage":45.0,"enemies":"Gensokyo:Cirno","floor":7.0,"turns":6.0},{"damage":8.0,"enemies":"Gensokyo:Kitsune","floor":11.0,"turns":3.0},{"damage":0.0,"enemies":"Gensokyo:LivingMonolith","floor":14.0,"turns":2.0},{"damage":40,"enemies":"Gensokyo:Kokoro","floor":16,"turns":13},{"damage":18,"enemies":"Gensokyo:3_Dogs","floor":18,"turns":3},{"damage":13,"enemies":"Gensokyo:Chomper","floor":20,"turns":4},{"damage":30,"enemies":"Gensokyo:Wraith","floor":22,"turns":3},{"damage":17,"enemies":"Gensokyo:Reisen","floor":23,"turns":4}],"seed_played":"6324801625615754846","potions_obtained":[{"floor":3.0,"key":"SneckoOil"},{"floor":5.0,"key":"Dota2Spire:Clarity"},{"floor":14.0,"key":"Dota2Spire:HealingSalve"},{"floor":16,"key":"Explosive Potion"},{"floor":18,"key":"Dota2Spire:Clarity"},{"floor":20,"key":"ColorlessPotion"},{"floor":22,"key":"BottledSpark"}],"is_trial":false,"path_per_floor":["M","COS","M","?","M","R","E","?","T","T","M","R","M","M","R","B",null,"M","?","M","COS","M","E"],"character_chosen":"MARISA","items_purchased":[],"campfire_rested":2,"item_purchase_floors":[],"current_hp_per_floor":[75,75,75,68,68,68,23,23,23,23,15,37,23,23,45,23,75,57,57,44,44,14,0,0],"gold":41,"neow_bonus":"THREE_ENEMY_KILL","is_daily":false,"chose_seed":false,"campfire_upgraded":1,"win_rate":0.0,"timestamp":1608768547,"path_taken":["M","COS","M","?","M","R","E","?","T","?","?","R","M","M","R","BOSS","M","?","M","COS","M","E"],"items_purchased_type":[],"build_version":"2020-12-22","purchased_purges":0,"victory":false,"max_hp_per_floor":[75,75,75,75,75,75,75,75,75,75,75,75,75,75,75,75,75,75,75,75,75,75,75,75],"card_choices":[{"not_picked":["MysteriousBeam","LuminesStrike"],"picked":"DC","floor":1.0},{"not_picked":["6A","NonDirectionalLaser"],"picked":"BlazeAway","floor":3.0},{"not_picked":["AsteroidBelt","EnergyFlow"],"picked":"WitchOfGreed","floor":5.0},{"not_picked":["SuperNova","EscapeVelocity"],"picked":"AbsoluteMagnitude","floor":7.0},{"not_picked":["DragonMeteor","UnstableBomb"],"picked":"GrandCross","floor":7.0},{"not_picked":["OneTimeOff","DC+1"],"picked":"Singularity","floor":11.0},{"not_picked":["FairyDestructionRay+1","ShootingEcho+1"],"picked":"MilkyWay","floor":14.0},{"not_picked":["SatelliteIllusion","StarDustReverie"],"picked":"MillisecondPulsars","floor":16},{"not_picked":["GasGiant","Singularity+1"],"picked":"PowerUp","floor":18},{"not_picked":["ManaConvection+1","MagicAbsorber"],"picked":"GravityBeat+1","floor":20},{"not_picked":["DC+1","WitchOfGreed+1"],"picked":"MachineGunSpark+1","floor":22}],"player_experience":256768,"relics_obtained":[{"floor":7.0,"key":"Art of War"},{"floor":9.0,"key":"Molten Egg 2"}],"event_choices":[],"is_beta":false,"boss_relics":[{"not_picked":["Pandora\u0027s Box","conspire:RunicOctahedron","Ectoplasm"]}],"items_purged_floors":[],"is_endless":false,"potions_floor_spawned":[3,5,14,18,22],"killed_by":"Gensokyo:Reisen","ascension_level":0}}