{"host":"6gwm7y0tp7acoxay","time":1608808684,"event":{"mods":["BaseMod","Colored Map","Keyboard Shortcuts","Minty Spire (QoL Compilation)","Quick Restart","StSLib","SuperFastMode","everything is the same but u backflip on backflip"],"gold_per_floor":[119,136,150,150,170,201,213,225,237,284,312,352,364,407,419,502,514,542,604,616,85,85,113,145,60,110,138,138,138,149,178,178,251,251,265,265,265,279,292,327,327,356,356,356,115,127,127,152,152,152,152,152,152,102,132,132],"floor_reached":57,"playtime":2427,"items_purged":["FTL","Ball Lightning"],"score":3184,"play_id":"7fe1ece7-2191-4973-a024-e0d758ec2f8c","local_time":"20201224201804","daily_mods":["SealedDeck","Heirloom","Flight"],"is_ascension_mode":true,"campfire_choices":[{"data":"Loop","floor":7.0,"key":"SMITH"},{"data":"Hologram","floor":8.0,"key":"SMITH"},{"data":"Coolheaded","floor":13.0,"key":"SMITH"},{"floor":15.0,"key":"REST"},{"floor":28.0,"key":"REST"},{"data":"Capacitor","floor":29.0,"key":"SMITH"},{"data":"Go for the Eyes","floor":32.0,"key":"SMITH"},{"floor":41.0,"key":"RECALL"},{"data":"Blizzard","floor":47.0,"key":"SMITH"},{"data":"Recycle","floor":49.0,"key":"SMITH"},{"data":"Skim","floor":53.0,"key":"SMITH"}],"circlet_count":0,"master_deck":["AscendersBane","Loop+1","White Noise","Gash","Hologram+1","Recycle+1","Coolheaded+1","Go for the Eyes+1","Chill","Capacitor+1","Genetic Algorithm","Conserve Battery","Skim+1","Gash","Reboot","Double Energy+1","Echo Form+1","Glacier","Core Surge","Blizzard+1","Defragment+1"],"relics":["Cracked Core","Torii","MawBank","Blue Candle","TungstenRod","Darkstone Periapt","Runic Pyramid","Shuriken","Singing Bowl","Regal Pillow","Frozen Egg 2","PreservedInsect","Oddly Smooth Stone","Emotion Chip","Strawberry","Sozu","StrikeDummy","Centennial Puzzle","Prayer Wheel","Art of War","Medical Kit","Smiling Mask","Kunai"],"acts_visited":["Exordium","TheCity","TheBeyond","TheEnding"],"potions_floor_usage":[],"damage_taken":[{"damage":0.0,"enemies":"Cultist","floor":1.0,"turns":3.0},{"damage":11.0,"enemies":"Jaw Worm","floor":2.0,"turns":4.0},{"damage":7.0,"enemies":"2 Louse","floor":3.0,"turns":3.0},{"damage":6.0,"enemies":"Looter","floor":5.0,"turns":4.0},{"damage":9.0,"enemies":"3 Sentries","floor":6.0,"turns":6.0},{"damage":0.0,"enemies":"Gremlin Nob","floor":10.0,"turns":3.0},{"damage":1.0,"enemies":"3 Louse","floor":11.0,"turns":4.0},{"damage":0.0,"enemies":"Lagavulin","floor":12.0,"turns":5.0},{"damage":27.0,"enemies":"Gremlin Nob","floor":14.0,"turns":4.0},{"damage":11.0,"enemies":"The Guardian","floor":16.0,"turns":9.0},{"damage":0.0,"enemies":"Chosen","floor":18.0,"turns":4.0},{"damage":6.0,"enemies":"Book of Stabbing","floor":23.0,"turns":4.0},{"damage":0.0,"enemies":"Gremlin Leader","floor":24.0,"turns":5.0},{"damage":19.0,"enemies":"Slavers","floor":27.0,"turns":5.0},{"damage":0.0,"enemies":"3 Byrds","floor":30.0,"turns":4.0},{"damage":11.0,"enemies":"Book of Stabbing","floor":31.0,"turns":3.0},{"damage":9.0,"enemies":"Champ","floor":33.0,"turns":6.0},{"damage":0.0,"enemies":"3 Darklings","floor":35.0,"turns":4.0},{"damage":8.0,"enemies":"3 Shapes","floor":38.0,"turns":4.0},{"damage":11.0,"enemies":"Jaw Worm Horde","floor":39.0,"turns":3.0},{"damage":0.0,"enemies":"Nemesis","floor":40.0,"turns":7.0},{"damage":0.0,"enemies":"Giant Head","floor":42.0,"turns":5.0},{"damage":0.0,"enemies":"4 Shapes","floor":46.0,"turns":6.0},{"damage":0.0,"enemies":"Nemesis","floor":48.0,"turns":7.0},{"damage":14.0,"enemies":"Donu and Deca","floor":50.0,"turns":8.0},{"damage":14.0,"enemies":"Time Eater","floor":51.0,"turns":12.0},{"damage":16,"enemies":"Shield and Spear","floor":55,"turns":6},{"damage":11,"enemies":"The Heart","floor":56,"turns":10}],"seed_played":"-3143999475223593495","potions_obtained":[{"floor":1.0,"key":"LiquidMemories"},{"floor":5.0,"key":"PotionOfCapacity"},{"floor":6.0,"key":"CultistPotion"},{"floor":14.0,"key":"DistilledChaos"},{"floor":23.0,"key":"Weak Potion"},{"floor":24.0,"key":"DistilledChaos"},{"floor":33.0,"key":"LiquidMemories"}],"is_trial":true,"path_per_floor":["M","M","M","?","M","E","R","R","T","E","M","E","R","E","R","B",null,"M","?","?","$","?","E","E","?","T","E","R","R","M","E","R","B",null,"M","?","?","M","M","E","R","E","T","?","$","M","R","E","R","B","B",null,"R","$","E","B",null],"character_chosen":"DEFECT","items_purchased":["Shuriken","Singing Bowl","Medical Kit"],"campfire_rested":2,"item_purchase_floors":[21,21,45],"current_hp_per_floor":[64,53,46,46,40,31,31,31,31,31,30,30,30,3,24,13,57,57,57,57,57,57,53,53,53,53,36,73,73,75,73,73,64,81,83,83,83,77,66,68,68,70,70,70,70,72,72,72,72,58,44,83,83,83,69,58],"gold":132,"neow_bonus":"","is_daily":false,"chose_seed":false,"campfire_upgraded":8,"win_rate":0.0,"timestamp":1608808684,"path_taken":["M","M","?","?","?","E","R","R","T","E","?","E","R","E","R","BOSS","M","?","?","$","?","E","E","?","T","E","R","R","M","E","R","BOSS","M","?","?","M","?","E","R","E","T","?","$","M","R","E","R","BOSS","BOSS","R","$","E","BOSS"],"items_purchased_type":["Relic","Relic","Relic"],"build_version":"2020-12-22","purchased_purges":2,"victory":true,"max_hp_per_floor":[71,71,71,71,71,71,71,71,71,71,71,71,71,71,71,71,71,71,71,71,71,71,73,73,73,73,75,75,75,77,86,86,86,86,88,88,88,90,90,92,92,94,94,94,94,96,96,96,96,96,96,96,96,96,98,98],"card_choices":[{"not_picked":["Beam Cell","Coolheaded"],"picked":"Genetic Algorithm","floor":1.0},{"not_picked":["Beam Cell","Reprogram"],"picked":"Conserve Battery","floor":2.0},{"not_picked":["Coolheaded","Cold Snap"],"picked":"FTL","floor":3.0},{"not_picked":["Streamline","Steam Power"],"picked":"Skim","floor":5.0},{"not_picked":["Conserve Battery","Static Discharge","Sweeping Beam"],"picked":"SKIP","floor":6.0},{"not_picked":["Sweeping Beam","Melter","Redo"],"picked":"SKIP","floor":10.0},{"not_picked":["Ball Lightning","Machine Learning"],"picked":"Gash","floor":11.0},{"not_picked":["Reinforced Body","Chill","Sweeping Beam"],"picked":"SKIP","floor":12.0},{"not_picked":["Compile Driver","Redo","Ball Lightning"],"picked":"SKIP","floor":14.0},{"not_picked":["Machine Learning","Meteor Strike"],"picked":"Reboot","floor":16.0},{"not_picked":["Barrage+1","Steam","Rebound"],"picked":"SKIP","floor":18.0},{"not_picked":["Cold Snap+1","Meteor Strike","Redo"],"picked":"Singing Bowl","floor":23.0},{"not_picked":["Leap","Force Field"],"picked":"Double Energy+1","floor":24.0},{"not_picked":["Streamline","BootSequence","Recycle"],"picked":"Singing Bowl","floor":27.0},{"not_picked":["Chill","Go for the Eyes","Reprogram"],"picked":"Singing Bowl","floor":30.0},{"not_picked":["Skim","Tempest+1","Reprogram"],"picked":"Singing Bowl","floor":31.0},{"not_picked":["Electrodynamics+1","Thunder Strike"],"picked":"Echo Form+1","floor":33.0},{"not_picked":["FTL+1","Conserve Battery","Go for the Eyes+1"],"picked":"Singing Bowl","floor":35.0},{"not_picked":["Leap","Gash","Sunder"],"picked":"Singing Bowl","floor":38.0},{"not_picked":["Turbo+1","Barrage+1"],"picked":"Glacier","floor":39.0},{"not_picked":["Barrage+1","Melter+1","Turbo+1"],"picked":"Singing Bowl","floor":40.0},{"not_picked":["Redo","Chaos","Stack"],"picked":"Singing Bowl","floor":42.0},{"not_picked":["Cold Snap","Sunder"],"picked":"Blizzard","floor":46.0},{"not_picked":["Leap","Hello World+1","Blizzard"],"picked":"Singing Bowl","floor":46.0},{"not_picked":["Scrape","Storm+1"],"picked":"Defragment+1","floor":48.0},{"not_picked":["Reprogram","Lockon","Machine Learning+1"],"picked":"Singing Bowl","floor":55}],"player_experience":4315496,"relics_obtained":[{"floor":6.0,"key":"MawBank"},{"floor":10.0,"key":"Blue Candle"},{"floor":12.0,"key":"TungstenRod"},{"floor":14.0,"key":"Darkstone Periapt"},{"floor":23.0,"key":"Regal Pillow"},{"floor":24.0,"key":"Frozen Egg 2"},{"floor":26.0,"key":"Oddly Smooth Stone"},{"floor":27.0,"key":"Emotion Chip"},{"floor":31.0,"key":"Strawberry"},{"floor":40.0,"key":"Centennial Puzzle"},{"floor":42.0,"key":"Prayer Wheel"},{"floor":43.0,"key":"Art of War"},{"floor":48.0,"key":"Smiling Mask"},{"floor":55,"key":"Kunai"}],"event_choices":[{"damage_healed":0.0,"max_hp_gain":0.0,"max_hp_loss":0.0,"gold_gain":0.0,"event_name":"Transmorgrifier","player_choice":"Ignored","floor":4.0,"gold_loss":0.0,"damage_taken":0.0},{"damage_healed":0.0,"max_hp_gain":0.0,"max_hp_loss":0.0,"gold_gain":50.0,"event_name":"Nest","player_choice":"Stole From Cult","floor":19.0,"gold_loss":0.0,"damage_taken":0.0},{"damage_healed":0.0,"max_hp_gain":0.0,"max_hp_loss":0.0,"gold_gain":0.0,"event_name":"Vampires","player_choice":"Ignored","floor":20.0,"gold_loss":0.0,"damage_taken":0.0},{"damage_healed":0.0,"max_hp_gain":0.0,"max_hp_loss":0.0,"gold_gain":0.0,"event_name":"Ghosts","player_choice":"Ignored","floor":22.0,"gold_loss":0.0,"damage_taken":0.0},{"damage_healed":0.0,"max_hp_gain":0.0,"max_hp_loss":0.0,"gold_gain":0.0,"event_name":"Addict","player_choice":"Obtained Relic","floor":25.0,"gold_loss":85.0,"damage_taken":0.0,"relics_obtained":["PreservedInsect"]},{"damage_healed":0.0,"max_hp_gain":0.0,"max_hp_loss":0.0,"gold_gain":0.0,"event_name":"Tomb of Lord Red Mask","player_choice":"Ignored","floor":36.0,"gold_loss":0.0,"damage_taken":0.0},{"damage_healed":0.0,"max_hp_gain":0.0,"max_hp_loss":0.0,"gold_gain":0.0,"event_name":"WeMeetAgain","player_choice":"Gave Potion","floor":37.0,"gold_loss":0.0,"damage_taken":0.0,"relics_obtained":["StrikeDummy"]},{"damage_healed":0.0,"max_hp_gain":0.0,"max_hp_loss":0.0,"gold_gain":0.0,"event_name":"Match and Keep!","player_choice":"1 cards matched","floor":44.0,"gold_loss":0.0,"damage_taken":0.0,"cards_obtained":["Core Surge"]}],"is_beta":false,"boss_relics":[{"not_picked":["Astrolabe","Snecko Eye"],"picked":"Runic Pyramid"},{"not_picked":["FrozenCore","Philosopher\u0027s Stone"],"picked":"Sozu"}],"items_purged_floors":[45,54],"is_endless":false,"potions_floor_spawned":[1,5,6,14,23,24,31,33,40,46,48,55],"ascension_level":20}}