{"host":"tiwza2kisyyrpq7h","time":1608834519,"event":{"mods":["BaseMod","BetterRewards","Colored Powertips","Minty Spire (QoL Compilation)","Quick Restart","Rare Cards Sparkle","Shop Mod","StSLib","SuperFastMode","The Servant 0.9.4","óô»ðÖ¸ÄÏ"],"gold_per_floor":[114,114,127,127,11,11,39,52,52,68,96,115,115,146,146,218,218,228,228,217,232,260,291,12,40,66,66,66,92,118,168,168,247,247,267,284,54,70,1069,1094,1107,1139,1139,262,262,274,274,319,49,49,49,49,42,77,77],"floor_reached":56,"playtime":7713,"items_purged":["Normality","Injury"],"score":2635,"play_id":"84eb4f41-296a-4dc5-b68c-d455609de72b","local_time":"20201225022839","is_ascension_mode":true,"campfire_choices":[{"data":"RealityMarble","floor":6.0,"key":"SMITH"},{"data":"SilverMatrix","floor":13.0,"key":"SMITH"},{"floor":15.0,"key":"RECALL"},{"data":"BottledTime","floor":27.0,"key":"SMITH"},{"data":"RealityMarble","floor":32.0,"key":"SMITH"},{"data":"Chrysalis","floor":45,"key":"SMITH"},{"data":"BestPractice","floor":52,"key":"SMITH"}],"circlet_count":0,"master_deck":["AscendersBane","Strike_S","Strike_S","Defend_S+1","Defend_S","Defend_S","KidneyShot","Exchange","Moondial+1","TimeWarp","RealityMarble+1","Barrier","FlawlessForm","BottledTime+1","Starlight","SilverMatrix+1","InstantArmor","KillingDoll","SpecialFormula+1","BestPractice+1","Deny+1","DancingSilver","Foresight","GearUp","Potential+1","RealityMarble+1","Rearm","Rearm","LightFlow","MurderousAura","StarChef","TimeTheft","MoonPhase","Sunlight","BestPractice+1","Orbit","StarChef","BestPractice+1","Chrysalis+1","Panache","Enlightenment","StarChef","Foresight","Foresight"],"relics":["Uniform","NeowsBlessing","Lizard Tail","Oddly Smooth Stone","Torii","StoneCalendar","Red Mask","Mummified Hand","Question Card","PreservedInsect","Cursed Key","PocketWatch","Bottled Lightning","MerchantsRug","ClockworkSouvenir","HornCleat","Spirit Poop","Calipers","KneeBrace"],"acts_visited":["Exordium","TheCity","TheBeyond","TheEnding"],"potions_floor_usage":[55,55],"damage_taken":[{"damage":0.0,"enemies":"2 Louse","floor":1.0,"turns":2.0},{"damage":0.0,"enemies":"Small Slimes","floor":3.0,"turns":2.0},{"damage":0.0,"enemies":"Gremlin Nob","floor":7.0,"turns":1.0},{"damage":0.0,"enemies":"Jaw Worm","floor":8.0,"turns":4.0},{"damage":1.0,"enemies":"Blue Slaver","floor":10.0,"turns":6.0},{"damage":0.0,"enemies":"3 Sentries","floor":11.0,"turns":7.0},{"damage":0.0,"enemies":"2 Fungi Beasts","floor":12.0,"turns":3.0},{"damage":0.0,"enemies":"Gremlin Nob","floor":14.0,"turns":5.0},{"damage":0.0,"enemies":"Slime Boss","floor":16.0,"turns":8.0},{"damage":9.0,"enemies":"3 Byrds","floor":18.0,"turns":7.0},{"damage":0.0,"enemies":"2 Thieves","floor":20.0,"turns":5.0},{"damage":12.0,"enemies":"Centurion and Healer","floor":21.0,"turns":9.0},{"damage":23.0,"enemies":"Masked Bandits","floor":22.0,"turns":7.0},{"damage":34.0,"enemies":"Gremlin Leader","floor":23.0,"turns":9.0},{"damage":0.0,"enemies":"Book of Stabbing","floor":25.0,"turns":7.0},{"damage":0.0,"enemies":"Gremlin Leader","floor":29.0,"turns":7.0},{"damage":0.0,"enemies":"Champ","floor":33.0,"turns":9.0},{"damage":12.0,"enemies":"Orb Walker","floor":35.0,"turns":4.0},{"damage":25.0,"enemies":"3 Shapes","floor":36.0,"turns":4.0},{"damage":5.0,"enemies":"Spire Growth","floor":38.0,"turns":5.0},{"damage":51.0,"enemies":"Reptomancer","floor":40.0,"turns":7.0},{"damage":24.0,"enemies":"Transient","floor":41.0,"turns":5.0},{"damage":9,"enemies":"Giant Head","floor":42,"turns":5},{"damage":0,"enemies":"3 Darklings","floor":46,"turns":5},{"damage":0,"enemies":"2 Orb Walkers","floor":48,"turns":3},{"damage":18,"enemies":"Donu and Deca","floor":50,"turns":7},{"damage":0,"enemies":"Shield and Spear","floor":54,"turns":4},{"damage":0,"enemies":"The Heart","floor":55,"turns":8}],"seed_played":"4407171469337734218","potions_obtained":[{"floor":1.0,"key":"SmokeBomb"},{"floor":3.0,"key":"FairyPotion"},{"floor":8.0,"key":"Block Potion"},{"floor":12.0,"key":"BlessingOfTheForge"},{"floor":16.0,"key":"Swift Potion"},{"floor":22.0,"key":"EssenceOfSteel"},{"floor":29.0,"key":"Block Potion"},{"floor":36.0,"key":"Swift Potion"},{"floor":46,"key":"Dexterity Potion"},{"floor":54,"key":"Weak Potion"}],"is_trial":false,"path_per_floor":["M","?","M","?","$","R","E","M","T","M","E","M","R","E","R","B",null,"M","?","M","M","?","E","R","E","T","R","?","E","T","?","R","B",null,"M","M","$","M","?","E","M","E","T","$","R","M","?","?","R","B",null,"R","$","E","B",null],"character_chosen":"THE_SERVANT","items_purchased":["RealityMarble","Barrier","Mummified Hand","RealityMarble","TimeTheft","MoonPhase","Sunlight","MerchantsRug","ClockworkSouvenir","HornCleat","BestPractice","Chrysalis","Panache","Enlightenment","StarChef","Foresight"],"campfire_rested":0,"item_purchase_floors":[5,5,24,24,37,37,37,44,44,44,44,44,49,49,49,53],"current_hp_per_floor":[54,43,43,25,25,25,25,25,25,24,24,26,26,26,26,26,53,52,52,60,54,39,15,15,35,35,35,35,43,43,43,43,51,61,59,42,42,45,45,14,33,58,58,58,58,68,68,78,78,68,82,82,82,86,86],"gold":77,"neow_bonus":"THREE_ENEMY_KILL","is_daily":false,"chose_seed":false,"campfire_upgraded":6,"win_rate":0.0,"timestamp":1608834519,"path_taken":["M","?","M","?","$","R","E","?","T","M","E","M","R","E","R","BOSS","M","?","M","M","?","E","R","E","T","R","?","E","?","?","R","BOSS","M","M","$","M","?","E","M","E","T","$","R","M","?","?","R","BOSS","R","$","E","BOSS"],"items_purchased_type":["Card","Card","Relic","Card","Card","Card","Card","Relic","Relic","Relic","Card","Card","Card","Card","Card","Card"],"build_version":"2020-12-22","purchased_purges":2,"victory":true,"max_hp_per_floor":[60,60,60,60,60,60,60,60,60,60,60,62,62,62,62,62,62,62,62,62,62,62,64,64,64,64,64,64,64,64,64,64,64,64,66,66,66,66,66,66,68,82,82,82,82,84,84,86,86,86,86,86,86,86,86],"card_choices":[{"not_picked":["Revamp","Ricochet"],"picked":"Moondial","floor":1.0},{"not_picked":["Potential","Ricochet"],"picked":"TimeWarp","floor":3.0},{"not_picked":["Contraction","GearUp"],"picked":"FlawlessForm","floor":7.0},{"not_picked":["Read","Alleviate"],"picked":"BottledTime","floor":8.0},{"not_picked":["Alleviate","Defy"],"picked":"Starlight","floor":10.0},{"not_picked":["Potential","BottledTime"],"picked":"SilverMatrix","floor":11.0},{"not_picked":["Potential","Sabotage","Reset"],"picked":"Singing Bowl","floor":12.0},{"not_picked":["Defy","Alleviate"],"picked":"InstantArmor","floor":14.0},{"not_picked":["Deny","Sunlight"],"picked":"KillingDoll","floor":16.0},{"not_picked":["FanOfKnives","WasteNot"],"picked":"DancingSilver","floor":18.0},{"not_picked":["FastForward","InstantArmor"],"picked":"Foresight","floor":20.0},{"not_picked":["TimeWarp+1","ReturningBlade"],"picked":"GearUp","floor":21.0},{"not_picked":["Collapse","TimeWarp+1"],"picked":"Potential+1","floor":22.0},{"not_picked":["Misdirection","Revamp","Rewind"],"picked":"Singing Bowl","floor":23.0},{"not_picked":["Spin","Starlight"],"picked":"Rearm","floor":25.0},{"not_picked":["Ricochet","Contraction"],"picked":"LightFlow","floor":29.0},{"not_picked":["Duplication","TrueSight","Dilation"],"picked":"MurderousAura","floor":33.0},{"not_picked":["Defy","TimeWarp","Moonlight","Rewind"],"picked":"Singing Bowl","floor":35.0},{"not_picked":["SpecialFormula+1","DualDimension","BottledTime"],"picked":"StarChef","floor":36.0},{"not_picked":["Moonlight+1","Replace","Rearm"],"picked":"BestPractice+1","floor":38.0},{"not_picked":["Desolation+1","Advance","Potential"],"picked":"Orbit","floor":40.0},{"not_picked":["Rearm","Unruled+1","Manipulate","Revamp"],"picked":"Singing Bowl","floor":41.0},{"not_picked":["MurderousAura","TimeTheft+1","BottledTime+1"],"picked":"StarChef","floor":42},{"not_picked":["Starlight+1","FastForward","Revamp","DancingSilver"],"picked":"Singing Bowl","floor":46},{"not_picked":["Alleviate","FastForward+1","Comet+1","Revamp"],"picked":"Singing Bowl","floor":48},{"not_picked":["TrueSight","Contraction","Defy"],"picked":"Foresight","floor":54}],"player_experience":881289,"relics_obtained":[{"floor":7.0,"key":"Oddly Smooth Stone"},{"floor":9.0,"key":"Torii"},{"floor":11.0,"key":"Singing Bowl"},{"floor":14.0,"key":"StoneCalendar"},{"floor":22.0,"key":"Red Mask"},{"floor":23.0,"key":"Meat on the Bone"},{"floor":25.0,"key":"Juzu Bracelet"},{"floor":29.0,"key":"Question Card"},{"floor":30.0,"key":"PreservedInsect"},{"floor":40.0,"key":"PocketWatch"},{"floor":42,"key":"Mango"},{"floor":43,"key":"Bottled Lightning"},{"floor":48,"key":"Calipers"},{"floor":54,"key":"KneeBrace"}],"event_choices":[{"damage_healed":0.0,"max_hp_gain":0.0,"max_hp_loss":0.0,"gold_gain":0.0,"event_name":"Scrap Ooze","player_choice":"Success","floor":2.0,"gold_loss":0.0,"damage_taken":11.0,"relics_obtained":["Lizard Tail"]},{"damage_healed":0.0,"max_hp_gain":0.0,"max_hp_loss":0.0,"gold_gain":0.0,"event_name":"Shining Light","player_choice":"Entered Light","floor":4.0,"gold_loss":0.0,"damage_taken":18.0,"cards_upgraded":["Defend_S","Moondial"]},{"damage_healed":0.0,"max_hp_gain":0.0,"max_hp_loss":0.0,"gold_gain":0.0,"event_name":"Ghosts","player_choice":"Ignored","floor":19.0,"gold_loss":0.0,"damage_taken":0.0},{"damage_healed":0.0,"max_hp_gain":0.0,"max_hp_loss":0.0,"gold_gain":0.0,"event_name":"Masked Bandits","player_choice":"Fought Bandits","floor":22.0,"gold_loss":0.0,"damage_taken":0.0},{"damage_healed":0.0,"max_hp_gain":0.0,"max_hp_loss":0.0,"gold_gain":0.0,"event_name":"The Library","player_choice":"Read","floor":28.0,"gold_loss":0.0,"damage_taken":0.0,"cards_obtained":["Rearm"]},{"damage_healed":0.0,"max_hp_gain":0.0,"max_hp_loss":0.0,"gold_gain":50.0,"event_name":"Nest","player_choice":"Stole From Cult","floor":31.0,"gold_loss":0.0,"damage_taken":0.0},{"damage_healed":0.0,"max_hp_gain":0.0,"max_hp_loss":0.0,"gold_gain":999.0,"event_name":"MindBloom","player_choice":"Gold","floor":39.0,"gold_loss":0.0,"damage_taken":0.0,"cards_obtained":["Normality","Normality"]},{"cards_removed":["Normality"],"damage_healed":0,"gold_gain":0,"player_choice":"Offered Curse","damage_taken":0,"relics_obtained":["Spirit Poop"],"max_hp_gain":0,"max_hp_loss":0,"event_name":"Bonfire Elementals","floor":47,"gold_loss":0},{"damage_healed":0,"gold_gain":0,"player_choice":"Fight","damage_taken":0,"max_hp_gain":0,"max_hp_loss":0,"event_name":"Mysterious Sphere","floor":48,"gold_loss":0}],"is_beta":false,"boss_relics":[{"not_picked":["Ectoplasm","Velvet Choker"],"picked":"Astrolabe"},{"not_picked":["SplendidAttire","Snecko Eye"],"picked":"Cursed Key"}],"items_purged_floors":[44,49],"is_endless":false,"potions_floor_spawned":[1,3,8,12,16,18,22,23,29,36,46,54],"ascension_level":15}}