{"host":"unahupgi85cj6bxp","time":1608808112,"event":{"mods":["Act Like it!","Aspiration","BaseMod","Card Forge","Conspire","Downfall","Energized Spire","Hubris","Infinite Spire","Minty Spire (QoL Compilation)","Replay The Spire","StSLib","The Animator"],"gold_per_floor":[99,109,125,138,138,173,173,186,197,230,230,230,262,278,297,392,392,167,182,197,197,210,27,27,27,27,55,55,88,88,115,131,229,179,179,194,194,194,211,211,211,211],"floor_reached":40,"playtime":4532,"items_purged":[],"score":646,"play_id":"b0573142-bb0b-464a-9ef3-841947269c57","local_time":"20201224030832","is_ascension_mode":true,"campfire_choices":[{"floor":1,"key":"RECALL"},{"data":"Guardian:Planning","floor":18,"key":"SMITH"}],"circlet_count":0,"master_deck":["Guardian:Strike_Guardian+1","Guardian:Defend_Guardian+1","Guardian:Defend_Guardian+1","Guardian:Defend_Guardian+1","Guardian:Defend_Guardian+1","Guardian:CurlUp+1","Guardian:TwinSlam+1","expansioncontent:SuperHexaguard+1","Guardian:EvasiveProtocol+1","Guardian:FloatingOrbs+1","Guardian:BronzeOrb+1","Guardian:BronzeOrb+1","Guardian:Orbwalk+1","Guardian:DonusPower+1","Guardian:Planning+1","Guardian:RollAttack+1","infinitespire:Punishment+1","infinitespire:Gouge+1","Replay:Fractal Strike+1","Guardian:TemporalStrike+1","Guardian:TimeCapacitor+1","Guardian:TemporalShield+1","Guardian:TimeBomb+1","Guardian:VentSteam+1","Guardian:TimeBomb+1","Guardian:TimeSifter+1","Guardian:Strike_Guardian+1","Guardian:HyperBeam_Guardian+1","Guardian:TemporalShield+1","Die Die Die","Unload","Grand Finale","Pain","Guardian:Suspension+1"],"relics":["Guardian:ModeShifter","Hammer of Thor","Seething Fire","Anvil of the Gods","aspiration:ArtOfWarUpgrade","ReplayTheSpireMod:TigerMarble","downfall:BrokenWingStatue","Lantern","Philosopher\u0027s Stone","downfall:HeartBlessingRed","downfall:HeartBlessingGreen","downfall:HeartBlessingBlue","Calipers","SlaversCollar","Potion Belt","hubris:Towel","downfall:RedIOU","Guardian:PickAxe","Nilry\u0027s Codex","Blood Vial","energizedSpire:HugeHouse"],"acts_visited":["Exordium","TheCity","TheBeyond"],"potions_floor_usage":[16,33,33,40],"damage_taken":[{"damage":0,"enemies":"Small Slimes","floor":2,"turns":3},{"damage":0,"enemies":"Cultist","floor":3,"turns":3},{"damage":0,"enemies":"2 Louse","floor":4,"turns":3},{"damage":14,"enemies":"3 Sentries","floor":6,"turns":8},{"damage":0,"enemies":"Blue Slaver","floor":8,"turns":3},{"damage":0,"enemies":"2 Fungi Beasts","floor":9,"turns":3},{"damage":2,"enemies":"Lagavulin","floor":10,"turns":6},{"damage":20,"enemies":"3 Sentries","floor":13,"turns":6},{"damage":0,"enemies":"3 Louse","floor":14,"turns":3},{"damage":0,"enemies":"Blue Slaver","floor":15,"turns":3},{"damage":0,"enemies":"downfall:Watcher","floor":16,"turns":6},{"damage":2,"enemies":"Spheric Guardian","floor":19,"turns":3},{"damage":0,"enemies":"3 Byrds","floor":20,"turns":4},{"damage":0,"enemies":"Centurion and Healer","floor":22,"turns":3},{"damage":0,"enemies":"downfall:FleeingMerchant","floor":23,"turns":4},{"damage":0,"enemies":"Gremlin Leader","floor":27,"turns":4},{"damage":14,"enemies":"Nightmare","floor":29,"turns":5},{"damage":0,"enemies":"Gremlin Leader","floor":31,"turns":4},{"damage":0,"enemies":"Shelled Parasite and Fungi","floor":32,"turns":1},{"damage":8,"enemies":"downfall:Ironclad","floor":33,"turns":4},{"damage":0,"enemies":"3 Shapes","floor":36,"turns":3},{"damage":0,"enemies":"Orb Walker","floor":39,"turns":3},{"damage":12,"enemies":"infinitespire:Three Voidlings","floor":40,"turns":3},{"damage":101,"enemies":"Nightmare_Alpha","floor":40,"turns":9}],"seed_played":"4468680797522477274","potions_obtained":[{"floor":2,"key":"Venom Potion"},{"floor":8,"key":"Fire Potion"},{"floor":9,"key":"BlessingOfTheForge"},{"floor":13,"key":"Swift Potion"},{"floor":22,"key":"Explosive Potion"},{"floor":27,"key":"LiquidMemories"},{"floor":31,"key":"Weak Potion"},{"floor":39,"key":"Ancient Potion"}],"is_trial":false,"path_per_floor":["R","M","M","M","?","E","T","M","M","E","?","?","E","M","M","B",null,"R","M","M","AVR","M","$","T","R","?","E","?","NM","?","E","M","B",null,"R","M","?","?","M","?"],"character_chosen":"GUARDIAN","items_purchased":["Guardian:Gem_Lightblue","Guardian:TimeCapacitor","Guardian:TemporalShield"],"campfire_rested":0,"item_purchase_floors":[23,23,23],"current_hp_per_floor":[80,80,80,80,80,66,66,66,66,64,64,64,44,45,45,45,81,91,89,89,89,89,89,89,89,89,89,89,76,60,60,62,56,87,87,87,87,100,100,0,0,0],"gold":211,"neow_bonus":"RANDOM_COLORLESS","is_daily":false,"chose_seed":false,"campfire_upgraded":1,"win_rate":0.0,"timestamp":1608808112,"path_taken":["R","M","M","M","?","E","T","M","?","E","?","?","E","M","M","BOSS","R","M","M","AVR","M","$","T","R","?","E","?","NM","?","E","M","BOSS","R","M","?","?","M","?"],"items_purchased_type":["Card","Card","Card"],"build_version":"2020-12-22","purchased_purges":0,"victory":false,"max_hp_per_floor":[80,80,80,80,80,80,80,80,80,80,80,80,80,81,81,81,81,91,91,91,91,91,91,91,91,91,91,91,92,92,92,92,92,87,87,87,87,100,100,100,100,100],"card_choices":[{"not_picked":["Panacea","expansioncontent:GoopSpray"],"picked":"expansioncontent:SuperHexaguard","floor":0},{"not_picked":["Guardian:TemporalShield","Guardian:PiercingHide"],"picked":"Guardian:EvasiveProtocol","floor":2},{"not_picked":["Guardian:Gem_Cyan","Guardian:Reroute"],"picked":"Guardian:Gem_Lightblue","floor":3},{"not_picked":["Guardian:Repulse","Guardian:Gem_Crimson"],"picked":"Guardian:FloatingOrbs","floor":4},{"not_picked":["Guardian:Suspension","Guardian:EvasiveProtocol"],"picked":"Guardian:BronzeOrb","floor":6},{"not_picked":["Guardian:Suspension","Guardian:Gem_Green"],"picked":"Guardian:BronzeOrb","floor":8},{"not_picked":["Guardian:ShieldSpikes","Guardian:PrismaticBeam"],"picked":"Guardian:BronzeOrb","floor":9},{"not_picked":["Guardian:CrystalBeam","Guardian:FloatingOrbs"],"picked":"Guardian:Orbwalk","floor":10},{"not_picked":["Guardian:Recover","Guardian:Gem_Red"],"picked":"Guardian:DonusPower","floor":13},{"not_picked":["Guardian:TemporalShield","Guardian:Reroute"],"picked":"Guardian:Planning","floor":14},{"not_picked":["Guardian:PiercingHide","Guardian:Emergency"],"picked":"Guardian:Gem_Red","floor":15},{"not_picked":["Guardian:StasisField","Guardian:ConstructionForm"],"picked":"Guardian:Gem_Orange","floor":16},{"not_picked":["Guardian:PrismaticBarrier","Guardian:VentSteam"],"picked":"Guardian:RollAttack","floor":19},{"not_picked":["Guardian:Gem_Green","Guardian:WalkerClaw"],"picked":"Guardian:Gem_Red","floor":20},{"not_picked":["Guardian:Harden","Guardian:Planning"],"picked":"Guardian:TemporalStrike","floor":22},{"not_picked":["Guardian:EvasiveProtocol+1","Guardian:BaubleBeam"],"picked":"Guardian:Gem_White","floor":23},{"not_picked":["Guardian:EvasiveProtocol+1","Guardian:ConstructionForm"],"picked":"Guardian:TimeBomb","floor":27},{"not_picked":["Guardian:Gem_Cyan","Guardian:ChargeCore"],"picked":"Guardian:VentSteam","floor":29},{"not_picked":["Guardian:ShieldCharger","Guardian:Suspension"],"picked":"Guardian:TimeBomb","floor":31},{"not_picked":["Guardian:ShieldSpikes","Guardian:Harden"],"picked":"Guardian:Gem_Fragmented","floor":32},{"not_picked":["Guardian:StasisField","Guardian:FastForward"],"picked":"Guardian:TimeSifter","floor":33},{"not_picked":["Guardian:Emergency+1","Guardian:Recover+1"],"picked":"Guardian:TemporalShield","floor":36},{"not_picked":["Guardian:Gem_Cyan","Guardian:PrimingBeam"],"picked":"Guardian:Suspension+1","floor":39}],"player_experience":795040,"relics_obtained":[{"floor":6,"key":"Art of War"},{"floor":10,"key":"ReplayTheSpireMod:TigerMarble"},{"floor":13,"key":"Lantern"},{"floor":24,"key":"Potion Belt"},{"floor":27,"key":"hubris:ToyBattleship"},{"floor":29,"key":"Guardian:PickAxe"},{"floor":30,"key":"Nilry\u0027s Codex"},{"floor":31,"key":"Blood Vial"}],"event_choices":[],"is_beta":false,"boss_relics":[{"not_picked":["ChewingGum","hubris:ScarierMask"],"picked":"Philosopher\u0027s Stone"},{"not_picked":["hubris:VirtuousBlindfold","Empty Cage"],"picked":"energizedSpire:HugeHouse"}],"items_purged_floors":[],"is_endless":false,"potions_floor_spawned":[2,8,9,13,14,22,27,31,32,39,40],"killed_by":"Nightmare_Alpha","ascension_level":1}}