{"host":"htqwg582tjjtn9p7","time":1608840136,"event":{"mods":["2.2 Compatiblity","AchievementEnabler","Act Like it!","Aspiration","BaseMod","Better Third Choice","Colored Map","Conspire","Curses Come First","Displayed Cursed Tome","Energized Spire","Force Act Four","GifTheSpireLib","Hermit","Highlight Path","JesterMod","Mad Scientist","Minty Spire (QoL Compilation)","Pale of the Ancients","Permanent Neow","Random Character Button","Relic Stats","Replay The Spire","Robot Space Explorer","Somnambulant","Spicy Shops","Spikes Relics","StSLib","Stuff the Spire","The Blue Laboratory","The Disciple","The Dragon Tamer","The Forsaken","The Gatherer","The Judge","The Jungle","The Marked","The Runesmith","The Servant 0.9.4"],"gold_per_floor":[117,128,3,15,32,61,61,80,80,80,39,52,52,79,79,176,176,187,204,104,203,203,233,233,233,233,248,248,278,288,301,301,402,402,416,135,149,161,161,161,187,204,256,271,271,284,284,331,331,331,343,354,354,113,113,113,113,113,113,113,113],"floor_reached":60,"playtime":2639,"items_purged":["Overencumbered","Amnesia","Amnesia"],"score":976,"play_id":"6859d75d-78fc-4737-a06b-ad54b2a0babb","local_time":"20201224210216","is_ascension_mode":true,"campfire_choices":[{"data":"theMarked:EternalStudent","floor":7,"key":"SMITH"},{"floor":10,"key":"REST"},{"floor":13,"key":"REST"},{"floor":15,"key":"REST"},{"floor":24,"key":"REST"},{"floor":28,"key":"REST"},{"floor":32,"key":"REST"},{"floor":40,"key":"REST"},{"floor":45,"key":"REST"},{"floor":47,"key":"REST"},{"floor":49,"key":"REST"},{"floor":55,"key":"REST"},{"data":"theMarked:Panic","floor":57,"key":"SMITH"}],"circlet_count":0,"master_deck":["theMarked:Defend+1","theMarked:Defend+1","theMarked:Defend+1","theMarked:Defend+1","theMarked:SoldierOfQuellstein","theMarked:EternalStudent+1","theMarked:ResourceFulStrike+1","theMarked:Improvise","theMarked:Panic+1","theMarked:SwordAndMagic+1","theMarked:Levitate","theMarked:SwordAndMagic+1","theMarked:Overcharge+1","theMarked:Indomitable+1","theMarked:Panic+1","theMarked:EmpowerWeapon+1","theMarked:EternalStudent","theMarked:HeightenedSenses+1","StuffTheSpire:Perfection","theMarked:Improvise+1"],"relics":["theMarked:ArtifactOfAir","aspiration:StickyExplosives_weak","Replay:Bottled Eggs","betterThird:SlimedRelic","ReplayFunnel","Kintsugi","Ancient Tea Set","Omamori","ChewingGum","StuffTheSpire:BottledEssence","Mirror","Replay:Baseball","paleoftheancients:Timepiece","paleoftheancients:KeyRelic","Gremlin Horn","CultistMask","paleoftheancients:SoulOfTheCollector","StuffTheSpire:Tea","BranchBurnRelic"],"acts_visited":["Exordium","TheCity","TheBeyond","TheBeyond"],"potions_floor_usage":[2,5,16,18,19,31,33,38,52,52],"damage_taken":[{"damage":1,"enemies":"Cultist","floor":1,"turns":3},{"damage":0,"enemies":"2 Louse","floor":2,"turns":1},{"damage":0,"enemies":"Small Slimes","floor":4,"turns":3},{"damage":8,"enemies":"Exordium Wildlife","floor":5,"turns":4},{"damage":16,"enemies":"3 Sentries","floor":6,"turns":8},{"damage":9,"enemies":"Blue Slaver","floor":8,"turns":4},{"damage":0,"enemies":"3 Louse","floor":12,"turns":3},{"damage":23,"enemies":"Lagavulin","floor":14,"turns":6},{"damage":24,"enemies":"The Guardian","floor":16,"turns":16},{"damage":28,"enemies":"3 Byrds","floor":18,"turns":9},{"damage":7,"enemies":"Spheric Guardian","floor":19,"turns":4},{"damage":16,"enemies":"Gremlin Leader","floor":23,"turns":9},{"damage":0,"enemies":"3 Cultists","floor":27,"turns":2},{"damage":11,"enemies":"Slavers","floor":29,"turns":5},{"damage":0,"enemies":"Chosen and Byrds","floor":30,"turns":3},{"damage":17,"enemies":"Sentry and Sphere","floor":31,"turns":4},{"damage":34,"enemies":"Pondfish","floor":33,"turns":7},{"damage":0,"enemies":"3 Darklings","floor":35,"turns":3},{"damage":0,"enemies":"Orb Walker","floor":37,"turns":3},{"damage":5,"enemies":"4 Shapes","floor":38,"turns":5},{"damage":62,"enemies":"Nemesis","floor":41,"turns":5},{"damage":0,"enemies":"Jaw Worm Horde","floor":42,"turns":2},{"damage":0,"enemies":"Transient","floor":44,"turns":5},{"damage":1,"enemies":"3 Darklings","floor":46,"turns":3},{"damage":25,"enemies":"2 Orb Walkers","floor":48,"turns":3},{"damage":1,"enemies":"Replay:Hell Engine","floor":50,"turns":4},{"damage":8,"enemies":"Replay:Hell Engine","floor":51,"turns":7},{"damage":55,"enemies":"Replay:Hell Engine","floor":52,"turns":5},{"damage":80,"enemies":"Replay:Hell Engine","floor":56,"turns":4},{"damage":83,"enemies":"paleoftheancients:N","floor":60,"turns":4}],"seed_played":"8651962361710689920","potions_obtained":[{"floor":1,"key":"Explosive Potion"},{"floor":4,"key":"Venom Potion"},{"floor":6,"key":"blueLaboratory:PolymorphPotion"},{"floor":18,"key":"blueLaboratory:HummingbirdPotion"},{"floor":27,"key":"blueLaboratory:BubblePotion"},{"floor":30,"key":"Strength Potion"},{"floor":37,"key":"GamblersBrew"},{"floor":42,"key":"Energy Potion"},{"floor":44,"key":"blueLaboratory:BottleOfVodka"},{"floor":46,"key":"blueLaboratory:BottleOfRum"},{"floor":52,"key":"blueLaboratory:AbyssPotion"}],"is_trial":false,"path_per_floor":["M","M","$","M","M","E","R","M","T","R","?","M","R","E","R_BF","B",null,"M","M","$","?","?","E","R","?","T","M","R","E","M","M","R","B",null,"M","$","M","M","?","R","E","M","T","M","R","M","R","?","R","B","M","M","?","$","R","M","R","T","?","B"],"character_chosen":"THE_DEFAULT","items_purchased":["blueLaboratory:FruitPunch","StuffTheSpire:BottledEssence","StuffTheSpire:Tea"],"campfire_rested":11,"item_purchase_floors":[3,36,54],"current_hp_per_floor":[69,69,69,69,63,47,47,38,38,59,48,48,69,46,67,43,72,44,37,37,37,37,21,42,42,42,42,63,52,52,35,56,22,72,72,72,72,67,67,72,10,10,10,10,31,30,51,26,47,72,68,43,43,43,64,72,72,72,72,0,0],"gold":113,"neow_bonus":"THREE_RARE_CARDS","is_daily":false,"chose_seed":false,"campfire_upgraded":2,"win_rate":0.0,"timestamp":1608840136,"path_taken":["M","M","$","M","?","E","R","M","T","R","?","M","R","E","R_BF","BOSS","M","M","$","?","?","E","R","?","T","?","R","E","M","M","R","BOSS","M","$","M","M","?","R","E","M","T","M","R","M","R","?","R","BOSS","M","M","?","$","R","M","R","T","?","BOSS"],"items_purchased_type":["Potion","Relic","Relic"],"build_version":"2020-12-22","purchased_purges":3,"victory":false,"max_hp_per_floor":[70,70,70,70,72,72,72,72,72,72,72,72,72,72,72,72,72,72,72,72,72,72,72,72,72,72,72,72,72,72,72,72,72,72,72,72,72,72,72,72,72,72,72,72,72,72,72,72,72,72,72,72,72,72,72,72,72,72,72,72,72],"relic_stats":{"Gremlin Horn":[18,18],"counters":[30,141],"obtain_stats":[{"ReplayFunnel":14,"paleoftheancients:KeyRelic":50,"Gremlin Horn":50,"Dead Branch":48,"StuffTheSpire:BottledEssence":36,"Omamori":26,"Ancient Tea Set":23,"aspiration:StickyExplosives_weak":6,"paleoftheancients:Timepiece":50,"theMarked:ArtifactOfAir":0,"BranchBurnRelic":57,"Replay:Baseball":43,"betterThird:SlimedRelic":11,"MealTicket":29,"ChewingGum":34,"CultistMask":50,"Replay:Bottled Eggs":9,"Kintsugi":17,"paleoftheancients:SoulOfTheCollector":51,"Mirror":41,"StuffTheSpire:Tea":54},{"ReplayFunnel":8,"paleoftheancients:KeyRelic":26,"Gremlin Horn":26,"Dead Branch":25,"StuffTheSpire:BottledEssence":18,"Omamori":12,"Ancient Tea Set":12,"aspiration:StickyExplosives_weak":5,"paleoftheancients:Timepiece":26,"theMarked:ArtifactOfAir":0,"BranchBurnRelic":29,"Replay:Baseball":22,"betterThird:SlimedRelic":6,"MealTicket":14,"ChewingGum":17,"CultistMask":26,"Replay:Bottled Eggs":6,"Kintsugi":9,"paleoftheancients:SoulOfTheCollector":27,"Mirror":21,"StuffTheSpire:Tea":28},{"ReplayFunnel":31,"paleoftheancients:KeyRelic":122,"Gremlin Horn":122,"Dead Branch":119,"StuffTheSpire:BottledEssence":93,"Omamori":69,"Ancient Tea Set":69,"aspiration:StickyExplosives_weak":19,"paleoftheancients:Timepiece":122,"theMarked:ArtifactOfAir":0,"BranchBurnRelic":137,"Replay:Baseball":108,"betterThird:SlimedRelic":22,"MealTicket":76,"ChewingGum":90,"CultistMask":122,"Replay:Bottled Eggs":22,"Kintsugi":47,"paleoftheancients:SoulOfTheCollector":129,"Mirror":106,"StuffTheSpire:Tea":134}]},"card_choices":[{"not_picked":["theMarked:SoldierForm","theMarked:TakeOffHeels"],"picked":"theMarked:EternalStudent","floor":0},{"not_picked":["theMarked:Generate","theMarked:Frustration"],"picked":"theMarked:ResourceFulStrike","floor":1},{"not_picked":["theMarked:KeepCalmAndFightOn","theMarked:RepellingDischarge"],"picked":"theMarked:Improvise","floor":2},{"not_picked":["theMarked:WastefulAttack","theMarked:HeritageOfTheMarked"],"picked":"theMarked:Panic","floor":4},{"not_picked":["theMarked:BanishingStrike","theMarked:TwofoldDefense","theMarked:ElectricStrings"],"picked":"SKIP","floor":5},{"not_picked":["theMarked:Convert","theMarked:HeritageOfTheMarked","theMarked:DispelDoubt"],"picked":"SKIP","floor":6},{"not_picked":["theMarked:RogueSparks","theMarked:RepellingDischarge"],"picked":"theMarked:SwordAndMagic","floor":8},{"not_picked":["theMarked:Parkour","theMarked:BanishingStrike","theMarked:ChainLightning"],"picked":"SKIP","floor":12},{"not_picked":["theMarked:RogueSparks","theMarked:Generate","theMarked:ResourceFulStrike"],"picked":"SKIP","floor":14},{"not_picked":["theMarked:Challenge","theMarked:DispelDoubt"],"picked":"theMarked:Levitate","floor":16},{"not_picked":["theMarked:StartUp+1","theMarked:ChainLightning+1"],"picked":"theMarked:SwordAndMagic","floor":18},{"not_picked":["theMarked:MysticalArsenal","theMarked:SwordAndMagic","theMarked:Overthink+1"],"picked":"SKIP","floor":19},{"not_picked":["theMarked:Aftermath","theMarked:Frustration"],"picked":"theMarked:Overcharge","floor":23},{"not_picked":["theMarked:EnhancedHearing+1","theMarked:ChainLightning"],"picked":"theMarked:Indomitable+1","floor":27},{"not_picked":["theMarked:WastefulAttack+1","theMarked:ElectricStrings"],"picked":"theMarked:Panic","floor":29},{"not_picked":["theMarked:Static","theMarked:Electrocute+1","theMarked:Convert"],"picked":"SKIP","floor":30},{"not_picked":["theMarked:Parkour+1","theMarked:ShockingTouch+1"],"picked":"theMarked:EmpowerWeapon","floor":31},{"not_picked":["theMarked:Levitate","theMarked:SuspiciousRaven"],"picked":"theMarked:EternalStudent","floor":33},{"not_picked":["theMarked:MysticalArsenal","theMarked:WardOff+1"],"picked":"theMarked:HeightenedSenses+1","floor":35},{"not_picked":["theMarked:Convert","theMarked:Generate+1","theMarked:BanishingStrike"],"picked":"SKIP","floor":37},{"not_picked":["theMarked:ReduceFriction+1","theMarked:EmpowerWeapon","theMarked:RepellingDischarge"],"picked":"SKIP","floor":38},{"not_picked":["StuffTheSpire:Harmony","StuffTheSpire:BrainWave"],"picked":"StuffTheSpire:Perfection","floor":39},{"not_picked":["theMarked:EnhancedHearing+1","theMarked:Static","theMarked:BanishingStrike+1"],"picked":"SKIP","floor":41},{"not_picked":["theMarked:Parkour+1","theMarked:ChannelForce"],"picked":"theMarked:Improvise+1","floor":42},{"not_picked":["theMarked:Aftermath+1","theMarked:Improvise","theMarked:Overthink"],"picked":"SKIP","floor":44},{"not_picked":["theMarked:EmpowerWeapon","theMarked:BanishingStrike+1","theMarked:SelfDefenseTraining+1"],"picked":"SKIP","floor":46},{"not_picked":["theMarked:KeepCalmAndFightOn","theMarked:TunnelVision","theMarked:ParalyzingBlade"],"picked":"SKIP","floor":51},{"not_picked":["theMarked:ContemptForTheProud","theMarked:Improvise+1","theMarked:ShockingTouch+1"],"picked":"SKIP","floor":52}],"player_experience":1770529,"relics_obtained":[{"floor":6,"key":"aspiration:StickyExplosives_weak"},{"floor":9,"key":"Replay:Bottled Eggs"},{"floor":14,"key":"ReplayFunnel"},{"floor":23,"key":"Ancient Tea Set"},{"floor":26,"key":"Omamori"},{"floor":29,"key":"MealTicket"},{"floor":41,"key":"Mirror"},{"floor":43,"key":"Replay:Baseball"},{"floor":48,"key":"Dead Branch"},{"floor":51,"key":"paleoftheancients:SoulOfTheCollector"}],"event_choices":[{"damage_healed":0,"gold_gain":0,"player_choice":"Slimed","damage_taken":11,"max_hp_gain":0,"max_hp_loss":0,"event_name":"betterThird:BetterGoop","floor":11,"gold_loss":41},{"damage_healed":0,"gold_gain":99,"player_choice":"Steal","damage_taken":0,"max_hp_gain":0,"max_hp_loss":0,"event_name":"betterThird:BetterNest","floor":21,"gold_loss":0},{"damage_healed":0,"gold_gain":0,"player_choice":"Leave","damage_taken":0,"max_hp_gain":0,"max_hp_loss":0,"event_name":"conspire:Investor","floor":25,"gold_loss":0},{"damage_healed":0,"gold_gain":0,"player_choice":"Fight","damage_taken":0,"max_hp_gain":0,"max_hp_loss":0,"event_name":"Mysterious Sphere","floor":48,"gold_loss":0}],"is_beta":false,"boss_relics":[{"not_picked":["SacredBark","Painkiller Herb"],"picked":"Kintsugi"},{"not_picked":["aspiration:PoetsPen_weak","energizedSpire:EnergizedDie"],"picked":"ChewingGum"}],"items_purged_floors":[3,20,36],"is_endless":false,"potions_floor_spawned":[1,4,6,18,27,30,37,42,44,46,51,52],"killed_by":"paleoftheancients:N","ascension_level":2}}