{"host":"9nt1zhl3k8mtcf72","time":1608801010,"event":{"mods":["Aspiration","BaseMod","BetterRewards","Conjunction","Conspire","Downfall","Energized Spire","Friendly Minions","GifTheSpireLib","Halation","Hubris","Infinite Spire","Jedi Mod","Mimic Mod","Minty Spire (QoL Compilation)","RatMod","Replay The Spire","Spikes Relics","StSLib","Stuff the Spire","Trackpad","Useless Jewels Mod","Wandering Minibosses","vexMod"],"gold_per_floor":[99,99,47,47,47,47,47,73,92,106,106,121,46,57,76,181,181,106,121,56,75,93,78,78,90,90,15,42,42,55,86,100,201,201,201,218,238,249,269,280,304,404,422,435,435,435,435,435,460,565,565,565,565,565],"floor_reached":52,"playtime":2695,"items_purged":[],"score":805,"play_id":"aa8083ad-e6ac-4b0d-83dc-463154f307ae","local_time":"20201224041010","is_ascension_mode":false,"campfire_choices":[{"floor":1,"key":"RECALL"},{"data":"hexamod:NightmareStrike","floor":6,"key":"SMITH"},{"data":"hexamod:CrushingStance","floor":13,"key":"SMITH"},{"data":"hexamod:NightmareStrike","floor":18,"key":"SMITH"},{"data":"hexamod:NightmareStrike","floor":27,"key":"SMITH"}],"circlet_count":0,"master_deck":["hexamod:Strike","hexamod:Strike","hexamod:Strike","hexamod:Strike+1","hexamod:Defend","hexamod:Defend+1","hexamod:Defend","hexamod:Defend","hexamod:Sear","hexamod:Float+1","Amnesia","hexamod:PowerFromBeyond","hexamod:GhostLash+1","hexamod:NightmareStrike+1","hexamod:Hexaguard","hexamod:SpectersWail","hexamod:CrushingStance+1","hexamod:GhostLash","hexamod:NightmareStrike+1","hexamod:SixthSeal","hexamod:RainOfEmbers+1","hexamod:GhostLash","hexamod:NightmareGuise","hexamod:ExtraCrispy+1","hexamod:PhantomFireball","hexamod:NightmareStrike+1","hexamod:SpectersWail+1","hexamod:SpectersWail","hexamod:RecurringNightmare","hexamod:SpectersWail+1","hexamod:ThirdSeal","hexamod:SpectersWail+1","hexamod:VolcanoVisage","hexamod:UnleashSpirits","hexamod:NightmareStrike+1","hexamod:FourthSeal","hexamod:NightmareGuise+1","hexamod:PowerFromBeyond","hexamod:EtherealExpedition+1","hexamod:BurningTouch","hexamod:FlamesFromBeyond+1","hexamod:SpectersWail+1","ReplayTheSpireMod:Book of Names","hexamod:SpectralSpark+1","hexamod:EtherealExpedition","hexamod:NecessarySacrifice+1","hexamod:FifthSeal"],"relics":["hexamod:SpiritBrand","downfall:HeartsMalice","Ring of Misfortune","Ring of Peace","trackpad:PetRock","trackpad:AdjectivePendant","downfall:HeartBlessingRed","energizedSpire:DeadBattery","downfall:HeartBlessingGreen","downfall:HeartBlessingBlue","RollingBoulder","aspiration:ArtOfWarUpgrade","LugNut","Replay:Grab Bag","vexMod:CursedCompass","energizedSpire:EnergizedDie","conspire:SpecialSausage","Sandwich","Bag of Marbles","White Beast Statue","StuffTheSpire:Experiment12","CeramicFish","Cursed Key"],"acts_visited":["Exordium","TheCity","TheBeyond","Exordium"],"potions_floor_usage":[16,16,33,50,50,50],"damage_taken":[{"damage":0,"enemies":"downfall:FleeingMerchant","floor":3,"turns":1},{"damage":0,"enemies":"2 Louse","floor":4,"turns":1},{"damage":0,"enemies":"Small Slimes","floor":5,"turns":1},{"damage":0,"enemies":"Gremlin Nob","floor":8,"turns":4},{"damage":0,"enemies":"Cultist","floor":9,"turns":3},{"damage":0,"enemies":"Red Slaver","floor":10,"turns":3},{"damage":0,"enemies":"2 Fungi Beasts","floor":12,"turns":3},{"damage":0,"enemies":"Blue Slaver","floor":14,"turns":2},{"damage":0,"enemies":"Gremlin Gang","floor":15,"turns":3},{"damage":48,"enemies":"downfall:Defect","floor":16,"turns":6},{"damage":10,"enemies":"Spheric Guardian","floor":19,"turns":4},{"damage":4,"enemies":"downfall:FleeingMerchant","floor":20,"turns":4},{"damage":1,"enemies":"Snake Plant","floor":21,"turns":4},{"damage":0,"enemies":"Centurion and Healer","floor":22,"turns":4},{"damage":2,"enemies":"downfall:FleeingMerchant","floor":23,"turns":4},{"damage":0,"enemies":"Cultist and Chosen","floor":25,"turns":6},{"damage":20,"enemies":"Slavers","floor":28,"turns":5},{"damage":0,"enemies":"Snake Plant","floor":30,"turns":3},{"damage":0,"enemies":"Gremlin Leader","floor":31,"turns":7},{"damage":0,"enemies":"Snecko","floor":32,"turns":3},{"damage":20,"enemies":"downfall:Watcher","floor":33,"turns":8},{"damage":0,"enemies":"3 Shapes","floor":36,"turns":3},{"damage":0,"enemies":"3 Darklings","floor":37,"turns":2},{"damage":14,"enemies":"4 Shapes","floor":38,"turns":2},{"damage":0,"enemies":"Transient","floor":39,"turns":5},{"damage":0,"enemies":"Sphere and 2 Shapes","floor":40,"turns":4},{"damage":0,"enemies":"downfall:LadyInBlue","floor":42,"turns":6},{"damage":2,"enemies":"Maw","floor":43,"turns":6},{"damage":0,"enemies":"4 Shapes","floor":44,"turns":2},{"damage":25,"enemies":"Nightmare","floor":46,"turns":6},{"damage":0,"enemies":"Spire Growth","floor":48,"turns":2},{"damage":0,"enemies":"Sphere and 2 Shapes","floor":49,"turns":3},{"damage":55,"enemies":"downfall:Silent","floor":50,"turns":6}],"seed_played":"1720042062584774697","potions_obtained":[{"floor":9,"key":"PowerPotion"},{"floor":10,"key":"Fire Potion"},{"floor":14,"key":"SpeedPotion"},{"floor":21,"key":"SmokeBomb"},{"floor":25,"key":"SpeedPotion"},{"floor":32,"key":"Toxic Potion"},{"floor":33,"key":"champ:CounterPotion"},{"floor":38,"key":"hexamod:DoubleChargePotion"},{"floor":39,"key":"Ancient Potion"},{"floor":48,"key":"Adrenaline Potion"}],"is_trial":false,"path_per_floor":["R","?","$","M","M","R","T","E","M","M","?","M","R","M","M","B",null,"R","M","$","M","M","$","T","M","?","R","E","T","M","E","M","B",null,"R","M","M","M","M","M","T","?","M","M","AVR","NM","R","M","M","B",null,"R"],"character_chosen":"THE_SPIRIT","items_purchased":["hexamod:GhostLash","hexamod:NightmareGuise"],"campfire_rested":0,"item_purchase_floors":[3,20],"current_hp_per_floor":[70,70,70,70,70,70,70,70,70,70,70,70,70,70,70,22,70,70,60,59,61,64,65,65,68,68,78,60,60,63,66,69,52,80,80,80,80,66,69,72,72,75,76,79,79,55,55,58,61,9,80,80,80,80],"gold":565,"neow_bonus":"THREE_ENEMY_KILL","is_daily":false,"chose_seed":false,"campfire_upgraded":4,"win_rate":0.0,"timestamp":1608801010,"path_taken":["R","?","$","M","M","R","T","E","M","M","?","M","R","M","M","BOSS","R","M","$","M","?","$","T","?","?","R","E","?","?","E","M","BOSS","R","M","M","?","M","M","T","?","M","?","AVR","NM","R","M","M","BOSS","R"],"items_purchased_type":["Card","Card"],"build_version":"2020-12-22","purchased_purges":0,"victory":false,"max_hp_per_floor":[70,70,70,70,70,70,70,70,70,70,70,70,70,70,70,70,70,70,70,70,70,70,70,70,70,70,80,80,80,80,80,80,80,80,80,80,80,80,80,80,80,80,80,80,80,80,80,80,80,80,80,80,80,80],"card_choices":[{"not_picked":["hexamod:GhostLash","hexamod:NightmareStrike"],"picked":"hexamod:PowerFromBeyond","floor":3},{"not_picked":["hexamod:Again","hexamod:ShieldOfDarkness"],"picked":"hexamod:NightmareStrike","floor":4},{"not_picked":["hexamod:GhostOfSpireFuture","hexamod:RadiantFlame","hexamod:BurningTouch"],"picked":"SKIP","floor":5},{"not_picked":["hexamod:SwordOfDarkness","hexamod:HauntingEcho","hexamod:NecessarySacrifice"],"picked":"SKIP","floor":8},{"not_picked":["hexamod:SwordOfDarkness","hexamod:BacktrackSmack"],"picked":"hexamod:Hexaguard","floor":9},{"not_picked":["hexamod:Firestarter","hexamod:InspiringFlames"],"picked":"hexamod:SpectersWail","floor":10},{"not_picked":["hexamod:FourthSeal","hexamod:InspiringFlames"],"picked":"hexamod:CrushingStance","floor":12},{"not_picked":["hexamod:SpectersWail","hexamod:RetreatToShadows"],"picked":"hexamod:GhostLash","floor":14},{"not_picked":["hexamod:RadiantFlame","hexamod:ThermalTransfer"],"picked":"hexamod:NightmareStrike","floor":15},{"not_picked":["hexamod:TimeOfNeed","hexamod:GiftsFromTheDead"],"picked":"hexamod:SixthSeal","floor":16},{"not_picked":["hexamod:Haunt+1","hexamod:SecondSeal"],"picked":"hexamod:RainOfEmbers","floor":19},{"not_picked":["hexamod:NecessarySacrifice","hexamod:ChargedBarrage"],"picked":"hexamod:GhostLash","floor":20},{"not_picked":["hexamod:AdvancingGuard","hexamod:GhostLash+1"],"picked":"hexamod:ExtraCrispy","floor":21},{"not_picked":["hexamod:InspiringFlames+1","hexamod:SecondSeal"],"picked":"hexamod:PhantomFireball","floor":22},{"not_picked":["hexamod:InspiringFlames+1","hexamod:SoulSteal"],"picked":"hexamod:NightmareStrike","floor":23},{"not_picked":["hexamod:BacktrackSmack","hexamod:PhantomCloak"],"picked":"hexamod:SpectersWail","floor":25},{"not_picked":["hexamod:BacktrackSmack","hexamod:AdvancingGuard"],"picked":"hexamod:RecurringNightmare","floor":28},{"not_picked":["hexamod:Incineration","hexamod:SecondSeal"],"picked":"hexamod:SpectersWail+1","floor":30},{"not_picked":["hexamod:BurningTouch","hexamod:FourthSeal"],"picked":"hexamod:ThirdSeal","floor":31},{"not_picked":["hexamod:ChargedBarrage","hexamod:FastForward"],"picked":"hexamod:SpectersWail+1","floor":32},{"not_picked":["hexamod:InspiringFlames","hexamod:AdvancingGuard","hexamod:ShieldOfDarkness+1"],"picked":"SKIP","floor":32},{"not_picked":["hexamod:GhostflameInferno","hexamod:TurnItUp"],"picked":"hexamod:VolcanoVisage","floor":33},{"not_picked":["hexamod:TimeOfNeed","hexamod:CrushingStance"],"picked":"hexamod:UnleashSpirits","floor":33},{"not_picked":["hexamod:Incineration","hexamod:SwordOfDarkness+1","hexamod:ShieldOfDarkness"],"picked":"SKIP","floor":36},{"not_picked":["hexamod:BurningTouch+1","hexamod:ThermalTransfer+1"],"picked":"hexamod:NightmareStrike+1","floor":37},{"not_picked":["hexamod:ThermalTransfer+1","hexamod:GhostflameBarrier"],"picked":"hexamod:FourthSeal","floor":38},{"not_picked":["hexamod:GiftsFromTheDead","hexamod:GhostflameBarrier"],"picked":"hexamod:NightmareGuise+1","floor":39},{"not_picked":["hexamod:HeatShield","hexamod:InspiringFlames"],"picked":"hexamod:PowerFromBeyond","floor":40},{"not_picked":["hexamod:AdvancingGuard","hexamod:RainOfEmbers"],"picked":"hexamod:EtherealExpedition+1","floor":42},{"not_picked":["hexamod:FirstSeal","hexamod:AdvancingGuard"],"picked":"hexamod:BurningTouch","floor":42},{"not_picked":["hexamod:InspiringFlames","hexamod:HeatShield+1"],"picked":"hexamod:FlamesFromBeyond+1","floor":43},{"not_picked":["hexamod:RainOfEmbers","hexamod:SearingWound"],"picked":"hexamod:SpectersWail+1","floor":44},{"not_picked":["hexamod:ShieldOfDarkness+1","hexamod:CrushingStance"],"picked":"hexamod:SpectralSpark+1","floor":46},{"not_picked":["hexamod:NightmareStrike","hexamod:FastForward+1"],"picked":"hexamod:EtherealExpedition","floor":48},{"not_picked":["hexamod:GhostflameBarrier+1","hexamod:HauntingEcho+1"],"picked":"hexamod:NecessarySacrifice+1","floor":49},{"not_picked":["hexamod:Toasty","hexamod:TurnItUp"],"picked":"hexamod:FifthSeal","floor":50}],"player_experience":459531,"relics_obtained":[{"floor":2,"key":"Ring of Misfortune"},{"floor":2,"key":"Ring of Peace"},{"floor":7,"key":"trackpad:PetRock"},{"floor":8,"key":"trackpad:AdjectivePendant"},{"floor":28,"key":"RollingBoulder"},{"floor":29,"key":"Art of War"},{"floor":31,"key":"LugNut"},{"floor":41,"key":"Bag of Marbles"},{"floor":42,"key":"White Beast Statue"},{"floor":46,"key":"CeramicFish"}],"event_choices":[{"damage_healed":0,"gold_gain":0,"player_choice":"Ignored","damage_taken":0,"max_hp_gain":0,"max_hp_loss":0,"event_name":"NoteForYourself","floor":11,"gold_loss":0},{"damage_healed":0,"gold_gain":0,"player_choice":"Read","damage_taken":0,"max_hp_gain":0,"max_hp_loss":0,"event_name":"The Library","floor":26,"gold_loss":0,"cards_obtained":["hexamod:SpectersWail"]}],"is_beta":false,"boss_relics":[{"not_picked":["Replay:Bronze Core","StuffTheSpire:ModemDavis"],"picked":"energizedSpire:DeadBattery"},{"not_picked":["ReplayTheSpireMod:DimensionalGlitch","hexamod:IceCube"],"picked":"Replay:Grab Bag"},{"not_picked":["energizedSpire:SpiderWeb","CosmicIsotope"],"picked":"vexMod:CursedCompass"},{"not_picked":["energizedSpire:MagnifyingGlass","vexMod:RockOfEvil"],"picked":"energizedSpire:EnergizedDie"},{"not_picked":["StuffTheSpire:Kangaroo","aspiration:SilentSkillbook"],"picked":"conspire:SpecialSausage"},{"not_picked":["StuffTheSpire:RunicHypercube","Empty Cage"],"picked":"Sandwich"},{"not_picked":["Sozu","Velvet Choker"],"picked":"Cursed Key"}],"items_purged_floors":[],"is_endless":true,"potions_floor_spawned":[9,10,14,15,21,25,28,32,33,38,39,40,43,44,46,48,49,50],"ascension_level":0}}