{"host":"BK","time":1608831639,"event":{"mods":["BaseMod","Highlight Path","Minty Spire (QoL Compilation)","StSLib"],"gold_per_floor":[117,117,127,154,168,168,195,140,215,215,215,231,231,306,306,306,306],"floor_reached":16,"playtime":579,"items_purged":[],"score":196,"play_id":"d49ac1b2-ac10-424f-87d6-33adf4eb4e52","local_time":"20201224104039","is_ascension_mode":true,"campfire_choices":[{"data":"Lockon","floor":6,"key":"SMITH"},{"floor":10,"key":"REST"},{"data":"Zap","floor":13,"key":"SMITH"},{"data":"Glacier","floor":15,"key":"SMITH"}],"circlet_count":0,"master_deck":["AscendersBane","Strike_B","Strike_B","Strike_B","Strike_B","Defend_B","Defend_B","Defend_B","Defend_B","Zap+1","Dualcast","Glacier+1","Lockon+1","Compile Driver+1"],"relics":["Nuclear Battery","Omamori","Molten Egg 2","Question Card"],"acts_visited":["Exordium"],"potions_floor_usage":[7],"damage_taken":[{"damage":0,"enemies":"2 Louse","floor":1,"turns":4},{"damage":2,"enemies":"Jaw Worm","floor":3,"turns":5},{"damage":8,"enemies":"Small Slimes","floor":5,"turns":4},{"damage":40,"enemies":"Gremlin Nob","floor":7,"turns":6},{"damage":11,"enemies":"Blue Slaver","floor":12,"turns":3},{"damage":36,"enemies":"Hexaghost","floor":16,"turns":9}],"seed_played":"9116136414468872925","potions_obtained":[{"floor":1,"key":"Explosive Potion"},{"floor":5,"key":"SneckoOil"}],"is_trial":false,"path_per_floor":["M","?","M","T","M","R","E","$","T","R","?","M","R","?","R","B"],"character_chosen":"DEFECT","items_purchased":["Compile Driver+1"],"campfire_rested":1,"item_purchase_floors":[8],"current_hp_per_floor":[64,64,62,62,54,54,14,14,14,35,58,47,47,36,36,0,0],"gold":306,"neow_bonus":"BOSS_RELIC","is_daily":false,"chose_seed":false,"campfire_upgraded":3,"win_rate":0.0,"timestamp":1608831639,"path_taken":["M","?","M","?","M","R","E","?","T","R","?","M","R","?","R","BOSS"],"items_purchased_type":["Card"],"build_version":"2020-12-18","purchased_purges":0,"victory":false,"max_hp_per_floor":[71,71,71,71,71,71,71,71,71,71,71,71,71,71,71,71,71],"card_choices":[{"not_picked":["FTL","Gash"],"picked":"Glacier","floor":1},{"not_picked":["Heatsinks","Steam","Beam Cell"],"picked":"SKIP","floor":3},{"not_picked":["White Noise","Gash"],"picked":"Lockon","floor":5},{"not_picked":["Storm","Steam","Gash+1"],"picked":"SKIP","floor":7},{"not_picked":["Compile Driver+1","Scrape+1","Redo","Barrage+1"],"picked":"SKIP","floor":12}],"player_experience":2415086,"relics_obtained":[{"floor":4,"key":"Omamori"},{"floor":7,"key":"Molten Egg 2"},{"floor":9,"key":"Question Card"}],"event_choices":[{"damage_healed":0,"gold_gain":0,"player_choice":"Leave","damage_taken":0,"max_hp_gain":0,"max_hp_loss":0,"event_name":"The Cleric","floor":2,"gold_loss":0},{"damage_healed":23,"gold_gain":0,"player_choice":"Banana","damage_taken":0,"max_hp_gain":0,"max_hp_loss":0,"event_name":"Big Fish","floor":11,"gold_loss":0},{"damage_healed":0,"gold_gain":75,"player_choice":"Gather Gold","damage_taken":11,"max_hp_gain":0,"max_hp_loss":0,"event_name":"World of Goop","floor":14,"gold_loss":0}],"is_beta":true,"boss_relics":[],"items_purged_floors":[],"is_endless":false,"potions_floor_spawned":[1,5],"killed_by":"Hexaghost","ascension_level":20}}