{"host":"f5gffvlv6a66yqkd","time":1608825757,"event":{"mods":["2.2 Compatiblity","BaseMod","Colored Map","DeckTracker","Keyboard Shortcuts","Minty Spire (QoL Compilation)","Permanent Neow","Quick Restart","Relic Stats","StSLib","SuperFastMode"],"gold_per_floor":[116,134,134,134,59,59,5,26,26,101,101,101,139,64,64,159,159,175,225,125,165,165,165,165,181,181,181,204,129,168,184,184,279,279,292,292,311,332,348,382,396,421,421,421,465,486,486,102,102,102,102],"floor_reached":50,"playtime":931,"items_purged":["Strike_P","Strike_P","Defend_P"],"score":1361,"play_id":"1c16d9e1-67b7-49b9-b3b2-a0a7a8dd89f2","local_time":"20201225010237","is_ascension_mode":true,"campfire_choices":[{"data":"Eruption","floor":6.0,"key":"SMITH"},{"floor":11.0,"key":"REST"},{"data":"Ragnarok","floor":15.0,"key":"SMITH"},{"data":"Scrawl","floor":23.0,"key":"SMITH"},{"data":"Tantrum","floor":27.0,"key":"SMITH"},{"data":"Wish","floor":32.0,"key":"SMITH"},{"floor":44.0,"key":"REST"},{"floor":49.0,"key":"RECALL"}],"circlet_count":0,"master_deck":["AscendersBane","Defend_P","Eruption+1","Vigilance","Ragnarok+1","Wish+1","EmptyFist","CutThroughFate","Tantrum+1","Scrawl+1","FlurryOfBlows+1","ClearTheMind+1","SignatureMove","Halt+1","EmptyMind","Deep Breath","Finesse"],"relics":["HolyWater","Golden Idol","Mummified Hand","Akabeko","Letter Opener","Kunai","Pen Nib","Blue Candle","VioletLotus","Lizard Tail","Frozen Egg 2","Lee\u0027s Waffle"],"acts_visited":["Exordium","TheCity","TheBeyond"],"potions_floor_usage":[50],"damage_taken":[{"damage":1.0,"enemies":"2 Louse","floor":1.0,"turns":3.0},{"damage":4.0,"enemies":"Jaw Worm","floor":2.0,"turns":3.0},{"damage":3.0,"enemies":"Small Slimes","floor":8.0,"turns":3.0},{"damage":0.0,"enemies":"3 Sentries","floor":13.0,"turns":4.0},{"damage":43.0,"enemies":"Hexaghost","floor":16.0,"turns":8.0},{"damage":0.0,"enemies":"Shell Parasite","floor":18.0,"turns":1.0},{"damage":0.0,"enemies":"Spheric Guardian","floor":21.0,"turns":2.0},{"damage":18.0,"enemies":"Shelled Parasite and Fungi","floor":25.0,"turns":2.0},{"damage":0.0,"enemies":"Gremlin Leader","floor":30.0,"turns":2.0},{"damage":12.0,"enemies":"Centurion and Healer","floor":31.0,"turns":2.0},{"damage":0.0,"enemies":"Collector","floor":33.0,"turns":2.0},{"damage":0.0,"enemies":"3 Darklings","floor":35.0,"turns":1.0},{"damage":0.0,"enemies":"Orb Walker","floor":37.0,"turns":1.0},{"damage":0.0,"enemies":"Spire Growth","floor":38.0,"turns":2.0},{"damage":24.0,"enemies":"Maw","floor":39.0,"turns":3.0},{"damage":0.0,"enemies":"Reptomancer","floor":40.0,"turns":1.0},{"damage":3.0,"enemies":"3 Darklings","floor":41.0,"turns":2.0},{"damage":32.0,"enemies":"Spire Growth","floor":42.0,"turns":3.0},{"damage":0.0,"enemies":"Nemesis","floor":45.0,"turns":1.0},{"damage":6.0,"enemies":"Writhing Mass","floor":46.0,"turns":2.0},{"damage":52,"enemies":"Time Eater","floor":50,"turns":5}],"seed_played":"8191398556172411476","potions_obtained":[{"floor":8.0,"key":"Block Potion"},{"floor":13.0,"key":"BlessingOfTheForge"},{"floor":18.0,"key":"BlessingOfTheForge"},{"floor":21.0,"key":"PowerPotion"},{"floor":31.0,"key":"SkillPotion"},{"floor":33.0,"key":"EssenceOfSteel"},{"floor":41.0,"key":"PowerPotion"}],"is_trial":false,"path_per_floor":["M","M","?","?","?","R","$","M","T","?","R","?","E","$","R","B",null,"M","?","$","M","?","R","?","M","T","R","T","?","E","M","R","B",null,"M","?","M","M","M","E","M","M","T","R","E","M","?","$","R","B"],"character_chosen":"WATCHER","items_purchased":["Explosive Potion","Finesse","Lee\u0027s Waffle"],"campfire_rested":2,"item_purchase_floors":[7,48,48],"current_hp_per_floor":[60,56,33,38,38,38,38,35,35,24,45,45,45,45,45,2,53,53,53,53,53,53,53,70,52,52,52,52,52,52,40,40,40,63,63,63,63,63,39,39,36,4,4,25,25,19,19,77,77,25,25],"gold":102,"neow_bonus":"TRANSFORM_TWO_CARDS","is_daily":false,"chose_seed":false,"campfire_upgraded":5,"win_rate":0.0,"timestamp":1608825757,"path_taken":["M","M","?","?","?","R","$","M","T","?","R","?","E","?","R","BOSS","M","?","$","M","?","R","?","?","T","R","?","?","E","M","R","BOSS","M","?","M","M","?","E","M","M","T","R","E","M","?","$","R","BOSS"],"items_purchased_type":["Potion","Card","Relic"],"build_version":"2020-12-22","purchased_purges":3,"victory":false,"max_hp_per_floor":[68,68,68,73,70,70,70,70,70,70,70,70,70,70,70,70,70,70,70,70,70,70,70,70,70,70,70,70,70,70,70,70,70,70,70,70,70,70,70,70,70,70,70,70,70,70,70,77,77,77,77],"relic_stats":{"Lizard Tail":0,"Lee\u0027s Waffle":58,"counters":[21,53],"Golden Idol":112,"Mummified Hand":[4],"Blue Candle":[0],"Pen Nib":[7],"VioletLotus":[10],"Letter Opener":[145],"Kunai":[15],"obtain_stats":[{"Lee\u0027s Waffle":48,"Golden Idol":3,"Blue Candle":30,"Pen Nib":28,"Letter Opener":22,"Frozen Egg 2":45,"Akabeko":13,"Lizard Tail":40,"Mummified Hand":9,"HolyWater":17,"VioletLotus":34,"Kunai":26,"PureWater":0},{"Lee\u0027s Waffle":20,"Golden Idol":2,"Blue Candle":9,"Pen Nib":8,"Letter Opener":7,"Frozen Egg 2":19,"Akabeko":4,"Lizard Tail":16,"Mummified Hand":3,"HolyWater":5,"VioletLotus":11,"Kunai":8,"PureWater":0},{"Lee\u0027s Waffle":48,"Golden Idol":6,"Blue Candle":28,"Pen Nib":26,"Letter Opener":24,"Frozen Egg 2":46,"Akabeko":13,"Lizard Tail":40,"Mummified Hand":9,"HolyWater":21,"VioletLotus":32,"Kunai":26,"PureWater":0}]},"card_choices":[{"not_picked":["SandsOfTime","Fasting2"],"picked":"EmptyFist","floor":1.0},{"not_picked":["Evaluate","Collect","Wireheading"],"picked":"SKIP","floor":2.0},{"not_picked":["JustLucky","PathToVictory"],"picked":"CutThroughFate","floor":8.0},{"not_picked":["Evaluate","FlyingSleeves","Prostrate"],"picked":"SKIP","floor":13.0},{"not_picked":["Blasphemy","Establishment"],"picked":"Scrawl","floor":16.0},{"not_picked":["SashWhip","BowlingBash"],"picked":"FlurryOfBlows+1","floor":18.0},{"not_picked":["Swivel","Crescendo","DeceiveReality"],"picked":"SKIP","floor":21.0},{"not_picked":["FlurryOfBlows","Prostrate","SashWhip+1"],"picked":"SKIP","floor":25.0},{"not_picked":["ThirdEye","Weave","WaveOfTheHand"],"picked":"SKIP","floor":30.0},{"not_picked":["Prostrate","DevaForm","DeceiveReality+1"],"picked":"SKIP","floor":31.0},{"not_picked":["FlyingSleeves","Worship+1","CarveReality"],"picked":"SKIP","floor":35.0},{"not_picked":["Worship","EmptyBody","SashWhip"],"picked":"SKIP","floor":37.0},{"not_picked":["WheelKick","BattleHymn"],"picked":"ClearTheMind+1","floor":38.0},{"not_picked":["Evaluate","EmptyFist+1","ThirdEye+1"],"picked":"SKIP","floor":39.0},{"not_picked":["BattleHymn","Consecrate","Wireheading+1"],"picked":"SKIP","floor":40.0},{"not_picked":["ForeignInfluence","Prostrate+1","EmptyBody+1"],"picked":"SKIP","floor":41.0},{"not_picked":["ClearTheMind+1","FlyingSleeves+1"],"picked":"SignatureMove","floor":42.0},{"not_picked":["LikeWater+1","Nirvana+1"],"picked":"Halt+1","floor":45.0},{"not_picked":["CutThroughFate","DeceiveReality"],"picked":"EmptyMind","floor":46.0},{"not_picked":["Purity","Finesse"],"picked":"Deep Breath","floor":47.0}],"player_experience":1481293,"relics_obtained":[{"floor":9.0,"key":"Mummified Hand"},{"floor":13.0,"key":"Akabeko"},{"floor":26.0,"key":"Kunai"},{"floor":28.0,"key":"Pen Nib"},{"floor":30.0,"key":"Blue Candle"},{"floor":40.0,"key":"Lizard Tail"},{"floor":45.0,"key":"Frozen Egg 2"}],"event_choices":[{"damage_healed":0.0,"max_hp_gain":0.0,"max_hp_loss":0.0,"gold_gain":0.0,"event_name":"Golden Idol","player_choice":"Take Damage","floor":3.0,"gold_loss":0.0,"damage_taken":23.0,"relics_obtained":["Golden Idol"]},{"damage_healed":0.0,"max_hp_gain":5.0,"max_hp_loss":0.0,"gold_gain":0.0,"event_name":"Big Fish","player_choice":"Donut","floor":4.0,"gold_loss":0.0,"damage_taken":0.0},{"cards_removed":["Parasite"],"damage_healed":0.0,"max_hp_gain":0.0,"max_hp_loss":0.0,"gold_gain":0.0,"event_name":"The Cleric","player_choice":"Card Removal","floor":5.0,"gold_loss":75.0,"damage_taken":0.0},{"damage_healed":0.0,"max_hp_gain":0.0,"max_hp_loss":0.0,"gold_gain":75.0,"event_name":"World of Goop","player_choice":"Gather Gold","floor":10.0,"gold_loss":0.0,"damage_taken":11.0},{"damage_healed":0.0,"max_hp_gain":0.0,"max_hp_loss":0.0,"gold_gain":0.0,"cards_transformed":["Strike_P"],"event_name":"Living Wall","player_choice":"Change","floor":12.0,"gold_loss":0.0,"damage_taken":0.0,"cards_obtained":["Tantrum"]},{"damage_healed":0.0,"max_hp_gain":0.0,"max_hp_loss":0.0,"gold_gain":50.0,"event_name":"Nest","player_choice":"Stole From Cult","floor":19.0,"gold_loss":0.0,"damage_taken":0.0},{"damage_healed":0.0,"max_hp_gain":0.0,"max_hp_loss":0.0,"gold_gain":0.0,"event_name":"The Mausoleum","player_choice":"Opened","floor":22.0,"gold_loss":0.0,"damage_taken":0.0,"relics_obtained":["Letter Opener"],"cards_obtained":["Writhe"]},{"damage_healed":17.0,"max_hp_gain":0.0,"max_hp_loss":0.0,"gold_gain":0.0,"event_name":"Wheel of Change","player_choice":"Full Heal","floor":24.0,"gold_loss":0.0,"damage_taken":0.0},{"cards_removed":["Writhe"],"damage_healed":0.0,"max_hp_gain":0.0,"max_hp_loss":0.0,"gold_gain":0.0,"event_name":"Beggar","player_choice":"Gave Gold","floor":29.0,"gold_loss":75.0,"damage_taken":0.0},{"cards_removed":["Defend_P"],"damage_healed":0.0,"max_hp_gain":0.0,"max_hp_loss":0.0,"gold_gain":0.0,"event_name":"Wheel of Change","player_choice":"Card Removal","floor":36.0,"gold_loss":0.0,"damage_taken":0.0},{"damage_healed":0.0,"max_hp_gain":0.0,"max_hp_loss":0.0,"gold_gain":0.0,"event_name":"SensoryStone","player_choice":"Memory 1","floor":47.0,"gold_loss":0.0,"damage_taken":0.0}],"is_beta":false,"boss_relics":[{"not_picked":["SacredBark","Ectoplasm"],"picked":"HolyWater"},{"not_picked":["Runic Dome","Busted Crown"],"picked":"VioletLotus"}],"items_purged_floors":[14,20,48],"is_endless":false,"potions_floor_spawned":[8,13,18,21,31,33,35,38,41,46],"killed_by":"Time Eater","ascension_level":20}}