{"host":"63rwe7p34ct1i0qu","time":1608850196,"event":{"mods":["BaseMod","Colored Map","DeckTracker","Minty Spire (QoL Compilation)","Permanent Neow","Quick Restart","StSLib"],"gold_per_floor":[113,113,131,131,146,175,175,100,100,100,115,115,115,115,115,115,115],"floor_reached":16,"playtime":280,"items_purged":["Strike_R"],"score":142,"play_id":"ff681aa3-1059-4d21-89c9-ab09033a7e38","local_time":"20201225074956","is_ascension_mode":true,"campfire_choices":[{"data":"Searing Blow","floor":7.0,"key":"SMITH"},{"data":"Searing Blow+1","floor":10.0,"key":"SMITH"},{"data":"Searing Blow+2","floor":15.0,"key":"SMITH"}],"circlet_count":0,"master_deck":["Strike_R","Strike_R","Strike_R","Strike_R","Defend_R","Defend_R","Defend_R+1","Defend_R","Bash","Battle Trance","Searing Blow+3","Second Wind+1","Shrug It Off","Power Through"],"relics":["Burning Blood","NeowsBlessing","Ginger","Lantern","Magic Flower"],"acts_visited":["Exordium"],"potions_floor_usage":[],"damage_taken":[{"damage":0.0,"enemies":"Jaw Worm","floor":1.0,"turns":1.0},{"damage":0.0,"enemies":"Cultist","floor":3.0,"turns":1.0},{"damage":0.0,"enemies":"Small Slimes","floor":5.0,"turns":1.0},{"damage":27.0,"enemies":"3 Sentries","floor":6.0,"turns":11.0},{"damage":27.0,"enemies":"Exordium Thugs","floor":11.0,"turns":5.0},{"damage":0,"enemies":"Slime Boss","floor":16,"turns":1}],"seed_played":"-6600817994364764255","potions_obtained":[{"floor":1.0,"key":"LiquidMemories"},{"floor":3.0,"key":"Dexterity Potion"},{"floor":6.0,"key":"BloodPotion"}],"is_trial":false,"path_per_floor":["M","?","M","?","M","E","R","$","T","R","M","$","?","?","R","B"],"character_chosen":"IRONCLAD","items_purchased":[],"campfire_rested":0,"item_purchase_floors":[],"current_hp_per_floor":[78,78,80,80,80,59,59,59,59,59,41,41,25,25,25,25,25],"gold":115,"neow_bonus":"THREE_ENEMY_KILL","is_daily":false,"chose_seed":false,"campfire_upgraded":3,"win_rate":0.0,"timestamp":1608850196,"path_taken":["M","?","?","?","M","E","R","$","T","R","M","?","?","?","R","BOSS"],"items_purchased_type":[],"build_version":"2020-12-22","purchased_purges":1,"victory":false,"max_hp_per_floor":[80,80,80,80,80,80,80,80,80,80,80,80,80,80,80,80,80],"card_choices":[{"not_picked":["Fire Breathing","Clash"],"picked":"Battle Trance","floor":1.0},{"not_picked":["Warcry","Clothesline"],"picked":"Searing Blow","floor":3.0},{"not_picked":["Seeing Red","Disarm"],"picked":"Second Wind","floor":5.0},{"not_picked":["Thunderclap","Hemokinesis"],"picked":"Shrug It Off","floor":6.0},{"not_picked":["Havoc","Whirlwind"],"picked":"Power Through","floor":11.0}],"player_experience":810769,"relics_obtained":[{"floor":6.0,"key":"Lantern"},{"floor":9.0,"key":"Magic Flower"}],"event_choices":[{"damage_healed":0.0,"max_hp_gain":0.0,"max_hp_loss":0.0,"gold_gain":0.0,"event_name":"WeMeetAgain","player_choice":"Gave Potion","floor":2.0,"gold_loss":0.0,"damage_taken":0.0,"relics_obtained":["Ginger"]},{"damage_healed":0.0,"max_hp_gain":0.0,"max_hp_loss":0.0,"gold_gain":0.0,"event_name":"Liars Game","player_choice":"Ignored","floor":4.0,"gold_loss":0.0,"damage_taken":0.0},{"damage_healed":0.0,"max_hp_gain":0.0,"max_hp_loss":0.0,"gold_gain":0.0,"event_name":"Shining Light","player_choice":"Entered Light","floor":13.0,"gold_loss":0.0,"damage_taken":16.0,"cards_upgraded":["Defend_R","Second Wind"]},{"damage_healed":0.0,"max_hp_gain":0.0,"max_hp_loss":0.0,"gold_gain":0.0,"event_name":"Dead Adventurer","player_choice":"Searched \u00270\u0027 times","floor":14.0,"gold_loss":0.0,"damage_taken":0.0}],"is_beta":false,"boss_relics":[],"items_purged_floors":[8],"is_endless":false,"potions_floor_spawned":[1,3,6],"killed_by":"Slime Boss","ascension_level":9}}