{"host":"lfgp7c6orz52hf2j","time":1608773859,"event":{"mods":["2.2 Compatiblity","AchievementEnabler","Aspiration","BaseMod","Better Altar","Better Skull","Better Third Choice","BetterRewards","Colored Map","Conspire","Disable Question Mark Monsters","Displayed Cursed Tome","GifTheSpireLib","Halation","Hubris","Hyrulean Relics","Infinite Spire","Minty Spire (QoL Compilation)","Replay The Spire","Shade Mod","Shop Mod","Spikes Relics","StSLib","Stuff the Spire","The Blue Laboratory","The Factory","The Wild Card","Trackpad","Waifu the Spire","vexMod"],"gold_per_floor":[114,114,133,133,133,171,321,321,371,371,521,671,821,840,840,965,965,984,924,924,943,550,700,850,850,925,925,944,963,1113,1132,1132,1257,1257,1276,1295,1314,1333,1333,1333],"floor_reached":39,"playtime":2328,"items_purged":[],"score":679,"play_id":"212f6feb-0365-4611-8702-ce60724df2dc","local_time":"20201223233739","daily_mods":["Insanity","Flight","DeadlyEvents"],"is_ascension_mode":false,"campfire_choices":[{"floor":8.0,"key":"REST"},{"floor":10.0,"key":"REST"},{"floor":15.0,"key":"DIG"},{"floor":25.0,"key":"REST"},{"floor":27.0,"key":"REST"},{"floor":32.0,"key":"REST"}],"circlet_count":0,"master_deck":["ClearTheMind","Crescendo","FlurryOfBlows","Fasting2","BowlingBash","WindmillStrike","Worship","Halt","WreathOfFlame","Replay:Hum","EmptyBody","FollowUp","EmptyBody","Evaluate","Replay:Hum","Replay:BluntJabs","Replay:ManipulateFuture","Protect","JustLucky","ThirdEye","SashWhip","DeceiveReality","Study","Replay:BluntJabs","EmptyFist","EmptyMind","JustLucky","SignatureMove","Crescendo","Replay:Hum","Pray","Prostrate","Perseverance","Halt","Replay:AtTheReady","PathToVictory","BowlingBash","Adaptation","Consecrate","SashWhip","Halt","TalkToTheHand","FlurryOfBlows","EmptyBody","FlurryOfBlows","InnerPeace","PathToVictory","Replay:DivineShield","FlurryOfBlows","FearNoEvil","FlyingSleeves","Injury","FlurryOfBlows","FollowUp","Weave","Devotion","CarveReality","ForeignInfluence","FlyingSleeves","Establishment","ReachHeaven+1","TalkToTheHand","BattleHymn","FlurryOfBlows+1","Alpha","FlurryOfBlows+1","Consecrate+1","FollowUp","Replay:BluntJabs+1","DevaForm","FollowUp","Parasite","FollowUp","WheelKick"],"relics":["PureWater","Golden Idol","hubris:Icosahedron","hubris:SphereOfDissonance","StuffTheSpire:TintedRock","trackpad:BottledShadow","StuffTheSpire:Barrel","trackpad:Mousetrap","SpikesRelics:ToyHorsey","vexMod:FluxCapacitor","MerchantsRug","Quantum Egg","aspiration:StickyExplosives_weak","Centennial Puzzle","Snack Pack","Rawhide","Fusion Hammer"],"acts_visited":["Exordium","TheCity","TheBeyond"],"potions_floor_usage":[39],"damage_taken":[{"damage":0.0,"enemies":"Small Slimes","floor":1.0,"turns":3.0},{"damage":0.0,"enemies":"Jaw Worm","floor":3.0,"turns":3.0},{"damage":27.0,"enemies":"Lagavulin","floor":6.0,"turns":3.0},{"damage":15.0,"enemies":"Replay:BlueRogue","floor":7.0,"turns":4.0},{"damage":0.0,"enemies":"Gremlin Nob","floor":11.0,"turns":2.0},{"damage":2.0,"enemies":"3 Sentries","floor":12.0,"turns":5.0},{"damage":3.0,"enemies":"Lagavulin","floor":13.0,"turns":3.0},{"damage":0.0,"enemies":"2 Louse","floor":14.0,"turns":1.0},{"damage":0.0,"enemies":"Slime Boss","floor":16.0,"turns":3.0},{"damage":13.0,"enemies":"2 Thieves","floor":18.0,"turns":2.0},{"damage":16.0,"enemies":"conspire:FuzzyDice","floor":21.0,"turns":4.0},{"damage":18.0,"enemies":"conspire:SneckoGhost","floor":23.0,"turns":4.0},{"damage":33.0,"enemies":"Gremlin Leader","floor":24.0,"turns":6.0},{"damage":0.0,"enemies":"Snecko","floor":28.0,"turns":3.0},{"damage":15.0,"enemies":"Snake Plant","floor":29.0,"turns":3.0},{"damage":34.0,"enemies":"Slavers","floor":30.0,"turns":3.0},{"damage":2.0,"enemies":"Chosen and Byrds","floor":31.0,"turns":3.0},{"damage":29.0,"enemies":"Collector","floor":33.0,"turns":4.0},{"damage":5.0,"enemies":"Orb Walker","floor":35.0,"turns":1.0},{"damage":1.0,"enemies":"3 Darklings","floor":36.0,"turns":3.0},{"damage":0.0,"enemies":"Writhing Mass","floor":37.0,"turns":3.0},{"damage":0.0,"enemies":"Transient","floor":38.0,"turns":5.0},{"damage":0,"enemies":"Maw","floor":39,"turns":2}],"seed_played":"-4388098555046818604","potions_obtained":[{"floor":7.0,"key":"blueLaboratory:RecallPotion"},{"floor":11.0,"key":"SpeedPotion"},{"floor":12.0,"key":"ColorlessPotion"},{"floor":14.0,"key":"blueLaboratory:CorrosionFlask"},{"floor":18.0,"key":"StancePotion"},{"floor":24.0,"key":"blueLaboratory:FaithlessPotion"},{"floor":29.0,"key":"blueLaboratory:AbyssPotion"},{"floor":31.0,"key":"blueLaboratory:HummingbirdPotion"},{"floor":36.0,"key":"Swift Potion"},{"floor":38.0,"key":"StancePotion"}],"is_trial":false,"path_per_floor":["M","?","M","?","T","E","E","R","T","R","E","E","E","M","R_BF","B",null,"M","?","?","M","$","E","E","R","T","R","M","M","E","M","R","B",null,"M","M","M","M","M"],"character_chosen":"WATCHER","items_purchased":["MerchantsRug","Quantum Egg","BattleHymn"],"campfire_rested":5,"item_purchase_floors":[22,22,22],"current_hp_per_floor":[72,72,72,72,72,45,30,51,51,72,72,70,67,67,67,67,72,59,59,72,56,56,54,21,42,42,63,65,54,26,26,47,24,72,67,70,72,72,72,72],"gold":1333,"neow_bonus":"","is_daily":true,"chose_seed":false,"campfire_upgraded":0,"win_rate":0.0,"timestamp":1608773859,"path_taken":["M","?","M","?","?","E","E","R","T","R","E","?","?","M","R_BF","BOSS","M","?","?","M","$","E","E","R","T","R","M","M","?","M","R","BOSS","M","M","M","M","M"],"items_purchased_type":["Relic","Relic","Card"],"build_version":"2020-12-22","purchased_purges":0,"victory":false,"max_hp_per_floor":[72,72,72,72,72,72,72,72,72,72,72,72,72,72,72,72,72,72,72,72,72,72,72,72,72,72,72,72,72,72,72,72,72,72,72,72,72,72,72,72],"card_choices":[{"not_picked":["Crescendo","Evaluate"],"picked":"FlyingSleeves","floor":1.0},{"not_picked":["Halt","SashWhip"],"picked":"FlurryOfBlows","floor":3.0},{"not_picked":["ClearTheMind","Replay:Hum"],"picked":"FollowUp","floor":6.0},{"not_picked":["SandsOfTime","Wallop"],"picked":"Weave","floor":7.0},{"not_picked":["BowlingBash","PathToVictory"],"picked":"Devotion","floor":11.0},{"not_picked":["Replay:ManipulateFuture","MasterReality"],"picked":"CarveReality","floor":12.0},{"not_picked":["BowlingBash","Consecrate"],"picked":"ForeignInfluence","floor":13.0},{"not_picked":["EmptyMind","Halt"],"picked":"FlyingSleeves","floor":14.0},{"not_picked":["MasterReality","ConjureBlade"],"picked":"Establishment","floor":16.0},{"not_picked":["EmptyBody","Evaluate"],"picked":"ReachHeaven+1","floor":18.0},{"not_picked":["Replay:ManipulateFuture","Prostrate"],"picked":"TalkToTheHand","floor":21.0},{"not_picked":["Consecrate+1","BowlingBash"],"picked":"FlurryOfBlows+1","floor":23.0},{"not_picked":["Collect","CrushJoints+1"],"picked":"Alpha","floor":24.0},{"not_picked":["Indignation","Consecrate"],"picked":"FlurryOfBlows+1","floor":28.0},{"not_picked":["Perseverance","JustLucky"],"picked":"Consecrate+1","floor":29.0},{"not_picked":["Adaptation","Study"],"picked":"FollowUp","floor":30.0},{"not_picked":["JustLucky+1","Fasting2"],"picked":"Replay:BluntJabs+1","floor":31.0},{"not_picked":["Replay:AllIn","MasterReality"],"picked":"DevaForm","floor":33.0},{"not_picked":["Conclude+1","WheelKick"],"picked":"FollowUp","floor":35.0},{"not_picked":["SandsOfTime","Halt","JustLucky"],"picked":"SKIP","floor":36.0},{"not_picked":["SignatureMove","Evaluate+1"],"picked":"FollowUp","floor":37.0},{"not_picked":["Establishment","Replay:Anticipation"],"picked":"WheelKick","floor":38.0}],"player_experience":1533396,"relics_obtained":[{"floor":5.0,"key":"hubris:SphereOfDissonance"},{"floor":6.0,"key":"StuffTheSpire:TintedRock"},{"floor":7.0,"key":"trackpad:BottledShadow"},{"floor":9.0,"key":"StuffTheSpire:Barrel"},{"floor":11.0,"key":"Replay:Baseball"},{"floor":12.0,"key":"trackpad:Mousetrap"},{"floor":13.0,"key":"Dream Catcher"},{"floor":15.0,"key":"SpikesRelics:ToyHorsey"},{"floor":23.0,"key":"aspiration:StickyExplosives_weak"},{"floor":24.0,"key":"Centennial Puzzle"},{"floor":26.0,"key":"Snack Pack"},{"floor":30.0,"key":"Rawhide"}],"event_choices":[{"damage_healed":0.0,"max_hp_gain":0.0,"max_hp_loss":0.0,"gold_gain":0.0,"event_name":"Golden Idol","player_choice":"Take Wound","floor":2.0,"gold_loss":0.0,"damage_taken":0.0,"relics_obtained":["Golden Idol"],"cards_obtained":["Injury"]},{"damage_healed":24.0,"max_hp_gain":0.0,"max_hp_loss":0.0,"gold_gain":0.0,"event_name":"The Library","player_choice":"Heal","floor":20.0,"gold_loss":0.0,"damage_taken":0.0}],"is_beta":false,"boss_relics":[{"not_picked":["vexMod:NewClearReactor","halation:Yufonium"],"picked":"vexMod:FluxCapacitor"},{"not_picked":["aspiration:SilentSkillbook","Astrolabe"],"picked":"Fusion Hammer"}],"items_purged_floors":[],"is_endless":false,"potions_floor_spawned":[7,11,12,14,18,24,29,31,36,38],"killed_by":"Maw","ascension_level":0}}