{"host":"t7mx8yfj1no5p62f","time":1608840217,"event":{"mods":["BaseMod","Colored Map","Colored Powertips","Minty Spire (QoL Compilation)","Relic Stats","StSLib"],"gold_per_floor":[117,117,131,141,141,176,176,176,176],"floor_reached":8,"playtime":269,"items_purged":[],"score":112,"play_id":"134d4035-80af-4268-9695-7580290d3dab","local_time":"20201224150337","is_ascension_mode":true,"campfire_choices":[{"floor":7,"key":"REST"}],"circlet_count":0,"master_deck":["AscendersBane","Strike_P+1","Strike_P","Strike_P","Strike_P","Defend_P","Defend_P","Defend_P","Defend_P","Eruption","Vigilance+1","Protect","Worship","SashWhip"],"relics":["Busted Crown","StrikeDummy"],"acts_visited":["Exordium"],"potions_floor_usage":[6],"damage_taken":[{"damage":0,"enemies":"2 Louse","floor":1,"turns":2},{"damage":2,"enemies":"Jaw Worm","floor":3,"turns":3},{"damage":0,"enemies":"Cultist","floor":4,"turns":5},{"damage":37,"enemies":"3 Sentries","floor":6,"turns":12},{"damage":33,"enemies":"Lagavulin","floor":8,"turns":10}],"seed_played":"-7900812026233910205","potions_obtained":[{"floor":3,"key":"Weak Potion"}],"is_trial":false,"path_per_floor":["M","?","M","M","?","E","R","E"],"character_chosen":"WATCHER","items_purchased":[],"campfire_rested":1,"item_purchase_floors":[],"current_hp_per_floor":[61,66,64,64,42,5,26,0,0],"gold":176,"neow_bonus":"BOSS_RELIC","is_daily":false,"chose_seed":false,"campfire_upgraded":0,"win_rate":0.0,"timestamp":1608840217,"path_taken":["M","?","M","M","?","E","R","E"],"items_purchased_type":[],"build_version":"2020-12-22","purchased_purges":0,"victory":false,"max_hp_per_floor":[68,73,73,73,73,73,73,73,73],"relic_stats":{"Busted Crown":8,"counters":[5,32],"obtain_stats":[{"Busted Crown":0,"PureWater":0,"StrikeDummy":6},{"Busted Crown":0,"PureWater":0,"StrikeDummy":4},{"Busted Crown":0,"PureWater":0,"StrikeDummy":22}]},"card_choices":[{"not_picked":[],"picked":"Protect","floor":1},{"not_picked":[],"picked":"Worship","floor":3},{"not_picked":[],"picked":"SashWhip","floor":4},{"not_picked":["PathToVictory"],"picked":"SKIP","floor":6}],"player_experience":1584503,"relics_obtained":[{"floor":6,"key":"StrikeDummy"}],"event_choices":[{"damage_healed":0,"gold_gain":0,"player_choice":"Donut","damage_taken":0,"max_hp_gain":5,"max_hp_loss":0,"event_name":"Big Fish","floor":2,"gold_loss":0},{"damage_healed":0,"gold_gain":0,"player_choice":"Entered Light","damage_taken":22,"max_hp_gain":0,"max_hp_loss":0,"event_name":"Shining Light","floor":5,"gold_loss":0,"cards_upgraded":["Strike_P","Vigilance"]}],"is_beta":false,"boss_relics":[],"items_purged_floors":[],"is_endless":false,"potions_floor_spawned":[3],"killed_by":"Lagavulin","ascension_level":20}}