{"host":"5gs251imfkyqlzrh","time":1608832169,"event":{"mods":["BaseMod","Downfall","Hermit","Minty Spire (QoL Compilation)","Replay The Spire","StSLib","The Cursed","The Servant 0.9.4"],"gold_per_floor":[117,132,132,150,165,165,190,190,214,214,179,199,225,225,225,329,429,443,460,50,50,50,50],"floor_reached":22,"playtime":1406,"items_purged":["hermit:Strike_Hermit"],"score":244,"play_id":"cafe365c-b290-401e-ba32-576dc12250bd","local_time":"20201224174929","is_ascension_mode":false,"campfire_choices":[{"data":"hermit:Combo","floor":6,"key":"SMITH"},{"data":"hermit:Dive","floor":8,"key":"SMITH"},{"data":"hermit:CalledShot","floor":10,"key":"SMITH"}],"circlet_count":0,"master_deck":["hermit:Strike_Hermit","hermit:Strike_Hermit","hermit:Strike_Hermit","hermit:Defend_Hermit","hermit:Defend_Hermit","hermit:Defend_Hermit","hermit:Defend_Hermit","hermit:Snapshot","hermit:Covet","hermit:CalledShot+1","hermit:Dive+1","hermit:EyeOfTheStorm+1","hermit:Combo+1","hermit:TrackingShot","hermit:ItchyTrigger+1","hermit:FromBeyond","hermit:Quickdraw","hermit:EyeOfTheStorm"],"relics":["hermit:Momento","NeowsBlessing","ReplayTheSpireMod:TigerMarble","Omamori","Regal Pillow","Replay:Wanted Poster","hermit:Horseshoe"],"acts_visited":["Exordium","TheCity"],"potions_floor_usage":[7,16,16],"damage_taken":[{"damage":0,"enemies":"2 Louse","floor":1,"turns":1},{"damage":0,"enemies":"Cultist","floor":2,"turns":1},{"damage":0,"enemies":"Small Slimes","floor":4,"turns":1},{"damage":3,"enemies":"Red Slaver","floor":5,"turns":5},{"damage":15,"enemies":"Lagavulin","floor":7,"turns":11},{"damage":1,"enemies":"Exordium Thugs","floor":12,"turns":3},{"damage":29,"enemies":"Gremlin Nob","floor":13,"turns":4},{"damage":0,"enemies":"Hexaghost","floor":16,"turns":12},{"damage":5,"enemies":"3 Byrds","floor":18,"turns":4},{"damage":1,"enemies":"Shell Parasite","floor":19,"turns":3},{"damage":1,"enemies":"3 Cultists","floor":22,"turns":2}],"seed_played":"6515893232660097951","potions_obtained":[{"floor":4,"key":"sneckomod:MuddlingPotion"},{"floor":12,"key":"Dexterity Potion"},{"floor":13,"key":"Languid Potion"},{"floor":16,"key":"Regen Potion"}],"is_trial":false,"path_per_floor":["M","M","?","M","M","R","E","R","T","R","?","M","E","?","R","B",null,"M","M","$","?","M"],"character_chosen":"HERMIT","items_purchased":["hermit:EyeOfTheStorm","hermit:Horseshoe"],"campfire_rested":0,"item_purchase_floors":[20,20],"current_hp_per_floor":[75,75,75,75,72,72,57,57,57,57,75,74,45,45,75,75,75,70,73,73,73,72,72],"gold":50,"neow_bonus":"THREE_ENEMY_KILL","is_daily":false,"chose_seed":false,"campfire_upgraded":3,"win_rate":0.0,"timestamp":1608832169,"path_taken":["M","M","?","?","M","R","E","R","T","R","?","M","E","?","R","BOSS","M","M","$","?","M"],"items_purchased_type":["Card","Relic"],"build_version":"2020-12-22","purchased_purges":1,"victory":false,"max_hp_per_floor":[75,75,75,75,75,75,75,75,75,75,75,75,75,75,75,75,75,75,75,75,75,75,75],"card_choices":[{"not_picked":["hermit:SprayPray","hermit:CursedWeapon"],"picked":"hermit:CalledShot","floor":1},{"not_picked":["hermit:BodyArmor","hermit:TakeCover"],"picked":"hermit:Dive","floor":2},{"not_picked":["hermit:TakeAim","hermit:WideOpen"],"picked":"hermit:EyeOfTheStorm","floor":4},{"not_picked":["hermit:HighCaliber","hermit:Headshot"],"picked":"hermit:Combo","floor":5},{"not_picked":["hermit:BodyArmor","hermit:Manifest","hermit:SprayPray"],"picked":"SKIP","floor":7},{"not_picked":["hermit:FullyLoaded","hermit:BlackWind"],"picked":"hermit:TrackingShot","floor":12},{"not_picked":["hermit:SprayPray","hermit:DeadMansHand"],"picked":"hermit:ItchyTrigger","floor":13},{"not_picked":["hermit:BlackWind","hermit:OverwhelmingPower"],"picked":"hermit:FromBeyond","floor":16},{"not_picked":["hermit:HighCaliber+1","hermit:Feint","hermit:Roulette"],"picked":"SKIP","floor":18},{"not_picked":["hermit:Feint","hermit:LowProfile"],"picked":"hermit:Quickdraw","floor":19}],"player_experience":169535,"relics_obtained":[{"floor":7,"key":"ReplayTheSpireMod:TigerMarble"},{"floor":9,"key":"Omamori"},{"floor":13,"key":"Regal Pillow"}],"event_choices":[{"damage_healed":0,"gold_gain":0,"player_choice":"Bought 0 Potions","damage_taken":0,"max_hp_gain":0,"max_hp_loss":0,"event_name":"The Woman in Blue","floor":3,"gold_loss":0},{"damage_healed":18,"gold_gain":0,"player_choice":"Healed","damage_taken":0,"max_hp_gain":0,"max_hp_loss":0,"event_name":"The Cleric","floor":11,"gold_loss":35},{"damage_healed":0,"gold_gain":0,"player_choice":"Upgraded","damage_taken":0,"max_hp_gain":0,"max_hp_loss":0,"event_name":"Upgrade Shrine","floor":14,"gold_loss":0,"cards_upgraded":["hermit:EyeOfTheStorm"]},{"damage_healed":0,"gold_gain":0,"player_choice":"Ignored","damage_taken":0,"max_hp_gain":0,"max_hp_loss":0,"event_name":"N\u0027loth","floor":21,"gold_loss":0}],"is_beta":false,"boss_relics":[{"not_picked":["Honey Jar","Coffee Dripper"],"picked":"Replay:Wanted Poster"}],"items_purged_floors":[20],"is_endless":false,"potions_floor_spawned":[4,12,13,16],"killed_by":"3 Cultists","ascension_level":0}}