{"host":"scy0o1xotfn36lpl","time":1608845316,"event":{"mods":["AchievementEnabler","Aspiration","BaseMod","Better Altar","Better Note","Better Sensory Stone","Better Skull","Better Third Choice","Clawfect","Colored Map","Curses Come First","Downfall","GifTheSpireLib","Googly Eyes","Highlight Path","Minty Spire (QoL Compilation)","Permanent Neow","Replay The Spire","Spicy Shops","StSLib","everything is the same but u backflip on backflip"],"gold_per_floor":[119,119,119,138,152,152,77,102,102,102,136,148,148,161,161,263,263,280,294,294,308,308,308,321,336,336,352,364,364,393,408,408,408,408],"floor_reached":33,"playtime":2473,"items_purged":["Defend_G"],"score":281,"play_id":"586123b9-608c-4219-a0fb-ea095d82f499","local_time":"20201224132836","is_ascension_mode":false,"campfire_choices":[{"data":"Blade Dance","floor":6,"key":"SMITH"},{"floor":10,"key":"REST"},{"floor":13,"key":"REST"},{"floor":23,"key":"REST"},{"floor":29,"key":"REST"},{"floor":32,"key":"REST"}],"circlet_count":0,"master_deck":["Strike_G","Strike_G","Strike_G","Strike_G","Strike_G","Defend_G","Defend_G","Defend_G","Defend_G","Survivor","Neutralize","Backflip+1","Bandage Up","Blade Dance+1","Die Die Die","Dagger Throw","Slice","All Out Attack","ReplayTheSpireMod:From All Sides","Heel Hook+1","Deadly Poison+1","Bouncing Flask","Outmaneuver","Infinite Blades","Blade Dance","Poisoned Stab","ReplayTheSpireMod:Shiv Toss+1","Infinite Blades"],"relics":["Ring of the Snake","aspiration:DSix","Shuriken","Boot","Honey Jar","aspiration:RitualStick","Paper Crane","Ninja Scroll"],"acts_visited":["Exordium","TheCity"],"potions_floor_usage":[8,16,24,27,28,28,31,33,33],"damage_taken":[{"damage":0,"enemies":"2 Louse","floor":1,"turns":3},{"damage":0,"enemies":"Small Slimes","floor":4,"turns":5},{"damage":0,"enemies":"Cultist","floor":5,"turns":5},{"damage":33,"enemies":"Gremlin Nob","floor":8,"turns":4},{"damage":14,"enemies":"3 Sentries","floor":11,"turns":5},{"damage":9,"enemies":"Exordium Thugs","floor":12,"turns":3},{"damage":5,"enemies":"Gremlin Gang","floor":14,"turns":3},{"damage":41,"enemies":"The Guardian","floor":16,"turns":8},{"damage":0,"enemies":"3 Byrds","floor":18,"turns":3},{"damage":16,"enemies":"Shell Parasite","floor":19,"turns":4},{"damage":28,"enemies":"Snake Plant","floor":21,"turns":3},{"damage":26,"enemies":"Sentry and Sphere","floor":24,"turns":5},{"damage":5,"enemies":"Cultist and Chosen","floor":25,"turns":4},{"damage":7,"enemies":"Snake Plant","floor":27,"turns":3},{"damage":10,"enemies":"Chosen and Byrds","floor":28,"turns":3},{"damage":14,"enemies":"Gremlin Leader","floor":30,"turns":4},{"damage":13,"enemies":"Snecko","floor":31,"turns":5},{"damage":81,"enemies":"Automaton","floor":33,"turns":6}],"seed_played":"7578655923789261976","potions_obtained":[{"floor":4,"key":"Swift Potion"},{"floor":8,"key":"SteroidPotion"},{"floor":11,"key":"LifebloodPotion"},{"floor":14,"key":"SkillPotion"},{"floor":19,"key":"AttackPotion"},{"floor":21,"key":"SpeedPotion"},{"floor":27,"key":"GamblersBrew"},{"floor":28,"key":"Ancient Potion"},{"floor":30,"key":"Slimebound:ThreeZeroPotion"}],"is_trial":false,"path_per_floor":["M","?","?","M","M","R","$","E","T","R","E","M","R","M","R_BF","B",null,"M","M","?","M","?","R","M","M","T","M","M","R","E","M","R","B"],"character_chosen":"THE_SILENT","items_purchased":[],"campfire_rested":5,"item_purchase_floors":[],"current_hp_per_floor":[70,70,70,70,70,70,70,41,41,62,52,47,68,67,67,29,70,70,58,58,34,20,41,19,18,18,15,9,30,20,11,32,0,0],"gold":408,"neow_bonus":"DSIX","is_daily":false,"chose_seed":false,"campfire_upgraded":1,"win_rate":0.0,"timestamp":1608845316,"path_taken":["M","?","?","M","M","R","$","E","T","R","E","?","R","M","R_BF","BOSS","M","M","?","?","?","R","M","M","T","M","M","R","E","M","R","BOSS"],"items_purchased_type":[],"build_version":"2020-12-22","purchased_purges":1,"victory":false,"max_hp_per_floor":[70,70,70,70,70,70,70,70,70,70,70,70,70,70,70,70,70,70,70,70,70,70,70,70,70,70,70,70,70,70,70,70,70,70],"card_choices":[{"not_picked":["Dagger Spray","Prepared"],"picked":"Backflip","floor":1},{"not_picked":["expansioncontent:GoopSpray","expansioncontent:LastStand"],"picked":"Bandage Up","floor":2},{"not_picked":["Dagger Throw","Quick Slash"],"picked":"Blade Dance","floor":4},{"not_picked":["Slice","Masterful Stab"],"picked":"Die Die Die","floor":5},{"not_picked":["Hidden Blade","Reflex"],"picked":"Dagger Throw","floor":8},{"not_picked":["ReplayTheSpireMod:Exploit Weakness","PiercingWail"],"picked":"Slice","floor":11},{"not_picked":["Outmaneuver","Well Laid Plans"],"picked":"All Out Attack","floor":12},{"not_picked":["Sucker Punch","ReplayTheSpireMod:The Works","Acrobatics"],"picked":"SKIP","floor":14},{"not_picked":["Malaise","aspiration:Lunge"],"picked":"ReplayTheSpireMod:From All Sides","floor":16},{"not_picked":["ReplayTheSpireMod:Exploit Weakness","Underhanded Strike","Endless Agony"],"picked":"Heel Hook+1","floor":18},{"not_picked":["Caltrops","Poisoned Stab","Draining Mist"],"picked":"Deadly Poison+1","floor":19},{"not_picked":["Acrobatics+1","Endless Agony","Caltrops+1"],"picked":"Bouncing Flask","floor":21},{"not_picked":["Riddle With Holes+1","Deflect+1","Dagger Spray"],"picked":"Outmaneuver","floor":24},{"not_picked":["Slice","Dagger Spray","Outmaneuver+1"],"picked":"Infinite Blades","floor":25},{"not_picked":["Dagger Spray+1","ReplayTheSpireMod:Necrosis","Expertise+1"],"picked":"Blade Dance","floor":27},{"not_picked":["Sucker Punch","Quick Slash","Dash"],"picked":"Poisoned Stab","floor":28},{"not_picked":["Slice+1","Burst","Sucker Punch+1"],"picked":"ReplayTheSpireMod:Shiv Toss+1","floor":30},{"not_picked":["Hidden Blade","Well Laid Plans","Outmaneuver"],"picked":"Infinite Blades","floor":31}],"player_experience":17580,"relics_obtained":[{"floor":8,"key":"Shuriken"},{"floor":11,"key":"Boot"},{"floor":26,"key":"Paper Crane"},{"floor":30,"key":"Ninja Scroll"}],"event_choices":[{"damage_healed":0,"gold_gain":1,"player_choice":"1","damage_taken":0,"max_hp_gain":0,"max_hp_loss":0,"event_name":"betterStone:BetterStone","floor":2,"gold_loss":0},{"damage_healed":0,"gold_gain":0,"player_choice":"Upgraded","damage_taken":0,"max_hp_gain":0,"max_hp_loss":0,"event_name":"Upgrade Shrine","floor":3,"gold_loss":0,"cards_upgraded":["Backflip"]},{"damage_healed":0,"gold_gain":0,"player_choice":"Bought 0 Potions","damage_taken":0,"max_hp_gain":0,"max_hp_loss":0,"event_name":"The Woman in Blue","floor":15,"gold_loss":0},{"cards_removed":["Defend_G"],"damage_healed":0,"gold_gain":0,"player_choice":"Give","damage_taken":0,"max_hp_gain":0,"max_hp_loss":0,"event_name":"betterNote:BetterNote","floor":20,"gold_loss":0,"cards_obtained":["None"]}],"is_beta":false,"boss_relics":[{"not_picked":["Replay:Drink Me","aspiration:RitualDagger"],"picked":"Honey Jar"}],"items_purged_floors":[7],"is_endless":false,"potions_floor_spawned":[4,8,11,14,19,21,27,28,30],"killed_by":"Automaton","ascension_level":0}}