{"host":"i9wanet4r0ff4t9y","time":1608817903,"event":{"mods":["2.2 Compatiblity","Act Like it!","BaseMod","Bestiary","Better Altar","Better Match","Better Note","Better Sensory Stone","Better Skull","Better Third Choice","Better Vampires","BetterRewards","CapriCore","Curses Come First","Downfall","Minty Spire (QoL Compilation)","Quick Restart","READ ME - Guardian Mod","READ ME - Snecko Mod","Relic Stats","Replay The Spire","Say the Spire","Spicy Shops","StSLib","The Disciple","Waifu the Spire"],"gold_per_floor":[99,109,129,129,149,13,13,44,63,63,76,76,86,71,87,183,183,183,196,210,220,320,320,320,333,333,348,363,363,381,23,35,133,133,133,151,162,38,48,61,86,11,11,61,79,131,131,34,51,51],"floor_reached":51,"playtime":2398,"items_purged":["Shame"],"score":782,"play_id":"0879506f-ac98-4867-b82e-38721f2fd6fa","local_time":"20201224145143","is_ascension_mode":false,"campfire_choices":[{"floor":1,"key":"DIG"},{"data":"ReplayTheSpireMod:Brewmster","floor":10,"key":"SMITH"},{"floor":12,"key":"REST"},{"data":"The Bomb","floor":18,"key":"SMITH"},{"floor":23,"key":"REST"},{"data":"Guardian:HyperBeam_Guardian","floor":26,"key":"SMITH"},{"data":"Guardian:PrismaticBeam","floor":35,"key":"SMITH"},{"data":"Guardian:FloatingOrbs","floor":42,"key":"SMITH"},{"floor":47,"key":"REST"}],"circlet_count":0,"master_deck":["Guardian:Strike_Guardian","Guardian:Strike_Guardian","Guardian:Strike_Guardian","Guardian:Strike_Guardian","Guardian:Defend_Guardian","Guardian:Defend_Guardian","Guardian:Defend_Guardian","Guardian:Defend_Guardian","Guardian:CurlUp","Guardian:TwinSlam","Guardian:RollAttack","Guardian:CrystalBeam","Guardian:PolyBeam","Guardian:ChargeCore","The Bomb+1","ReplayTheSpireMod:Brewmster+1","expansioncontent:ChargeUp","Guardian:CrystalBeam","Guardian:FastForward","Guardian:TemporalStrike","Guardian:BronzeArmor","Guardian:BaubleBeam","Guardian:GemFinder","Guardian:Incinerate+1","Guardian:ShieldCharger+1","Guardian:Orbwalk+1","Guardian:HyperBeam_Guardian+1","Guardian:PrismaticBeam+1","Guardian:Reroute","Discovery","Guardian:FloatingOrbs+1","Guardian:RevengeProtocol","Guardian:TimeBomb","Guardian:GuardianWhirl","Guardian:FloatingOrbs","Guardian:Harden","Guardian:ChargeUp","Guardian:CrystalBeam+1","Guardian:Gem_Red","Guardian:PrismaticBarrier+1","Guardian:ChargeCore+1","Guardian:FierceBash","Guardian:ShieldSpikes","Guardian:Gem_Crimson","Guardian:BronzeArmor+1","Guardian:ChargeCore+1","Guardian:Orbwalk+1","Sadistic Nature","Swift Strike","Guardian:Gem_Red","Guardian:Gem_Green","Guardian:Gem_Green","Parasite","Guardian:Gem_Cyan","Guardian:SphericShield","Doubt","Pain","Guardian:Gem_Lightblue","Guardian:CrystalBeam","Guardian:RevengeProtocol"],"relics":["Guardian:ModeShifter","Dead Branch","ReplayTheSpireMod:ShopPack","Prayer Wheel","Pen Nib","ChewingGum","downfall:GremlinSack","Onion Ring","Membership Card","Bronze Scales","Meat on the Bone","Black Star","Singing Bowl","Peace Pipe","Potion Belt","Blue Candle","downfall:HeartBlessingBlue","Replay:Kaleidoscope","Replay:PocketPolymizer","ReplayTheSpireMod:CursedCoin","Incense Burner","ReplayFunnel","Chemical X"],"acts_visited":["Exordium","TheCity","TheBeyond"],"potions_floor_usage":[8,8,9,9,11,13,13,15,16,16,16,16,16,16,16,19,19,19,20,20,20,21,22,22,22,25,25,25,27,27,30,32,33,33,33,37,37,39,40,40,40,44,46,46,46,50,50,50],"damage_taken":[{"damage":0,"enemies":"Small Slimes","floor":2,"turns":3},{"damage":5,"enemies":"Cultist","floor":3,"turns":4},{"damage":8,"enemies":"Jaw Worm","floor":5,"turns":4},{"damage":0,"enemies":"downfall:FleeingMerchant","floor":6,"turns":4},{"damage":13,"enemies":"Lagavulin","floor":8,"turns":6},{"damage":27,"enemies":"Gremlin Gang","floor":9,"turns":5},{"damage":7,"enemies":"2 Fungi Beasts","floor":11,"turns":3},{"damage":1,"enemies":"3 Louse","floor":13,"turns":3},{"damage":6,"enemies":"downfall:FleeingMerchant","floor":14,"turns":4},{"damage":3,"enemies":"Exordium Thugs","floor":15,"turns":3},{"damage":26,"enemies":"downfall:Silent","floor":16,"turns":8},{"damage":7,"enemies":"Spheric Guardian","floor":19,"turns":4},{"damage":2,"enemies":"Chosen","floor":20,"turns":4},{"damage":32,"enemies":"3 Cultists","floor":21,"turns":6},{"damage":14,"enemies":"3 Cultists","floor":22,"turns":4},{"damage":0,"enemies":"Centurion and Healer","floor":25,"turns":3},{"damage":12,"enemies":"Snake Plant","floor":27,"turns":1},{"damage":17,"enemies":"Cultist and Chosen","floor":28,"turns":5},{"damage":6,"enemies":"3 Cultists","floor":30,"turns":3},{"damage":15,"enemies":"downfall:FleeingMerchant","floor":31,"turns":4},{"damage":0,"enemies":"Snecko","floor":32,"turns":4},{"damage":25,"enemies":"downfall:Watcher","floor":33,"turns":7},{"damage":6,"enemies":"3 Darklings","floor":36,"turns":3},{"damage":10,"enemies":"Orb Walker","floor":37,"turns":4},{"damage":22,"enemies":"downfall:FleeingMerchant","floor":38,"turns":3},{"damage":24,"enemies":"Maw","floor":39,"turns":6},{"damage":0,"enemies":"Spire Growth","floor":40,"turns":3},{"damage":11,"enemies":"Mind Bloom Boss Battle","floor":44,"turns":5},{"damage":9,"enemies":"Writhing Mass","floor":45,"turns":5},{"damage":29,"enemies":"2 Orb Walkers","floor":46,"turns":4},{"damage":33,"enemies":"Maw","floor":49,"turns":6},{"damage":13,"enemies":"downfall:Defect","floor":50,"turns":6}],"seed_played":"657294724185941906","potions_obtained":[{"floor":8,"key":"Weak Potion"},{"floor":9,"key":"DistilledChaos"},{"floor":11,"key":"Guardian:AcceleratePotion"},{"floor":16,"key":"BlessingOfTheForge"},{"floor":19,"key":"EssenceOfSteel"},{"floor":20,"key":"Reflective Coating"},{"floor":25,"key":"Death Potion"},{"floor":29,"key":"Strength Potion"},{"floor":29,"key":"Regen Potion"},{"floor":32,"key":"Adrenaline Potion"},{"floor":33,"key":"Weak Potion"},{"floor":36,"key":"Milkshake"},{"floor":39,"key":"hexamod:EctoCoolerPotion"},{"floor":44,"key":"sneckomod:MuddlingPotion"},{"floor":45,"key":"LiquidBronze"}],"is_trial":false,"path_per_floor":["R","M","M","?","M","$","T","E","M","R","M","R","M","$","M","B",null,"R","M","M","M","?","R","T","M","R","M","M","?","M","$","M","B",null,"R","M","M","$","M","M","T","R","?","?","M","?","R","$","M","B",null],"character_chosen":"GUARDIAN","items_purchased":["ReplayTheSpireMod:ShopPack","Membership Card","Bronze Scales","Meat on the Bone","Singing Bowl","Peace Pipe","Potion Belt","Blue Candle","Sadistic Nature","Swift Strike","Guardian:Gem_Red","ReplayTheSpireMod:CursedCoin","Incense Burner","ReplayFunnel","Chemical X"],"campfire_rested":3,"item_purchase_floors":[6,31,31,31,38,38,38,38,38,38,38,48,48,48,48],"current_hp_per_floor":[80,80,75,90,82,82,82,69,42,42,35,62,61,55,52,26,90,90,83,81,49,35,62,62,62,62,50,33,33,36,21,33,20,90,90,84,74,52,44,58,58,68,68,57,60,45,77,77,56,55],"gold":51,"neow_bonus":"ONE_RANDOM_RARE_CARD","is_daily":false,"chose_seed":false,"campfire_upgraded":5,"win_rate":0.0,"timestamp":1608817903,"path_taken":["R","M","M","?","?","?","T","E","M","R","M","R","?","?","M","BOSS","R","M","M","M","?","R","T","M","R","M","M","?","M","$","M","BOSS","R","M","M","$","?","M","T","R","?","?","M","?","R","?","M","BOSS"],"items_purchased_type":["Relic","Relic","Relic","Relic","Relic","Relic","Relic","Relic","Card","Card","Card","Relic","Relic","Relic","Relic"],"build_version":"2020-12-22","purchased_purges":1,"victory":true,"max_hp_per_floor":[80,80,80,90,90,90,90,90,90,90,90,90,90,90,90,90,90,90,90,90,90,90,90,90,90,90,90,90,90,90,90,90,90,90,90,90,90,90,94,96,96,106,106,106,106,108,108,108,108,108],"relic_stats":{"Peace Pipe":0,"Singing Bowl":8,"counters":[32,137],"Dead Branch":[116],"Bronze Scales":[117],"Blue Candle":[3],"Prayer Wheel":18,"Pen Nib":[23],"Black Star":0,"Chemical X":[2],"obtain_stats":[{"Potion Belt":38,"ReplayFunnel":48,"Replay:PocketPolymizer":46,"Singing Bowl":38,"ReplayTheSpireMod:CursedCoin":48,"Dead Branch":1,"Blue Candle":38,"Guardian:ModeShifter":0,"Pen Nib":8,"Incense Burner":48,"Replay:Kaleidoscope":44,"Peace Pipe":38,"downfall:GremlinSack":22,"downfall:HeartBlessingBlue":42,"Bronze Scales":31,"Prayer Wheel":7,"ChewingGum":17,"Onion Ring":24,"Black Star":34,"Membership Card":31,"Chemical X":48,"ReplayTheSpireMod:ShopPack":6,"Meat on the Bone":31},{"Potion Belt":25,"ReplayFunnel":30,"Replay:PocketPolymizer":30,"Singing Bowl":25,"ReplayTheSpireMod:CursedCoin":30,"Dead Branch":0,"Blue Candle":25,"Guardian:ModeShifter":0,"Pen Nib":5,"Incense Burner":30,"Replay:Kaleidoscope":28,"Peace Pipe":25,"downfall:GremlinSack":15,"downfall:HeartBlessingBlue":27,"Bronze Scales":20,"Prayer Wheel":4,"ChewingGum":11,"Onion Ring":15,"Black Star":22,"Membership Card":20,"Chemical X":30,"ReplayTheSpireMod:ShopPack":4,"Meat on the Bone":20},{"Potion Belt":102,"ReplayFunnel":125,"Replay:PocketPolymizer":125,"Singing Bowl":102,"ReplayTheSpireMod:CursedCoin":125,"Dead Branch":0,"Blue Candle":102,"Guardian:ModeShifter":0,"Pen Nib":21,"Incense Burner":125,"Replay:Kaleidoscope":116,"Peace Pipe":102,"downfall:GremlinSack":65,"downfall:HeartBlessingBlue":111,"Bronze Scales":81,"Prayer Wheel":15,"ChewingGum":47,"Onion Ring":65,"Black Star":92,"Membership Card":81,"Chemical X":125,"ReplayTheSpireMod:ShopPack":15,"Meat on the Bone":81}],"Meat on the Bone":96},"card_choices":[{"not_picked":["Guardian:PrimingBeam","Guardian:Recover"],"picked":"Guardian:RollAttack","floor":2},{"not_picked":["Guardian:Reroute","Guardian:RollAttack"],"picked":"Guardian:CrystalBeam","floor":3},{"not_picked":["Guardian:Recover","Guardian:Preprogram"],"picked":"Guardian:PolyBeam","floor":5},{"not_picked":["Guardian:ShieldCharger","Guardian:RefractedBeam"],"picked":"Guardian:ChargeCore","floor":6},{"not_picked":["Midas Touch","Metamorphosis"],"picked":"The Bomb","floor":6},{"not_picked":["expansioncontent:DecasProtection","Impatience"],"picked":"ReplayTheSpireMod:Brewmster","floor":6},{"not_picked":["expansioncontent:PolyBeam","expansioncontent:AwakenDeath"],"picked":"expansioncontent:ChargeUp","floor":6},{"not_picked":["Guardian:Gem_Lightblue","Guardian:Gem_Cyan"],"picked":"Guardian:Gem_Green","floor":8},{"not_picked":["Guardian:ChargeUp","Guardian:Gem_Green"],"picked":"Guardian:ArmoredProtocol","floor":9},{"not_picked":["Guardian:PrismaticBeam","Guardian:Suspension"],"picked":"Guardian:Gem_Yellow","floor":9},{"not_picked":["Guardian:PrimingBeam","Guardian:Suspension"],"picked":"Guardian:CrystalBeam","floor":11},{"not_picked":["Guardian:Reroute","Guardian:GuardianWhirl"],"picked":"Guardian:FastForward","floor":11},{"not_picked":["Guardian:Suspension","Guardian:Planning"],"picked":"Guardian:TemporalStrike","floor":13},{"not_picked":["Guardian:Reroute","Guardian:Gem_Red"],"picked":"Guardian:BronzeArmor","floor":13},{"not_picked":["Guardian:TimeCapacitor","Guardian:VentSteam"],"picked":"Guardian:BaubleBeam","floor":14},{"not_picked":["Guardian:Planning","Guardian:PrismaticBeam"],"picked":"Guardian:Gem_Cyan","floor":15},{"not_picked":["Guardian:SentryBeam","Guardian:CrystalBeam"],"picked":"Guardian:Gem_Lightblue","floor":15},{"not_picked":["Guardian:AncientConstruct","Guardian:TimeSifter"],"picked":"Guardian:GemFinder","floor":16},{"not_picked":["Guardian:Gem_Cyan","Guardian:Gem_Green"],"picked":"Guardian:Gem_Red","floor":19},{"not_picked":["Guardian:RollAttack","Guardian:Gem_Green"],"picked":"Guardian:Gem_Cyan","floor":19},{"not_picked":["Guardian:CrystalBeam","Guardian:Gem_Cyan"],"picked":"Guardian:Gem_Red","floor":19},{"not_picked":["Guardian:Gem_Cyan","Guardian:Gem_Green"],"picked":"Guardian:Gem_Red","floor":20},{"not_picked":["Guardian:RollAttack+1","Guardian:Gem_Cyan"],"picked":"Guardian:Gem_Blue","floor":20},{"not_picked":["Guardian:PiercingHide+1","Guardian:WalkerClaw"],"picked":"Guardian:Incinerate+1","floor":20},{"not_picked":["Guardian:Gem_Green","Guardian:Gem_Red"],"picked":"Guardian:Gem_Lightblue","floor":21},{"not_picked":["Guardian:Gem_White","Guardian:RollAttack"],"picked":"Guardian:ShieldCharger+1","floor":21},{"not_picked":["Guardian:VentSteam","Guardian:Incinerate"],"picked":"Guardian:Orbwalk+1","floor":21},{"not_picked":["Guardian:PiercingHide","Guardian:Planning"],"picked":"Guardian:FloatingOrbs","floor":22},{"not_picked":["Guardian:SpikerProtocol+1","Guardian:PiercingHide"],"picked":"Guardian:Gem_Fragmented","floor":25},{"not_picked":["Guardian:ChargeCore","Guardian:Reroute"],"picked":"Guardian:RevengeProtocol","floor":25},{"not_picked":["Guardian:Gem_Lightblue","Guardian:Gem_Red"],"picked":"Guardian:Gem_Cyan","floor":27},{"not_picked":["Guardian:Repulse","Guardian:RollAttack"],"picked":"Guardian:TimeBomb","floor":27},{"not_picked":["Guardian:Suspension","Guardian:VentSteam"],"picked":"Guardian:GuardianWhirl","floor":27},{"not_picked":["Guardian:ShieldCharger","Guardian:PolyBeam"],"picked":"Guardian:FloatingOrbs","floor":28},{"not_picked":["Guardian:FastForward","Guardian:WalkerClaw"],"picked":"Guardian:Harden","floor":28},{"not_picked":["Guardian:ArmoredProtocol","Guardian:ShieldCharger"],"picked":"Guardian:ChargeUp","floor":30},{"not_picked":["Guardian:TemporalShield","Guardian:PrimingBeam"],"picked":"Guardian:CrystalBeam+1","floor":30},{"not_picked":["Guardian:RefractedBeam","Guardian:TimeSifter"],"picked":"Guardian:Gem_Red","floor":31},{"not_picked":["Guardian:RollAttack","Guardian:Incinerate"],"picked":"Guardian:PrismaticBarrier+1","floor":32},{"not_picked":["Guardian:PiercingHide","Guardian:Suspension"],"picked":"Guardian:ChargeCore+1","floor":32},{"not_picked":["Guardian:Gem_Green","Guardian:Gem_Red"],"picked":"Guardian:Gem_Lightblue","floor":33},{"not_picked":["Guardian:StasisStrike","Guardian:SphericShield"],"picked":"Guardian:FierceBash","floor":33},{"not_picked":["Guardian:PolyBeam","Guardian:ChargeCore+1"],"picked":"Guardian:ShieldSpikes","floor":36},{"not_picked":["Guardian:Suspension+1","Guardian:Gem_Blue"],"picked":"Guardian:Gem_Crimson","floor":36},{"not_picked":["Guardian:RefractedBeam","Guardian:Recover+1"],"picked":"Guardian:BronzeArmor+1","floor":37},{"not_picked":["Guardian:Planning+1","Guardian:BronzeArmor+1"],"picked":"Guardian:ChargeCore+1","floor":37},{"not_picked":["Guardian:Gem_White","Guardian:Recover+1"],"picked":"Guardian:Orbwalk+1","floor":38},{"not_picked":["Guardian:Harden+1","Guardian:Planning","Guardian:Suspension"],"picked":"Singing Bowl","floor":39},{"not_picked":["Guardian:CrystalBeam+1","Guardian:Emergency","Guardian:ChargeCore+1"],"picked":"Singing Bowl","floor":39},{"not_picked":["Guardian:SpikerProtocol+1","Guardian:ChargeCore+1"],"picked":"Guardian:Gem_Green","floor":40},{"not_picked":["Guardian:BronzeArmor","Guardian:PiercingHide+1","Guardian:Planning"],"picked":"Singing Bowl","floor":40},{"not_picked":["Guardian:ChargeCore","Guardian:Harden"],"picked":"Guardian:Gem_Green","floor":44},{"not_picked":["Guardian:VentSteam+1","Guardian:TimeBomb"],"picked":"Guardian:Gem_Cyan","floor":45},{"not_picked":["Guardian:Recover+1","Guardian:DecasProtection"],"picked":"Guardian:SphericShield","floor":45},{"not_picked":["Guardian:ChargeCore","Guardian:Gem_Cyan","Guardian:PolyBeam"],"picked":"Singing Bowl","floor":46},{"not_picked":["Guardian:Gem_Green","Guardian:Gem_Cyan"],"picked":"Guardian:Gem_Lightblue","floor":49},{"not_picked":["Guardian:Harden","Guardian:SpikerProtocol"],"picked":"Guardian:CrystalBeam","floor":49},{"not_picked":["Guardian:Harden","Guardian:ChargeCore"],"picked":"Guardian:RevengeProtocol","floor":49}],"player_experience":402603,"relics_obtained":[{"floor":1,"key":"Dead Branch"},{"floor":7,"key":"Prayer Wheel"},{"floor":8,"key":"Pen Nib"},{"floor":22,"key":"downfall:GremlinSack"},{"floor":24,"key":"Onion Ring"},{"floor":44,"key":"Replay:Kaleidoscope"},{"floor":46,"key":"Replay:PocketPolymizer"}],"event_choices":[{"cards_removed":["Guardian:ExploitGems"],"damage_healed":5,"gold_gain":0,"player_choice":"Offered Rare","damage_taken":0,"max_hp_gain":10,"max_hp_loss":0,"event_name":"Bonfire Elementals","floor":4,"gold_loss":0},{"damage_healed":0,"gold_gain":0,"player_choice":"Got Potions","damage_taken":0,"max_hp_gain":0,"max_hp_loss":0,"event_name":"Lab","floor":29,"gold_loss":0},{"cards_removed":["Guardian:ArmoredProtocol"],"damage_healed":0,"gold_gain":0,"player_choice":"Removed Power","damage_taken":0,"max_hp_gain":0,"max_hp_loss":0,"event_name":"Falling","floor":43,"gold_loss":0},{"damage_healed":0,"gold_gain":0,"player_choice":"Fight","damage_taken":0,"max_hp_gain":0,"max_hp_loss":0,"event_name":"Mysterious Sphere","floor":46,"gold_loss":0}],"is_beta":false,"boss_relics":[{"not_picked":["Sozu","Runic Pyramid"],"picked":"ChewingGum"},{"not_picked":["Empty Cage","Snecko Eye"],"picked":"Black Star"}],"items_purged_floors":[38],"is_endless":false,"potions_floor_spawned":[8,9,11,16,19,20,25,32,33,36,39,44,45],"ascension_level":0}}