{"host":"sav7uxregyirlf69","time":1608777106,"event":{"mods":["AchievementEnabler","BaseMod","Colored Map","DeckTracker","Keyboard Shortcuts","Minty Spire (QoL Compilation)","READ ME - Guardian Mod","StSLib","SuperFastMode"],"gold_per_floor":[209,219,169,183,183,183,212,69,92,92,103,103,103,28,28,129,129,144,155,155,155,155],"floor_reached":21,"playtime":327,"items_purged":["Pain"],"score":266,"play_id":"9cc9f945-b8d3-44f2-b65b-2696d80e40f9","local_time":"20201224113146","is_ascension_mode":true,"campfire_choices":[{"data":"Wild Strike","floor":6,"key":"SMITH"},{"data":"Bash","floor":13,"key":"SMITH"},{"data":"Pummel","floor":15,"key":"SMITH"}],"circlet_count":0,"master_deck":["AscendersBane","Strike_R+1","Strike_R","Strike_R+1","Defend_R","Defend_R","Defend_R","Defend_R","Bash+1","Wild Strike+1","Pummel+1","Immolate","Seeing Red+1"],"relics":["Burning Blood","MealTicket","Vajra","Medical Kit","Pen Nib","WarpedTongs","Runic Pyramid"],"acts_visited":["Exordium","TheCity"],"potions_floor_usage":[16,21],"damage_taken":[{"damage":5,"enemies":"Jaw Worm","floor":1,"turns":5},{"damage":0,"enemies":"Small Slimes","floor":2,"turns":3},{"damage":0,"enemies":"Cultist","floor":4,"turns":3},{"damage":45,"enemies":"3 Sentries","floor":7,"turns":9},{"damage":7,"enemies":"3 Louse","floor":11,"turns":4},{"damage":30,"enemies":"Hexaghost","floor":16,"turns":8},{"damage":10,"enemies":"Shell Parasite","floor":18,"turns":3},{"damage":40,"enemies":"2 Thieves","floor":19,"turns":4},{"damage":27,"enemies":"Centurion and Healer","floor":21,"turns":3}],"seed_played":"-5097468547078759154","potions_obtained":[{"floor":1,"key":"Dexterity Potion"},{"floor":7,"key":"AttackPotion"},{"floor":19,"key":"Block Potion"}],"is_trial":false,"path_per_floor":["M","M","?","M","?","R","E","$","T","?","M","?","R","$","R","B",null,"M","M","?","M"],"character_chosen":"IRONCLAD","items_purchased":["Medical Kit"],"campfire_rested":0,"item_purchase_floors":[8],"current_hp_per_floor":[73,79,79,80,68,68,29,44,44,44,43,27,27,42,42,18,65,61,27,27,0,0],"gold":155,"neow_bonus":"HUNDRED_GOLD","is_daily":false,"chose_seed":false,"campfire_upgraded":3,"win_rate":0.0,"timestamp":1608777106,"path_taken":["M","M","?","M","?","R","E","$","T","?","?","?","R","$","R","BOSS","M","M","?","?"],"items_purchased_type":["Relic"],"build_version":"2020-12-22","purchased_purges":1,"victory":false,"max_hp_per_floor":[80,80,80,80,80,80,80,80,80,80,80,80,80,80,80,80,80,80,80,80,80,80],"card_choices":[{"not_picked":["Iron Wave","True Grit","Heavy Blade"],"picked":"SKIP","floor":1},{"not_picked":["Whirlwind","Second Wind"],"picked":"Wild Strike","floor":2},{"not_picked":["Twin Strike","Sever Soul","Clash"],"picked":"SKIP","floor":4},{"not_picked":["Searing Blow","Havoc"],"picked":"Pummel","floor":7},{"not_picked":["Corruption","Warcry","Clothesline"],"picked":"SKIP","floor":11},{"not_picked":["Brutality","Limit Break"],"picked":"Immolate","floor":16},{"not_picked":["Dual Wield+1","Whirlwind","Pommel Strike"],"picked":"SKIP","floor":18},{"not_picked":["Havoc","Twin Strike"],"picked":"Seeing Red+1","floor":19}],"player_experience":994994,"relics_obtained":[{"floor":7,"key":"Vajra"},{"floor":9,"key":"Pen Nib"}],"event_choices":[{"cards_removed":["Strike_R"],"damage_healed":0,"gold_gain":0,"player_choice":"Card Removal","damage_taken":0,"max_hp_gain":0,"max_hp_loss":0,"event_name":"The Cleric","floor":3,"gold_loss":50},{"damage_healed":0,"gold_gain":0,"player_choice":"Success","damage_taken":12,"relics_obtained":["MealTicket"],"max_hp_gain":0,"max_hp_loss":0,"event_name":"Scrap Ooze","floor":5,"gold_loss":0},{"damage_healed":0,"gold_gain":0,"player_choice":"Rummage","damage_taken":0,"relics_obtained":["WarpedTongs"],"max_hp_gain":0,"max_hp_loss":0,"event_name":"Accursed Blacksmith","floor":10,"gold_loss":0,"cards_obtained":["Pain"]},{"damage_healed":0,"gold_gain":0,"player_choice":"Entered Light","damage_taken":16,"max_hp_gain":0,"max_hp_loss":0,"event_name":"Shining Light","floor":12,"gold_loss":0,"cards_upgraded":["Strike_R","Strike_R"]},{"cards_removed":["Strike_R"],"damage_healed":0,"gold_gain":0,"player_choice":"Purged","damage_taken":0,"max_hp_gain":0,"max_hp_loss":0,"event_name":"Purifier","floor":20,"gold_loss":0}],"is_beta":false,"boss_relics":[{"not_picked":["Velvet Choker","Black Star"],"picked":"Runic Pyramid"}],"items_purged_floors":[14],"is_endless":false,"potions_floor_spawned":[1,7,19],"killed_by":"Centurion and Healer","ascension_level":10}}