{"host":"9n9nzkokhxe59gmc","time":1608798574,"event":{"mods":["Act Like it!","BaseMod","Elementarium","Hallownest","Hermit","Hubris","Infinite Spire","Menagerie","Minty Spire (QoL Compilation)","Replay The Spire","Shade Mod","StSLib","The Marked","The Servant 0.9.4"],"gold_per_floor":[15,15,29,29,47,80,80,110,110,35,45,72,72,86,86,184,184,203,158,78,78,78,78,112,125,125,125,144,154,154],"floor_reached":29,"playtime":1317,"items_purged":[],"score":261,"play_id":"866c78e0-5bb5-4b3f-add8-24f1ea96a931","local_time":"20201224002934","is_ascension_mode":false,"campfire_choices":[{"floor":7,"key":"REST"},{"floor":15,"key":"REST"},{"data":"theMarked:BindingBlade","floor":23,"key":"SMITH"}],"circlet_count":0,"master_deck":["theMarked:Strike","theMarked:Strike","theMarked:Strike","theMarked:Strike","theMarked:Strike","theMarked:Defend","theMarked:Defend","theMarked:Defend+1","theMarked:Defend","theMarked:SoldierOfQuellstein+1","theMarked:HeightenedSenses","theMarked:MysticalArsenal+1","theMarked:Static","theMarked:Challenge","theMarked:SwordAndMagic","Hallownest:skillGreenpathMap","theMarked:Aftermath","theMarked:BindingBlade+1","theMarked:Overcharge","theMarked:Challenge","theMarked:Aftermath","Hallownest:skillCityofTearsMap","theMarked:WardOff"],"relics":["theMarked:ArtifactOfAir","War Paint","Hallownest:DreamNailRelic","ReplayTheSpireMod:TigerMarble","theMarked:Gun","infinitespire:WardingShard","Ginger","Philosopher\u0027s Stone","MealTicket","Replay:Towering Pillar of Hats","Du-Vu Doll"],"acts_visited":["Exordium","Hallownest:Greenpath"],"potions_floor_usage":[8,8,12,29],"damage_taken":[{"damage":0,"enemies":"Hallownest:2_Tiktiks_and_1_Crawlid","floor":1,"turns":4},{"damage":4,"enemies":"Hallownest:2_Baldur","floor":3,"turns":5},{"damage":7,"enemies":"2_ Uuma","floor":5,"turns":5},{"damage":16,"enemies":"Hallownest:eliteVengeflyKing","floor":6,"turns":7},{"damage":17,"enemies":"Hallownest:eliteCrystalGuardian","floor":8,"turns":5},{"damage":11,"enemies":"Hallownest:1_Baldur_1_Crawlid_1_Warrior","floor":11,"turns":6},{"damage":13,"enemies":"Hallownest:eliteMossKnight","floor":12,"turns":6},{"damage":7,"enemies":"Hallownest:MossCreep_and_Mosskin","floor":14,"turns":5},{"damage":12,"enemies":"Hallownest:BossHornet","floor":16,"turns":7},{"damage":23,"enemies":"Hallownest:3_Youths","floor":18,"turns":6},{"damage":55,"enemies":"Nightmare","floor":24,"turns":8},{"damage":0,"enemies":"Hallownest:2_Mistakes","floor":25,"turns":7},{"damage":0,"enemies":"Hallownest:monsterMisterMushroom","floor":28,"turns":3},{"damage":15,"enemies":"Hallownest:Glutton_and_Coward","floor":29,"turns":1}],"seed_played":"2159469690714294185","potions_obtained":[{"floor":5,"key":"DuplicationPotion"},{"floor":6,"key":"LiquidMemories"},{"floor":11,"key":"Fire Potion"},{"floor":16,"key":"Dexterity Potion"},{"floor":18,"key":"SteroidPotion"},{"floor":28,"key":"LiquidMemories"}],"is_trial":false,"path_per_floor":["M","?","M","$","M","E","R","E","T","?","M","E","?","M","R","B",null,"M","?","?","?","AVR","R","NM","M","T","?","M","M"],"character_chosen":"THE_DEFAULT","items_purchased":[],"campfire_rested":2,"item_purchase_floors":[],"current_hp_per_floor":[70,70,66,66,59,43,64,47,47,47,36,23,10,3,24,12,70,47,53,53,67,67,67,12,12,12,12,12,0,0],"gold":154,"neow_bonus":"RANDOM_EVENT","is_daily":false,"chose_seed":false,"campfire_upgraded":1,"win_rate":0.0,"timestamp":1608798574,"path_taken":["M","?","M","?","M","E","R","E","T","?","?","E","?","?","R","BOSS","M","?","?","?","AVR","R","NM","M","T","?","M","?"],"items_purchased_type":[],"build_version":"2020-12-22","purchased_purges":0,"victory":false,"max_hp_per_floor":[70,70,70,70,70,70,70,70,70,70,70,70,70,70,70,70,70,70,76,76,76,76,76,76,76,76,76,76,76,76],"card_choices":[{"not_picked":["theMarked:Electrocute","theMarked:WastefulAttack"],"picked":"theMarked:HeightenedSenses","floor":1},{"not_picked":["theMarked:WastefulAttack","theMarked:BanishingWave"],"picked":"theMarked:MysticalArsenal","floor":3},{"not_picked":["theMarked:HeightenedSenses","theMarked:Electrocute"],"picked":"theMarked:Static","floor":5},{"not_picked":["theMarked:ChainLightning","theMarked:MuscleMemory"],"picked":"theMarked:Challenge","floor":6},{"not_picked":["theMarked:RepellingDischarge","theMarked:EmpowerWeapon"],"picked":"theMarked:SwordAndMagic","floor":8},{"not_picked":["theMarked:Improvise","theMarked:Electrocute"],"picked":"theMarked:Aftermath","floor":11},{"not_picked":["theMarked:RogueSparks","theMarked:MagicAdept"],"picked":"theMarked:BindingBlade","floor":12},{"not_picked":["theMarked:Frustration","theMarked:EmpowerWeapon"],"picked":"theMarked:Overcharge","floor":14},{"not_picked":["theMarked:Levitate","theMarked:ThrowWeapon"],"picked":"theMarked:Challenge","floor":16},{"not_picked":["theMarked:Electrocute","theMarked:WastefulDefense"],"picked":"theMarked:Aftermath","floor":18},{"not_picked":["theMarked:Frustration+1","theMarked:ResourceFulStrike"],"picked":"theMarked:WardOff","floor":24},{"not_picked":["theMarked:RogueSparks","theMarked:ShockingTouch","theMarked:Static"],"picked":"SKIP","floor":25},{"not_picked":["theMarked:Improvise+1","theMarked:Static","theMarked:TunnelVision+1"],"picked":"SKIP","floor":28}],"player_experience":722549,"relics_obtained":[{"floor":6,"key":"ReplayTheSpireMod:TigerMarble"},{"floor":8,"key":"theMarked:Gun"},{"floor":9,"key":"infinitespire:WardingShard"},{"floor":12,"key":"Ginger"},{"floor":24,"key":"Replay:Towering Pillar of Hats"},{"floor":26,"key":"Du-Vu Doll"}],"event_choices":[],"is_beta":false,"boss_relics":[{"not_picked":["Coffee Dripper","ChewingGum"],"picked":"Philosopher\u0027s Stone"}],"items_purged_floors":[],"is_endless":true,"potions_floor_spawned":[5,6,11,16,18,28],"killed_by":"Hallownest:Glutton_and_Coward","ascension_level":0}}