{"host":"27tk4xseidcli2mr","time":1608818746,"event":{"mods":["2.2 Compatiblity","AchievementEnabler","Aspiration","BaseMod","Better Third Choice","Conspire","Custom Start","Hubris","Jorbs\u0027s Wanderer Trilogy","Minty Spire (QoL Compilation)","Replay The Spire","StSLib","SuperFastMode","[IsaacMod]????"],"gold_per_floor":[110,110,127,15,115,115,144,144,168,168,168],"floor_reached":10,"playtime":244,"items_purged":["Injury"],"score":128,"play_id":"f8660083-d957-40e4-b05c-aa4c4d501dff","local_time":"20201224150546","is_ascension_mode":true,"campfire_choices":[{"data":"DoctorFetus","floor":6.0,"key":"SMITH"},{"floor":8.0,"key":"REST"}],"circlet_count":0,"master_deck":["AscendersBane","Strike_B","Strike_B","Strike_B+1","Strike_B+1","Defend_B","Defend_B","Defend_B","Defend_B","Zap","Dualcast","DoctorFetus+1","BasicCrystalCard","Glacier","conspire:SharedLibrary+1","Coolheaded","ElectricPowerLearning+1"],"relics":["Cracked Core","HushsDoor","KeepersGift","aspiration:Nostalgia","Replay:M_StaffOfTheSnake","Frozen Egg 2","Whetstone"],"acts_visited":["Exordium"],"potions_floor_usage":[],"damage_taken":[{"damage":18.0,"enemies":"2 Louse","floor":1.0,"turns":3.0},{"damage":7.0,"enemies":"Jaw Worm","floor":3.0,"turns":3.0},{"damage":22.0,"enemies":"3 Sentries","floor":7.0,"turns":5.0},{"damage":42,"enemies":"Gremlin Nob","floor":10,"turns":4}],"seed_played":"8148673915099447397","potions_obtained":[],"is_trial":false,"path_per_floor":["M","?","M","$","?","R","E","R","T","E"],"character_chosen":"DEFECT","items_purchased":["conspire:SharedLibrary+1"],"campfire_rested":1,"item_purchase_floors":[4],"current_hp_per_floor":[46,46,39,39,39,39,17,38,38,0,0],"gold":168,"neow_bonus":"NOSTALGIA","is_daily":false,"chose_seed":false,"campfire_upgraded":1,"win_rate":0.0,"timestamp":1608818746,"path_taken":["M","?","?","$","?","R","E","R","T","E"],"items_purchased_type":["Card"],"build_version":"2020-12-22","purchased_purges":1,"victory":false,"max_hp_per_floor":[71,71,71,71,71,71,71,71,71,71,71],"card_choices":[{"not_picked":[],"picked":"DoctorFetus","floor":0.0},{"not_picked":["Recycle","ReplayTheSpireMod:Repulse"],"picked":"BasicCrystalCard","floor":1.0},{"not_picked":["Auto Shields","Undo"],"picked":"Glacier","floor":3.0},{"not_picked":["CutThroughFate","Ball Lightning"],"picked":"Coolheaded","floor":5.0},{"not_picked":["Ball Lightning","Rebound"],"picked":"ElectricPowerLearning+1","floor":7.0}],"player_experience":1220169,"relics_obtained":[{"floor":7.0,"key":"Whetstone"}],"event_choices":[],"is_beta":false,"boss_relics":[],"items_purged_floors":[4],"is_endless":false,"potions_floor_spawned":[],"killed_by":"Gremlin Nob","ascension_level":20}}