{"host":"99ad87xtd5ypi7ii","time":1608804936,"event":{"mods":["BaseMod","Hermit","Highlight Path","Marisa????????","Minty Spire (QoL Compilation)","Robot Space Explorer","StSLib","The Bladedancer","The Construct","The Cursed","The Disciple","The Gatherer","The Hierophant","The Runesmith","The Servant 0.9.4","TheVacant"],"gold_per_floor":[18,293,306,325,325,325,171,187,214,214,227,227,227,227],"floor_reached":13,"playtime":704,"items_purged":["hermit:Strike_Hermit"],"score":75,"play_id":"2f8b86a4-e5a9-4925-b1cc-0709927a98b4","local_time":"20201224111536","is_ascension_mode":false,"campfire_choices":[{"data":"hermit:EyeOfTheStorm","floor":6,"key":"SMITH"},{"data":"hermit:GoldenBullet","floor":10,"key":"SMITH"},{"floor":12,"key":"REST"}],"circlet_count":0,"master_deck":["hermit:Strike_Hermit","hermit:Strike_Hermit","hermit:Strike_Hermit","hermit:Defend_Hermit","hermit:Defend_Hermit","hermit:Defend_Hermit","hermit:Defend_Hermit","hermit:Snapshot","hermit:Covet","hermit:TrackingShot","Regret","hermit:EyeOfTheStorm","hermit:EyeOfTheStorm+1","Regret","hermit:GoldenBullet+1","hermit:DeadMansHand","hermit:SprayPray"],"relics":["hermit:Momento","Bird Faced Urn","Lantern","Smiling Mask"],"acts_visited":["Exordium"],"potions_floor_usage":[13],"damage_taken":[{"damage":5,"enemies":"Small Slimes","floor":1,"turns":3},{"damage":5,"enemies":"Cultist","floor":3,"turns":4},{"damage":2,"enemies":"2 Louse","floor":4,"turns":3},{"damage":16,"enemies":"2 Fungi Beasts","floor":8,"turns":5},{"damage":15,"enemies":"Gremlin Gang","floor":11,"turns":5},{"damage":45,"enemies":"3 Sentries","floor":13,"turns":6}],"seed_played":"-1549849969639746403","potions_obtained":[{"floor":3,"key":"SmokeBomb"},{"floor":4,"key":"CultistPotion"}],"is_trial":false,"path_per_floor":["M","?","M","M","?","R","$","M","T","R","M","R","E"],"character_chosen":"HERMIT","items_purchased":["hermit:GoldenBullet"],"campfire_rested":1,"item_purchase_floors":[7],"current_hp_per_floor":[70,70,65,63,63,63,63,47,47,47,32,54,9,9],"gold":227,"neow_bonus":"ONE_RARE_RELIC","is_daily":false,"chose_seed":false,"campfire_upgraded":2,"win_rate":0.0,"timestamp":1608804936,"path_taken":["M","?","?","?","?","R","$","M","T","R","M","R","E"],"items_purchased_type":["Card"],"build_version":"2020-12-22","purchased_purges":1,"victory":false,"max_hp_per_floor":[75,75,75,75,75,75,75,75,75,75,75,75,75,75],"card_choices":[{"not_picked":["hermit:HoleUp","hermit:Feint"],"picked":"hermit:TrackingShot","floor":1},{"not_picked":["hermit:Dive","hermit:DeadMansHand"],"picked":"hermit:EyeOfTheStorm","floor":3},{"not_picked":["hermit:Feint","hermit:Spite"],"picked":"hermit:EyeOfTheStorm","floor":4},{"not_picked":["hermit:Combo","hermit:WideOpen"],"picked":"hermit:DeadMansHand","floor":8},{"not_picked":["hermit:CalledShot","hermit:HighCaliber"],"picked":"hermit:SprayPray","floor":11}],"player_experience":835257,"relics_obtained":[{"floor":9,"key":"Smiling Mask"}],"event_choices":[{"damage_healed":0,"gold_gain":275,"player_choice":"Desecrate","damage_taken":0,"max_hp_gain":0,"max_hp_loss":0,"event_name":"Golden Shrine","floor":2,"gold_loss":0,"cards_obtained":["Regret"]},{"damage_healed":0,"gold_gain":0,"player_choice":"Box","damage_taken":0,"relics_obtained":["Lantern"],"max_hp_gain":0,"max_hp_loss":0,"event_name":"Big Fish","floor":5,"gold_loss":0,"cards_obtained":["Regret"]}],"is_beta":false,"boss_relics":[],"items_purged_floors":[7],"is_endless":false,"potions_floor_spawned":[3,4],"killed_by":"3 Sentries","ascension_level":0}}