{"host":"1tmagqyeywr2w44t","time":1608811814,"event":{"mods":["2.2 Compatiblity","BaseMod","Colored Powertips","Downfall","Minty Spire (QoL Compilation)","Rare Cards Sparkle","Replay The Spire","StSLib","SuperFastMode","The Marked"],"gold_per_floor":[99,115,115,115,134,160,160,179,211,226,61,75,108,7,22,120,120,70,86,287,287,302,252,278,278,11,40,60,10,27,39,53,157,157,32,47,60,74,271,284,284,313,313,188,206,234,66,116,134,134],"floor_reached":51,"playtime":2293,"items_purged":[],"score":1252,"play_id":"e198f48f-a669-4a6a-a85d-b8c41ec576d0","local_time":"20201224211014","is_ascension_mode":true,"campfire_choices":[{"data":"Slimebound:CorrosiveSpit","floor":1.0,"key":"SMITH"},{"data":"Slimebound:SlimeSlap","floor":18.0,"key":"SMITH"},{"floor":23.0,"key":"RECALL"},{"data":"Slimebound:LeechEnergy","floor":29.0,"key":"SMITH"},{"data":"Slimebound:Split","floor":35.0,"key":"SMITH"},{"data":"Slimebound:TongueLash","floor":44,"key":"SMITH"}],"circlet_count":0,"master_deck":["AscendersBane","Slimebound:Strike_Slimebound","Slimebound:Strike_Slimebound","Slimebound:Strike_Slimebound","Slimebound:Tackle","Slimebound:Defend_Slimebound","Slimebound:Defend_Slimebound","Slimebound:Defend_Slimebound","Slimebound:Split+1","Slimebound:CorrosiveSpit+1","Slimebound:Prepare","Slimebound:LeechEnergy+1","Slimebound:OozeBath","Slimebound:ItLooksTasty","Slimebound:Schlurp+1","Slimebound:OozeBath+1","Slimebound:Nibble","Slimebound:SlimeTap+1","Slimebound:FormOfPuddle+1","Slimebound:TongueLash+1","Madness+1","Slimebound:SlimeSlap+1","Slimebound:LeechingTouch","Slimebound:LivingWall+1","Slimebound:SplitLeeching+1","Slimebound:Recollect+1","Slimebound:LeechLife","Slimebound:Replication+1","Slimebound:LeadByExample","Slimebound:DouseInSlime+1","Slimebound:SplitBruiser+1","Slimebound:Darklings+1","Slimebound:SplitMire+1","ReplayTheSpireMod:Necrogeddon","Slimebound:GoopSpray+1","Slimebound:HungryTackle"],"relics":["Slimebound:AbsorbEndCombat","Bag of Preparation","Slimebound:GreedOozeRelic","Darkstone Periapt","Toxic Egg 2","Letter Opener","ClockworkSouvenir","Chameleon Ring","Sozu","Gremlin Horn","Mercury Hourglass","SlaversCollar","downfall:HeartBlessingRed","Replay:Bottled Flurry","Pear","downfall:HeartBlessingBlue","Replay:Bottled Steam","TungstenRod"],"acts_visited":["Exordium","TheCity","TheBeyond"],"potions_floor_usage":[],"damage_taken":[{"damage":11.0,"enemies":"Jaw Worm","floor":2.0,"turns":3.0},{"damage":4.0,"enemies":"Cultist","floor":5.0,"turns":3.0},{"damage":17.0,"enemies":"Gremlin Nob","floor":6.0,"turns":3.0},{"damage":5.0,"enemies":"2 Louse","floor":8.0,"turns":3.0},{"damage":34.0,"enemies":"Lagavulin","floor":9.0,"turns":5.0},{"damage":4.0,"enemies":"2 Fungi Beasts","floor":10.0,"turns":2.0},{"damage":4.0,"enemies":"downfall:FleeingMerchant","floor":11.0,"turns":4.0},{"damage":12.0,"enemies":"Exordium Wildlife","floor":12.0,"turns":2.0},{"damage":0.0,"enemies":"Gremlin Nob","floor":13.0,"turns":2.0},{"damage":5.0,"enemies":"downfall:FleeingMerchant","floor":14.0,"turns":4.0},{"damage":0.0,"enemies":"Gremlin Gang","floor":15.0,"turns":1.0},{"damage":44.0,"enemies":"downfall:Defect","floor":16.0,"turns":6.0},{"damage":10.0,"enemies":"Shell Parasite","floor":19.0,"turns":3.0},{"damage":0.0,"enemies":"Spheric Guardian","floor":22.0,"turns":3.0},{"damage":5.0,"enemies":"downfall:FleeingMerchant","floor":26.0,"turns":4.0},{"damage":42.0,"enemies":"Slavers","floor":27.0,"turns":5.0},{"damage":8.0,"enemies":"3 Cultists","floor":28.0,"turns":3.0},{"damage":8.0,"enemies":"Centurion and Healer","floor":30.0,"turns":3.0},{"damage":19.0,"enemies":"Snake Plant","floor":31.0,"turns":3.0},{"damage":4.0,"enemies":"3 Cultists","floor":32.0,"turns":3.0},{"damage":34.0,"enemies":"downfall:Silent","floor":33.0,"turns":7.0},{"damage":4.0,"enemies":"Orb Walker","floor":36.0,"turns":2.0},{"damage":8.0,"enemies":"3 Shapes","floor":37.0,"turns":2.0},{"damage":20.0,"enemies":"Writhing Mass","floor":38.0,"turns":4.0},{"damage":0.0,"enemies":"downfall:FleeingMerchant","floor":39.0,"turns":1.0},{"damage":55.0,"enemies":"Giant Head","floor":40.0,"turns":7.0},{"damage":32.0,"enemies":"Nemesis","floor":42.0,"turns":8.0},{"damage":19,"enemies":"Jaw Worm Horde","floor":45,"turns":3},{"damage":22,"enemies":"Reptomancer","floor":46,"turns":4},{"damage":12,"enemies":"Mind Bloom Boss Battle","floor":48,"turns":4},{"damage":27,"enemies":"Transient","floor":49,"turns":5},{"damage":30,"enemies":"downfall:Ironclad","floor":50,"turns":6}],"seed_played":"7050773482738157919","potions_obtained":[{"floor":2.0,"key":"FearPotion"},{"floor":9.0,"key":"Languid Potion"},{"floor":12.0,"key":"Fire Potion"},{"floor":13.0,"key":"champ:CounterPotion"},{"floor":15.0,"key":"PowerPotion"},{"floor":16.0,"key":"DistilledChaos"}],"is_trial":false,"path_per_floor":["R","M","?","?","M","E","T","M","E","M","$","M","E","$","M","B",null,"R","M","?","?","M","R","T","?","$","E","M","R","M","M","M","B",null,"R","M","M","M","$","E","T","E","?","R","M","E","$","?","M","B",null],"character_chosen":"SLIMEBOUND","items_purchased":["ClockworkSouvenir","Madness+1","Gremlin Horn","Slimebound:DouseInSlime+1","ReplayTheSpireMod:Necrogeddon"],"campfire_rested":0,"item_purchase_floors":[11,14,26,39,47],"current_hp_per_floor":[54,60,60,60,60,55,55,58,42,50,60,52,60,60,60,35,54,54,52,28,28,36,36,36,36,55,33,45,45,57,50,60,60,60,60,60,60,58,58,53,53,57,57,67,72,80,80,80,80,75],"gold":134,"neow_bonus":"RANDOM_COMMON_RELIC","is_daily":false,"chose_seed":false,"campfire_upgraded":5,"win_rate":0.0,"timestamp":1608811814,"path_taken":["R","M","?","?","M","E","T","M","E","M","$","M","E","?","M","BOSS","R","?","?","?","M","R","T","?","$","E","?","R","?","M","M","BOSS","R","M","M","M","$","E","T","E","?","R","M","E","$","?","M","BOSS"],"items_purchased_type":["Relic","Card","Relic","Card","Card"],"build_version":"2020-12-22","purchased_purges":0,"victory":true,"max_hp_per_floor":[60,60,60,60,60,60,60,60,60,60,60,60,60,60,60,60,60,60,60,60,60,60,60,60,60,60,60,60,60,60,60,60,60,60,60,60,60,60,60,60,60,70,70,80,80,80,80,80,80,80],"card_choices":[{"not_picked":["Slimebound:FirmFortitude","Slimebound:GoopSpray"],"picked":"Slimebound:Prepare","floor":2.0},{"not_picked":["Slimebound:SplitLeeching","Slimebound:FlameTackle"],"picked":"Slimebound:LeechEnergy","floor":5.0},{"not_picked":["Slimebound:FinishingTackle","Slimebound:RollThrough"],"picked":"Slimebound:OozeBath","floor":6.0},{"not_picked":["Slimebound:LeechingTouch","Slimebound:GrowthPunch"],"picked":"Slimebound:ItLooksTasty","floor":8.0},{"not_picked":["Slimebound:ComboTackle","Slimebound:SlimeSpikes+1"],"picked":"Slimebound:Schlurp+1","floor":9.0},{"not_picked":["Slimebound:LeechingTouch","Slimebound:SamplingLick+1"],"picked":"Slimebound:OozeBath+1","floor":10.0},{"not_picked":["Slimebound:ItLooksTasty","Slimebound:GoopTackle"],"picked":"Slimebound:Nibble","floor":11.0},{"not_picked":["Slimebound:LeadByExample","Slimebound:RollThrough"],"picked":"Slimebound:SlimeTap+1","floor":12.0},{"not_picked":["Slimebound:SplitBruiser+1","Slimebound:SamplingLick+1"],"picked":"Slimebound:FormOfPuddle+1","floor":13.0},{"not_picked":["Slimebound:SplitBruiser+1","Slimebound:RejuvenatingLick+1"],"picked":"Slimebound:TongueLash","floor":14.0},{"not_picked":["Slimebound:ViciousTackle","Slimebound:FinishingTackle","Slimebound:RollThrough"],"picked":"SKIP","floor":15.0},{"not_picked":["Slimebound:MinionMaster","Slimebound:OozeBath+1"],"picked":"Slimebound:SlimeSlap","floor":16.0},{"not_picked":["Slimebound:Prepare+1","Slimebound:PressTheAttack+1"],"picked":"Slimebound:LeechingTouch","floor":19.0},{"not_picked":["Slimebound:RejuvenatingLick+1","Slimebound:SplitAcid+1"],"picked":"Slimebound:LivingWall+1","floor":20.0},{"not_picked":["Slimebound:ViciousTackle+1","Slimebound:SplitAcid+1","Slimebound:SplitBruiser+1"],"picked":"SKIP","floor":22.0},{"not_picked":["Slimebound:FinishingTackle","Slimebound:FirmFortitude+1"],"picked":"Slimebound:Recollect+1","floor":26.0},{"not_picked":["Slimebound:ComboTackle","Slimebound:GoopSpray+1","Slimebound:LeechEnergy+1"],"picked":"SKIP","floor":27.0},{"not_picked":["Slimebound:LeechingTouch","Slimebound:LeechEnergy","Slimebound:SamplingLick+1"],"picked":"SKIP","floor":28.0},{"not_picked":["Slimebound:Nibble","Slimebound:LivingWall+1","Slimebound:OozeBath+1"],"picked":"SKIP","floor":30.0},{"not_picked":["Slimebound:LeechingTouch","Slimebound:ViciousTackle+1","Slimebound:Nibble+1"],"picked":"SKIP","floor":31.0},{"not_picked":["Slimebound:GrowthPunch","Slimebound:PressTheAttack","Slimebound:Recollect+1"],"picked":"SKIP","floor":32.0},{"not_picked":["Slimebound:SelfFormingGoo","Slimebound:SlimeSlap"],"picked":"Slimebound:LeechLife","floor":33.0},{"not_picked":["Slimebound:RollThrough+1","Slimebound:SlimeBarrage+1","Slimebound:SplitLeeching+1"],"picked":"SKIP","floor":36.0},{"not_picked":["Slimebound:GrowthPunch+1","Slimebound:TongueLash"],"picked":"Slimebound:Replication+1","floor":37.0},{"not_picked":["Slimebound:LeechEnergy+1","Slimebound:Prepare+1"],"picked":"Slimebound:LeadByExample","floor":38.0},{"not_picked":["Slimebound:LeechEnergy","Slimebound:Schlurp+1","Slimebound:SpikyOuterGoop+1"],"picked":"SKIP","floor":40.0},{"not_picked":["Slimebound:SlimeBarrage+1","Slimebound:FinishingTackle"],"picked":"Slimebound:SplitBruiser+1","floor":42.0},{"not_picked":["Slimebound:ItLooksTasty","Slimebound:ViciousTackle+1","Slimebound:HungryTackle+1"],"picked":"SKIP","floor":45},{"not_picked":["Slimebound:HungryTackle+1","Slimebound:Nibble"],"picked":"Slimebound:SplitMire+1","floor":46},{"not_picked":["Slimebound:Chomp+1","Slimebound:Schlurp+1"],"picked":"Slimebound:GoopSpray+1","floor":48},{"not_picked":["Slimebound:BestDefense+1","Slimebound:ComboTackle"],"picked":"Slimebound:HungryTackle","floor":49}],"player_experience":159457,"relics_obtained":[{"floor":6.0,"key":"Darkstone Periapt"},{"floor":7.0,"key":"Toxic Egg 2"},{"floor":9.0,"key":"Letter Opener"},{"floor":13.0,"key":"Chameleon Ring"},{"floor":27.0,"key":"Mercury Hourglass"},{"floor":41.0,"key":"Replay:Bottled Flurry"},{"floor":42.0,"key":"Pear"},{"floor":46,"key":"Replay:Bottled Steam"},{"floor":48,"key":"TungstenRod"}],"event_choices":[{"damage_healed":0.0,"max_hp_gain":0.0,"max_hp_loss":0.0,"gold_gain":0.0,"event_name":"Vampires","player_choice":"Ignored","floor":21.0,"gold_loss":0.0,"damage_taken":0.0},{"damage_healed":0.0,"max_hp_gain":0.0,"max_hp_loss":0.0,"gold_gain":0.0,"event_name":"The Library","player_choice":"Read","floor":25.0,"gold_loss":0.0,"damage_taken":0.0,"cards_obtained":["Slimebound:SplitLeeching"]}],"is_beta":false,"boss_relics":[{"not_picked":["Kintsugi","Replay:Bronze Core"],"picked":"Sozu"},{"not_picked":["Snecko Eye","Replay:Ancient Bell"],"picked":"SlaversCollar"}],"items_purged_floors":[],"is_endless":false,"potions_floor_spawned":[2,9,12,13,15,16,19,27,28,36,45,46,48],"ascension_level":10}}