{"host":"uoq8e77duj6rs50g","time":1608768637,"event":{"mods":["BaseMod","Better Match","Better Note","Better Third Choice","BetterRewards","Block Reminder","ChefMod","Curses Come First","Hermit","Hubris","Ironclad Rager","Minty Spire (QoL Compilation)","Relic Stats","Replay The Spire","Shade Mod","StSLib","The Blue Laboratory","The Cursed","The Dragon Tamer","The Exalted","The Judge","The Runesmith","The Servant 0.9.4"],"gold_per_floor":[116,116,5,19,32,65,93,122,122,149,183,183,217,296,296,395,395,415,415,262,39,57,57,69,99,99,126,126,158,183,208,208,303,303,303],"floor_reached":34,"playtime":1735,"items_purged":["CutThroughFate"],"score":962,"play_id":"dc376c83-0c94-434a-9fc1-eec277dd42da","local_time":"20201223191037","daily_mods":["Draft","Heirloom","Flight","Elite Swarm"],"is_ascension_mode":true,"campfire_choices":[{"data":"Crescendo","floor":12,"key":"SMITH"},{"floor":15,"key":"REST"},{"data":"ClearTheMind","floor":23,"key":"SMITH"},{"floor":32,"key":"DIG"}],"circlet_count":0,"master_deck":["Crescendo+1","Tantrum","SashWhip","FlurryOfBlows","EmptyBody","FearNoEvil","FearNoEvil","FlurryOfBlows+1","Prostrate","CrushJoints","EmptyFist","EmptyBody","Adaptation","Replay:Battleflow","CrushJoints","FlurryOfBlows","FlurryOfBlows","FollowUp","EmptyMind","MasterReality","DevaForm","Vault","ICR:HungryGhost","EmptyMind","FlurryOfBlows","LikeWater+1","Replay:BluntJabs","FearNoEvil+1","FlurryOfBlows","MentalFortress","ClearTheMind+1","MentalFortress+1","Devotion","Devotion"],"relics":["Unceasing Top","Durian","Mirror","Iron Hammer","hubris:CrystalStatue","hubris:Potato","Garlic","Incense Burner","Dream Catcher","Blue Doll","VioletLotus","Orrery","Membership Card","Yang","Bronze Scales","Blue Candle","MealTicket","Darkstone Periapt","Replay:Kaleidoscope","Lantern","hubris:ScarierMask"],"acts_visited":["Exordium","TheCity"],"potions_floor_usage":[25],"damage_taken":[{"damage":0,"enemies":"2 Louse","floor":1,"turns":2},{"damage":1,"enemies":"Jaw Worm","floor":4,"turns":2},{"damage":0,"enemies":"Small Slimes","floor":5,"turns":2},{"damage":5,"enemies":"3 Sentries","floor":6,"turns":3},{"damage":0,"enemies":"Gremlin Nob","floor":7,"turns":3},{"damage":5,"enemies":"3 Sentries","floor":8,"turns":3},{"damage":0,"enemies":"Lagavulin","floor":10,"turns":3},{"damage":0,"enemies":"3 Sentries","floor":11,"turns":3},{"damage":0,"enemies":"Lagavulin","floor":13,"turns":2},{"damage":0,"enemies":"Slime Boss","floor":16,"turns":3},{"damage":0,"enemies":"Chosen","floor":18,"turns":1},{"damage":0,"enemies":"Shell Parasite","floor":22,"turns":2},{"damage":0,"enemies":"Shelled Parasite and Fungi","floor":24,"turns":1},{"damage":20,"enemies":"Slavers","floor":25,"turns":2},{"damage":0,"enemies":"Book of Stabbing","floor":27,"turns":3},{"damage":3,"enemies":"Slavers","floor":29,"turns":3},{"damage":5,"enemies":"Gremlin Leader","floor":30,"turns":4},{"damage":19,"enemies":"Slavers","floor":31,"turns":3},{"damage":1,"enemies":"hubris:MusketHawk","floor":33,"turns":6}],"seed_played":"1221013210271047858","potions_obtained":[{"floor":5,"key":"blueLaboratory:Moonshine"},{"floor":6,"key":"blueLaboratory:PressurePotion"},{"floor":8,"key":"SkillPotion"},{"floor":14,"key":"GamblersBrew"},{"floor":14,"key":"Flashbang"},{"floor":30,"key":"SpeedPotion"}],"is_trial":true,"path_per_floor":["M","?","$","M","M","E","E","E","T","E","E","R","E","?","R","B",null,"M","?","$","$","M","R","M","E","T","E","?","E","E","E","R","B",null],"character_chosen":"WATCHER","items_purchased":["FlurryOfBlows","Orrery","MentalFortress","Membership Card"],"campfire_rested":1,"item_purchase_floors":[3,20,21,21],"current_hp_per_floor":[77,77,77,76,76,71,71,66,66,66,66,66,66,36,59,67,77,77,77,77,77,77,77,77,57,57,57,57,70,72,69,69,77,77,77],"gold":303,"neow_bonus":"","is_daily":false,"chose_seed":false,"campfire_upgraded":2,"win_rate":0.0,"timestamp":1608768637,"path_taken":["M","?","$","M","M","E","E","E","T","E","E","R","E","?","R","BOSS","M","?","$","$","M","R","M","E","T","E","?","E","E","E","R","BOSS"],"items_purchased_type":["Card","Relic","Card","Relic"],"build_version":"2020-12-22","purchased_purges":1,"victory":false,"max_hp_per_floor":[77,77,77,77,77,77,77,77,77,77,77,77,77,77,77,77,77,77,77,77,77,77,77,77,77,77,77,77,77,77,77,77,77,77,77],"relic_stats":{"Darkstone Periapt":0,"Dream Catcher":1,"counters":[19,51],"Bronze Scales":[56],"Blue Candle":[0],"Yang":[124],"MealTicket":0,"VioletLotus":[12],"obtain_stats":[{"Darkstone Periapt":30,"Lantern":32,"hubris:CrystalStatue":8,"Blue Candle":27,"Blue Doll":14,"Yang":25,"Incense Burner":11,"Replay:Kaleidoscope":31,"Dream Catcher":13,"Bronze Scales":26,"Orrery":20,"hubris:ScarierMask":34,"MealTicket":29,"Iron Hammer":7,"VioletLotus":17,"Durian":0,"Garlic":10,"Membership Card":21,"Mirror":6,"Unceasing Top":0,"hubris:Potato":9},{"Darkstone Periapt":17,"Lantern":18,"hubris:CrystalStatue":6,"Blue Candle":15,"Blue Doll":9,"Yang":14,"Incense Burner":8,"Replay:Kaleidoscope":18,"Dream Catcher":9,"Bronze Scales":14,"Orrery":11,"hubris:ScarierMask":19,"MealTicket":16,"Iron Hammer":5,"VioletLotus":10,"Durian":0,"Garlic":7,"Membership Card":11,"Mirror":4,"Unceasing Top":0,"hubris:Potato":6},{"Darkstone Periapt":42,"Lantern":45,"hubris:CrystalStatue":15,"Blue Candle":35,"Blue Doll":23,"Yang":32,"Incense Burner":21,"Replay:Kaleidoscope":45,"Dream Catcher":23,"Bronze Scales":32,"Orrery":27,"hubris:ScarierMask":51,"MealTicket":38,"Iron Hammer":12,"VioletLotus":26,"Durian":0,"Garlic":18,"Membership Card":27,"Mirror":9,"Unceasing Top":0,"hubris:Potato":15}],"Unceasing Top":[51]},"card_choices":[{"not_picked":["CutThroughFate","WheelKick"],"picked":"Crescendo","floor":0},{"not_picked":["SashWhip","Protect"],"picked":"Tantrum","floor":0},{"not_picked":["Prostrate","Replay:BluntJabs"],"picked":"SashWhip","floor":0},{"not_picked":["Indignation","FlyingSleeves"],"picked":"FlurryOfBlows","floor":0},{"not_picked":["SashWhip","JustLucky"],"picked":"EmptyBody","floor":0},{"not_picked":["Fasting2","Protect"],"picked":"FearNoEvil","floor":0},{"not_picked":["Evaluate","PathToVictory"],"picked":"FearNoEvil","floor":0},{"not_picked":["Fasting2","EmptyFist"],"picked":"FlurryOfBlows","floor":0},{"not_picked":["Fasting2","Meditate"],"picked":"Prostrate","floor":0},{"not_picked":["CutThroughFate","TalkToTheHand"],"picked":"CrushJoints","floor":0},{"not_picked":["BattleHymn","Crescendo"],"picked":"EmptyFist","floor":0},{"not_picked":["CutThroughFate","ReachHeaven"],"picked":"EmptyBody","floor":0},{"not_picked":["LikeWater","CutThroughFate"],"picked":"Adaptation","floor":0},{"not_picked":["Replay:ManipulateFuture","PathToVictory"],"picked":"Replay:Battleflow","floor":0},{"not_picked":["Swivel","PathToVictory"],"picked":"CutThroughFate","floor":0},{"not_picked":["ThirdEye","Crescendo"],"picked":"CrushJoints","floor":1},{"not_picked":["FlurryOfBlows","Vengeance"],"picked":"FollowUp","floor":4},{"not_picked":["SashWhip","CrushJoints"],"picked":"EmptyMind","floor":5},{"not_picked":["Blasphemy","Brilliance"],"picked":"MasterReality","floor":6},{"not_picked":["MasterReality","Blasphemy"],"picked":"DevaForm","floor":7},{"not_picked":["MasterReality","Replay:LoomingThreat"],"picked":"Vault","floor":8},{"not_picked":["SpiritShield","Blasphemy","LessonLearned"],"picked":"SKIP","floor":10},{"not_picked":["Wish","MasterReality","Replay:AllIn"],"picked":"SKIP","floor":11},{"not_picked":["LessonLearned","Alpha"],"picked":"ICR:HungryGhost","floor":13},{"not_picked":["FollowUp","Consecrate"],"picked":"EmptyMind","floor":14},{"not_picked":["CarveReality","Weave"],"picked":"FlurryOfBlows","floor":15},{"not_picked":["CutThroughFate","Consecrate","SignatureMove+1"],"picked":"SKIP","floor":18},{"not_picked":["Establishment","WindmillStrike+1"],"picked":"LikeWater+1","floor":20},{"not_picked":["Evaluate","Replay:ManipulateFuture+1"],"picked":"Weave+1","floor":20},{"not_picked":["Protect","Worship"],"picked":"Replay:BluntJabs","floor":20},{"not_picked":["ReachHeaven","EmptyBody"],"picked":"FearNoEvil+1","floor":20},{"not_picked":["PathToVictory+1","LikeWater"],"picked":"FlurryOfBlows","floor":20},{"not_picked":["LikeWater","BowlingBash"],"picked":"ClearTheMind","floor":22},{"not_picked":["Replay:AtTheReady","PathToVictory"],"picked":"MentalFortress+1","floor":24},{"not_picked":["LessonLearned","Replay:AllIn","DeusExMachina"],"picked":"SKIP","floor":25},{"not_picked":["Replay:AllIn","MasterReality"],"picked":"Devotion","floor":27},{"not_picked":["Establishment","Brilliance","MasterReality"],"picked":"SKIP","floor":29},{"not_picked":["Blasphemy","Alpha","Brilliance"],"picked":"SKIP","floor":30},{"not_picked":["Vault","DeusExMachina"],"picked":"Devotion","floor":31}],"player_experience":344849,"relics_obtained":[{"floor":6,"key":"Mirror"},{"floor":7,"key":"Iron Hammer"},{"floor":8,"key":"hubris:CrystalStatue"},{"floor":9,"key":"hubris:Potato"},{"floor":10,"key":"Garlic"},{"floor":11,"key":"Incense Burner"},{"floor":13,"key":"Dream Catcher"},{"floor":14,"key":"Blue Doll"},{"floor":25,"key":"Yang"},{"floor":26,"key":"Bronze Scales"},{"floor":27,"key":"Blue Candle"},{"floor":29,"key":"MealTicket"},{"floor":30,"key":"Darkstone Periapt"},{"floor":31,"key":"Replay:Kaleidoscope"},{"floor":32,"key":"Lantern"}],"event_choices":[{"damage_healed":0,"gold_gain":0,"player_choice":"Ignored","damage_taken":0,"max_hp_gain":0,"max_hp_loss":0,"event_name":"betterNote:BetterNote","floor":19,"gold_loss":0,"cards_obtained":["Eruption"]},{"cards_removed":["Weave"],"damage_healed":0,"gold_gain":0,"player_choice":"Elegance","damage_taken":0,"max_hp_gain":0,"max_hp_loss":0,"event_name":"betterThird:BetterWriting","floor":28,"gold_loss":0}],"is_beta":false,"boss_relics":[{"not_picked":["hubris:VirtuousBlindfold","Bromod:ArcaneBarrier"],"picked":"VioletLotus"},{"not_picked":["SacredBark","Abe\u0027s Treasure"],"picked":"hubris:ScarierMask"}],"items_purged_floors":[3],"is_endless":true,"potions_floor_spawned":[5,6,8,10,18,22,30,31],"ascension_level":1}}