{"host":"pecumnp00ic55u1k","time":1608794622,"event":{"mods":["Act Like it!","BaseMod","Colored Map","Colored Powertips","Downfall","Hallownest","Hermit","Highlight Path","Hubris","Minty Spire (QoL Compilation)","Quick Restart","Rare Cards Sparkle","Replay The Spire","StSLib","The Blue Laboratory","The Bug Knight","The Cursed","The IronCluck"],"gold_per_floor":[112,124,124,144,144,144,155,155,209,209,209,209,238,255,255,359,359,375,182,137,151,171,199,199,199,199],"floor_reached":25,"playtime":1550,"items_purged":["HollowMod:InfectedAttack"],"score":221,"play_id":"55d870c1-42a0-4c76-8d3a-1eeafdbaa458","local_time":"20201224022342","is_ascension_mode":false,"campfire_choices":[{"floor":6,"key":"REST"},{"data":"HollowMod:InfectedCysts","floor":10,"key":"SMITH"},{"floor":15,"key":"REST"}],"circlet_count":0,"master_deck":["HollowMod:NailStrikeStart","HollowMod:NailStrikeStart","HollowMod:NailStrikeStart","HollowMod:QuickDashStart","HollowMod:QuickDashStart","HollowMod:QuickDashStart","HollowMod:QuickDashStart","HollowMod:FocusHealStart","HollowMod:PogoStrike","HollowMod:InfectedCysts+1","HollowMod:InfectedAttack","HollowMod:NewJinnsSoul","HollowMod:DungDefenderAura","HollowMod:BaldurShell+1","Sickly"],"relics":["Black Star","hubris:MysteriousPyramids","Potion Belt","Hallownest:DreamNailRelic","Centennial Puzzle","Smiling Mask","Bronze Scales","HollowMod:KingsSoulRelic","HandDrill","The Courier","Oddly Smooth Stone","Ring of Misfortune","ReplayTheSpireMod:Ring of Challenge"],"acts_visited":["Hallownest:Greenpath","Hallownest:CityofTears"],"potions_floor_usage":[23,25],"damage_taken":[{"damage":0,"enemies":"Hallownest:monsterHuskWarrior","floor":1,"turns":3},{"damage":3,"enemies":"Hallownest:2_Tiktiks_and_1_Crawlid","floor":2,"turns":2},{"damage":5,"enemies":"Hallownest:monsterHuskGuard","floor":4,"turns":4},{"damage":7,"enemies":"Hallownest:2_Tiktiks_1_Baldur_1_Crawlid","floor":7,"turns":2},{"damage":12,"enemies":"Hallownest:eliteCrystalGuardian","floor":13,"turns":5},{"damage":1,"enemies":"Hallownest:monsterMossCharger","floor":14,"turns":3},{"damage":54,"enemies":"Hallownest:BossFalseKnight","floor":16,"turns":10},{"damage":38,"enemies":"Hallownest:Flukemon_and_Top","floor":18,"turns":7},{"damage":9,"enemies":"Hallownest:3_Youths","floor":21,"turns":5},{"damage":14,"enemies":"Hallownest:Warrior_and_Youth","floor":22,"turns":8},{"damage":14,"enemies":"Hallownest:eliteSoulWarrior","floor":23,"turns":8},{"damage":41,"enemies":"Hallownest:2_Flukemon","floor":25,"turns":6}],"seed_played":"-5926693004493891964","potions_obtained":[{"floor":4,"key":"SkillPotion"},{"floor":7,"key":"blueLaboratory:FrostheartPotion"},{"floor":22,"key":"blueLaboratory:PhilterOfMotion"}],"is_trial":false,"path_per_floor":["M","M","?","M","?","R","M","?","T","R","?","$","E","M","R","B",null,"M","$","?","M","M","E","?","M"],"character_chosen":"THE_BUGKNIGHT","items_purchased":["HandDrill"],"campfire_rested":2,"item_purchase_floors":[19],"current_hp_per_floor":[75,72,32,27,27,49,42,60,60,60,60,60,48,47,69,15,75,43,43,43,40,36,32,32,0,0],"gold":199,"neow_bonus":"BOSS_RELIC","is_daily":false,"chose_seed":false,"campfire_upgraded":1,"win_rate":0.0,"timestamp":1608794622,"path_taken":["M","M","?","M","?","R","?","?","T","R","?","$","E","M","R","BOSS","M","$","?","M","M","E","?","M"],"items_purchased_type":["Relic"],"build_version":"2020-12-22","purchased_purges":1,"victory":false,"max_hp_per_floor":[75,75,75,75,75,75,75,75,75,75,75,75,75,75,75,75,75,75,75,75,75,75,75,75,75,75],"card_choices":[{"not_picked":["HollowMod:ShadowDash","HollowMod:CloakDash"],"picked":"HollowMod:InfectedCysts","floor":1},{"not_picked":["HollowMod:CycloneSlash","HollowMod:ChannelNail"],"picked":"HollowMod:InfectedAttack","floor":2},{"not_picked":["HollowMod:WraithStrike","HollowMod:RecoilStrike","HollowMod:VengefulVoid"],"picked":"SKIP","floor":4},{"not_picked":["HollowMod:DoubleDash","HollowMod:MidwifesHunger"],"picked":"HollowMod:InfectedAttack","floor":7},{"not_picked":["HollowMod:NewLittleFool","HollowMod:LifebloodCore","HollowMod:SiblingsSouls"],"picked":"SKIP","floor":13},{"not_picked":["HollowMod:DashSlash","HollowMod:GoodIntentions","HollowMod:LifebloodCocoon"],"picked":"SKIP","floor":14},{"not_picked":["HollowMod:DashSlash","HollowMod:CoiledNail+1","HollowMod:QuirrelsAssistance"],"picked":"SKIP","floor":18},{"not_picked":["HollowMod:SoulShaman+1","HollowMod:DescendingDark+1"],"picked":"HollowMod:DungDefenderAura","floor":21},{"not_picked":["HollowMod:HeavyBlow","HollowMod:MantisMark","HollowMod:DashSlash"],"picked":"SKIP","floor":22},{"not_picked":["HollowMod:MonarchWings+1","HollowMod:QuirrelsAssistance+1"],"picked":"HollowMod:BaldurShell+1","floor":23}],"player_experience":78636,"relics_obtained":[{"floor":9,"key":"Centennial Puzzle"},{"floor":13,"key":"Smiling Mask"},{"floor":13,"key":"Bronze Scales"},{"floor":23,"key":"The Courier"},{"floor":23,"key":"Oddly Smooth Stone"},{"floor":24,"key":"Ring of Misfortune"},{"floor":24,"key":"ReplayTheSpireMod:Ring of Challenge"}],"event_choices":[],"is_beta":false,"boss_relics":[{"not_picked":["hubris:VirtuousBlindfold","Busted Crown"],"picked":"HollowMod:KingsSoulRelic"}],"items_purged_floors":[19],"is_endless":false,"potions_floor_spawned":[4,7,22],"killed_by":"Hallownest:2_Flukemon","ascension_level":0}}