{"host":"irqpc5dtltfquxh7","time":1608803597,"event":{"mods":["2.2 Compatiblity","AchievementEnabler","Act Like it!","Aspiration","BaseMod","Better Third Choice","BetterRewards","CapriCore","Colored Map","Colored Powertips","Conspire","Friendly Minions","Halation","Highlight Path","Hubris","Infinite Spire","Jedi Mod","Marisa????????","Minty Spire (QoL Compilation)","MostiFishMod","Permanent Neow","Replay The Spire","RumiaBox-????????","Shop Mod","Spicy Shops","Spikes Relics","StSLib","Strawberry Spire","Unknown Chances","Waifu the Spire","vexMod"],"gold_per_floor":[115,115,215,234,244,244,269,269,269,297,327,360,378,413,413,517,517,536,536,536,1,18,18,52,83,83,113,139,139,139,169,169,273,273,290,290,26,26,57,92,123,160,172,214,241,279,318,349,361,474,-914,-888,-876,-839,-807,-768,-756,-744,-732,-720,-708,-596,-538,-526,-483,-471,-361,-349,-326,21,21,21,21,21,21,21,46,68,68,68,76,87,87,226,226,238,307,374,29,71,71,71,71,96,105,105,142,168,186,195,290,290,301,301,321,321,359,380,420,372,372,431,468,483,62,32,32,123,123,135,159,168,68,68,68,68,105,105,114,114,123,139,39,89,185,185,195,195,195,208,108,133,151,151,151,180,170,220,279,13,13,100,100,194,99,115,226],"floor_reached":158,"playtime":6036,"items_purged":["Injury","Pot Of Greed","Shame","Defend_MRS","Defend_MRS+1","MilkyWay","FinalSpark+1","MasterSpark+1","Strike_MRS","DoubleSpark+1","PowerUp+1","TreasureHunter+1","CasketOfStar+1","AsteroidBelt+1","MeteoricShower+1","FinalSpark+1","CasketOfStar+1","6A+1","AsteroidBelt+1","EnergyFlow","MilkyWay","6A+1","CollectingQuirk+1","TreasureHunter+1","UltimateShortwave+1","CollectingQuirk+1"],"score":4842,"play_id":"57b01aef-7eaa-432d-a076-76f9cd204442","local_time":"20201224155317","daily_mods":["Vintage","Heirloom","Time Dilation","Flight","DeadlyEvents","Elite Swarm"],"is_ascension_mode":false,"campfire_choices":[{"data":"UpSweep","floor":6.0,"key":"SMITH"},{"data":"MasterSpark","floor":8.0,"key":"SMITH"},{"data":"UltimateShortwave","floor":15.0,"key":"SMITH"},{"floor":23.0,"key":"REST"},{"data":"AsteroidBelt","floor":29.0,"key":"SMITH"},{"floor":32.0,"key":"REST"},{"data":"MilkyWay","floor":49.0,"key":"SMITH"},{"data":"BlessedFruit","floor":57.0,"key":"SMITH"},{"data":"BlessedFruit","floor":58.0,"key":"SMITH"},{"data":"CasketOfStar","floor":59.0,"key":"SMITH"},{"data":"MilkyWay","floor":64.0,"key":"SMITH"},{"data":"AsteroidBelt","floor":66.0,"key":"SMITH"},{"data":"Defend_MRS","floor":74,"key":"PURGE"},{"data":"UpSweep+1","floor":76,"key":"PURGE"},{"data":"Defend_MRS","floor":79,"key":"PURGE"},{"floor":80,"key":"DIG"},{"data":"FinalSpark+1","floor":83,"key":"PURGE"},{"floor":91,"key":"DIG"},{"floor":92,"key":"DIG"},{"data":"Strike_MRS","floor":93,"key":"PURGE"},{"data":"MilkyWay","floor":95,"key":"SMITH"},{"data":"Strike_MRS","floor":96,"key":"SMITH"},{"data":"Strike_MRS","floor":100,"key":"PURGE"},{"data":"MilkyWay","floor":108,"key":"SMITH"},{"floor":125,"key":"DIG"},{"floor":126,"key":"DIG"},{"floor":129,"key":"DIG"},{"floor":131,"key":"DIG"},{"data":"PropBag","floor":134,"key":"SMITH"},{"data":"Singularity+1","floor":148,"key":"PURGE"},{"data":"PowerUp","floor":151,"key":"PURGE"}],"circlet_count":0,"master_deck":["BlessedFruit+1","BlessedFruit+1","MilkyWay+1","CollectingQuirk+1","CollectingQuirk+1","MilkyWay+1","CollectingQuirk+1","PropBag+1","PropBag+1","CollectingQuirk+1","MilkyWay+1","CollectingQuirk+1","hubris:DuctTapeCard","PropBag+1","PropBag"],"relics":["MiniHakkero","DaveBox","replay:Trail_Library","ArrowTower","WizardHat","SynthV:TestCard","Molten Egg 2","White Beast Statue","Singing Bowl","halation:PromiseList","Ancient Tea Set","MiniBlackHole","vexMod:HeadHunter","halation:PinkSoulGem","MerchantsRug","hubris:TenFootPole","Strange Spoon","infinitespire:Joker Card","ZombieArmy","GodSword1","infinitespire:Beetle Shell","Vajra","aspiration:Stabinomicon","MagicBroom","Tiny Chest","hubris:Towel","SentryEyes","strawberrySpire:ThornyGelberry","ReplayTheSpireMod:Ninjato","Pen Nib","Gremlin Horn","Oddly Smooth Stone","infinitespire:Lucky Rock","Smiling Mask","replay:Trail_Library","GodSword3","Prayer Wheel","ReplayTheSpireMod:Shallot","SnailShell","vexMod:BarristanHead","hubris:FunFungus","jedi:cryingmask","jedi:shrinkray","Replay:Multitool","strawberrySpire:PoopsieRoll","PatriotShield","hubris:GlazedTorus","Shuriken","MealTicket","hubris:MobiusCoin","Busted Crown","FossilizedHelix","The Courier","halation:IllGainedPizza","CeramicFish","Toy Ornithopter","Replay:Mystery Machine","Ornamental Fan","HandmadeGrimoire","SpikesRelics:ToyHorsey","MoreBug","BrokenLever","PreservedInsect","Unceasing Top","jedi:HeartOfTheCards","Blood Vial","Sundial","CaptainsWheel","conspire:TopHat","hubris:CuriousFeather","Replay:Wax Seal","Mirror","Eternal Feather","aspiration:FrozenJewel","conspire:RunicOctahedron","strawberrySpire:ShipInABottle","aspiration:TomeofQuesting","halation:EternalFortune","hubris:PeanutButter","halation:PrussianBluePaint","infinitespire:FocusingShard","Nunchaku","Replay:Ringing Soul","Replay:Kaleidoscope","strawberrySpire:Treaders","conspire:RoyalGoblet","jedi:archwizardhat","Happy Flower","strawberrySpire:ElefentMask","vexMod:FocusSash","conspire:TreasureMap","hubris:SlimyHat","Bronze Scales","Replay:WaspNest","vexMod:BigBerry","strawberrySpire:Flakhammer"],"acts_visited":["Exordium","TheCity","TheBeyond","Exordium","TheCity","TheBeyond","Exordium","TheCity","TheBeyond","TheEnding"],"potions_floor_usage":[82,84],"damage_taken":[{"damage":0.0,"enemies":"2 Louse","floor":1.0,"turns":2.0},{"damage":3.0,"enemies":"Small Slimes","floor":4.0,"turns":2.0},{"damage":1.0,"enemies":"conspire:RoseBush","floor":5.0,"turns":2.0},{"damage":8.0,"enemies":"Lagavulin","floor":7.0,"turns":4.0},{"damage":9.0,"enemies":"3 Sentries","floor":10.0,"turns":3.0},{"damage":0.0,"enemies":"Replay:BlueRogue","floor":11.0,"turns":3.0},{"damage":14.0,"enemies":"Lagavulin","floor":12.0,"turns":5.0},{"damage":2.0,"enemies":"Blue Slaver","floor":13.0,"turns":2.0},{"damage":4.0,"enemies":"3 Sentries","floor":14.0,"turns":2.0},{"damage":0.0,"enemies":"The Guardian","floor":16.0,"turns":2.0},{"damage":10.0,"enemies":"Spheric Guardian","floor":18.0,"turns":3.0},{"damage":20.0,"enemies":"2 Thieves","floor":22.0,"turns":2.0},{"damage":7.0,"enemies":"Slavers","floor":24.0,"turns":2.0},{"damage":6.0,"enemies":"Book of Stabbing","floor":25.0,"turns":3.0},{"damage":8.0,"enemies":"Gremlin Leader","floor":27.0,"turns":2.0},{"damage":1.0,"enemies":"Slavers","floor":28.0,"turns":3.0},{"damage":9.0,"enemies":"Book of Stabbing","floor":31.0,"turns":3.0},{"damage":21.0,"enemies":"hubris:MusketHawk","floor":33.0,"turns":4.0},{"damage":0.0,"enemies":"3 Shapes","floor":35.0,"turns":1.0},{"damage":0.0,"enemies":"Reptomancer","floor":39.0,"turns":1.0},{"damage":0.0,"enemies":"Giant Head","floor":40.0,"turns":3.0},{"damage":11.0,"enemies":"Nightmare","floor":41.0,"turns":3.0},{"damage":0.0,"enemies":"R_Hoarder","floor":44.0,"turns":2.0},{"damage":0.0,"enemies":"3 Darklings","floor":45.0,"turns":1.0},{"damage":0.0,"enemies":"Reptomancer","floor":47.0,"turns":2.0},{"damage":0.0,"enemies":"4 Shapes","floor":48.0,"turns":1.0},{"damage":0.0,"enemies":"Donu and Deca","floor":50.0,"turns":2.0},{"damage":5.0,"enemies":"Jaw Worm","floor":52.0,"turns":1.0},{"damage":8.0,"enemies":"Gremlin Nob","floor":54.0,"turns":1.0},{"damage":3.0,"enemies":"Small Slimes","floor":55.0,"turns":1.0},{"damage":1.0,"enemies":"3 Sentries","floor":56.0,"turns":1.0},{"damage":3.0,"enemies":"2 Louse","floor":62.0,"turns":1.0},{"damage":9.0,"enemies":"Gremlin Nob","floor":65.0,"turns":1.0},{"damage":17.0,"enemies":"Hexaghost","floor":67.0,"turns":1.0},{"damage":10,"enemies":"Chosen","floor":69,"turns":1},{"damage":0,"enemies":"Book of Stabbing","floor":78,"turns":1},{"damage":0,"enemies":"Spheric Guardian","floor":81,"turns":1},{"damage":0,"enemies":"Shelled Parasite and Fungi","floor":82,"turns":1},{"damage":0,"enemies":"conspire:MysteriousRune","floor":84,"turns":1},{"damage":0,"enemies":"Orb Walker","floor":86,"turns":1},{"damage":0,"enemies":"Reptomancer","floor":88,"turns":1},{"damage":0,"enemies":"R_Hoarder","floor":90,"turns":1},{"damage":0,"enemies":"Giant Head","floor":97,"turns":1},{"damage":0,"enemies":"3 Shapes","floor":99,"turns":1},{"damage":0,"enemies":"Time Eater","floor":101,"turns":1},{"damage":0,"enemies":"Small Slimes","floor":103,"turns":1},{"damage":0,"enemies":"2 Louse","floor":105,"turns":1},{"damage":0,"enemies":"Lagavulin","floor":107,"turns":1},{"damage":0,"enemies":"Gremlin Nob","floor":109,"turns":1},{"damage":0,"enemies":"Lagavulin","floor":113,"turns":1},{"damage":0,"enemies":"Cultist","floor":114,"turns":1},{"damage":0,"enemies":"Fading Forest","floor":118,"turns":1},{"damage":0,"enemies":"2 Thieves","floor":120,"turns":1},{"damage":0,"enemies":"Book of Stabbing","floor":127,"turns":1},{"damage":0,"enemies":"Shell Parasite","floor":132,"turns":1},{"damage":0,"enemies":"hubris:MusketHawk","floor":135,"turns":1},{"damage":0,"enemies":"3 Darklings","floor":137,"turns":1},{"damage":0,"enemies":"3 Shapes","floor":140,"turns":1},{"damage":0,"enemies":"Nemesis","floor":142,"turns":1},{"damage":0,"enemies":"Sphere and 2 Shapes","floor":143,"turns":1},{"damage":0,"enemies":"Reptomancer","floor":146,"turns":1},{"damage":0,"enemies":"Transient","floor":149,"turns":1},{"damage":0,"enemies":"infinitespire:LordOfFortification","floor":152,"turns":1},{"damage":0,"enemies":"Shield and Spear","floor":156,"turns":1},{"damage":0,"enemies":"The Heart","floor":157,"turns":5}],"seed_played":"-2974564522616809801","potions_obtained":[{"floor":4.0,"key":"DistilledChaos"},{"floor":7.0,"key":"AttackPotion"},{"floor":10.0,"key":"Regen Potion"},{"floor":11.0,"key":"EssenceOfSteel"},{"floor":12.0,"key":"SteroidPotion"},{"floor":13.0,"key":"Swift Potion"},{"floor":14.0,"key":"AttackPotion"},{"floor":16.0,"key":"Doom Potion"},{"floor":18.0,"key":"Adrenaline Potion"},{"floor":22.0,"key":"SteroidPotion"},{"floor":24.0,"key":"EssenceOfSteel"},{"floor":25.0,"key":"SpeedPotion"},{"floor":27.0,"key":"AttackPotion"},{"floor":31.0,"key":"Elixir"},{"floor":33.0,"key":"Fire Potion"},{"floor":35.0,"key":"BottledSpark"},{"floor":39.0,"key":"SpeedPotion"},{"floor":44.0,"key":"Swift Potion"},{"floor":45.0,"key":"PowerPotion"},{"floor":48.0,"key":"StarNLove"},{"floor":50.0,"key":"Toxic Potion"},{"floor":52.0,"key":"BottledSpark"},{"floor":55.0,"key":"FairyPotion"},{"floor":56.0,"key":"ShroomBrew"},{"floor":62.0,"key":"Energy Potion"},{"floor":65.0,"key":"Languid Potion"},{"floor":67.0,"key":"Death Potion"},{"floor":69,"key":"LifebloodPotion"},{"floor":78,"key":"SpeedPotion"},{"floor":81,"key":"Explosive Potion"},{"floor":82,"key":"SkillPotion"},{"floor":84,"key":"AttackPotion"},{"floor":86,"key":"AttackPotion"},{"floor":149,"key":"LiquidBronze"},{"floor":152,"key":"Block Potion"},{"floor":157,"key":"jedi:hoardpotion"}],"is_trial":true,"path_per_floor":["M","?","?","M","M","R","E","R","T","E","E","E","M","E","R","B",null,"M","?","?","$","M","R","E","E","T","E","E","R","?","E","R_BF","B",null,"M","?","$","?","E","E","NM","T","T","E","M","T","E","M","R","B",null,"M","T","E","M","E","R","R","R","T","T","M","T","R","E","R","B",null,"M","$","T","AVR","$","R","R","R","T","E","R","R","M","M","R_BF","B",null,"M","T","E","$","E","R","R","R","T","R","R","E","T","M","R","B",null,"M","?","M","T","E","R","E","$","T","T","E","M","$","$","R","B",null,"M","T","?","$","?","R","R","E","T","R","T","R","M","$","R_BF","B",null,"M","?","T","M","$","E","M","T","T","E","$","R","M","$","R_BF","B",null,"R","$","E","B",null],"character_chosen":"MARISA","items_purchased":["MerchantsRug","hubris:TenFootPole","Strange Spoon","infinitespire:Joker Card","SentryEyes","halation:IllGainedPizza","CeramicFish","jedi:HeartOfTheCards","Blood Vial","Sundial","CaptainsWheel","conspire:TopHat","aspiration:FrozenJewel","War Paint","conspire:TreasureMap","hubris:SlimyHat","Replay:WaspNest","PropBag"],"campfire_rested":2,"item_purchase_floors":[21,21,21,21,37,89,89,110,110,110,110,110,115,115,147,147,150,155],"current_hp_per_floor":[75,75,75,72,71,71,63,63,63,61,76,62,60,56,56,56,77,67,53,53,53,33,57,52,50,50,46,49,49,42,37,67,46,100,100,100,100,100,102,106,99,99,99,114,114,114,118,118,118,121,121,117,117,114,111,114,114,114,114,114,114,117,117,117,116,116,103,149,145,150,150,150,150,150,158,158,158,160,160,160,160,162,162,168,168,168,168,172,177,179,179,179,179,179,179,179,179,179,180,180,180,180,185,185,185,185,185,185,189,194,194,194,198,198,203,203,203,207,207,209,209,212,212,212,212,212,220,220,220,220,223,225,230,230,232,232,232,220,227,227,232,236,236,236,241,245,250,250,252,257,257,263,293,293,301,309,315],"gold":226,"neow_bonus":"","is_daily":false,"chose_seed":false,"campfire_upgraded":14,"win_rate":0.0,"timestamp":1608803597,"path_taken":["M","?","?","?","M","R","E","R","T","E","E","E","M","E","R","BOSS","M","?","?","$","?","R","E","E","T","E","?","R","?","E","R_BF","BOSS","M","?","$","?","?","E","NM","?","T","E","?","?","?","M","R","BOSS","M","?","?","?","?","R","R","R","T","?","?","?","R","?","R","BOSS","M","$","?","AVR","?","R","R","R","T","E","R","R","?","?","R_BF","BOSS","M","?","?","$","?","R","R","R","T","R","R","?","?","?","R","BOSS","M","?","?","?","?","R","?","?","T","?","?","?","?","$","R","BOSS","M","?","?","$","?","R","R","?","T","R","?","R","?","?","R_BF","BOSS","M","?","?","?","?","?","M","?","T","E","$","R","?","$","R_BF","BOSS","R","$","E","BOSS"],"items_purchased_type":["Relic","Relic","Relic","Relic","Relic","Relic","Relic","Relic","Relic","Relic","Relic","Relic","Relic","Relic","Relic","Relic","Relic","Card"],"build_version":"2020-12-22","purchased_purges":26,"victory":true,"max_hp_per_floor":[75,75,75,75,75,75,75,75,75,77,77,77,77,77,77,77,77,77,82,82,82,82,82,84,88,88,92,96,96,96,100,100,100,100,100,100,100,100,102,106,110,110,110,114,114,114,118,118,118,121,121,122,122,127,127,131,131,131,131,131,131,137,137,137,145,145,149,149,153,158,158,158,158,158,158,158,158,160,160,160,160,162,162,168,168,168,168,172,177,179,179,179,179,179,179,179,179,179,180,180,180,180,185,185,185,185,185,185,189,194,194,194,198,198,203,203,203,207,207,209,209,212,212,212,212,212,220,220,220,220,223,225,230,230,232,232,232,220,227,227,232,236,236,236,241,245,250,250,252,257,257,263,293,293,301,309,315],"card_choices":[{"not_picked":["MillisecondPulsars","JA+1","AbsoluteMagnitude+1","SatelliteIllusion"],"picked":"FinalSpark+1","floor":7.0},{"not_picked":["BigCrunch","EscapeVelocity","JA+1","BlazingStar+1","StarDustReverie"],"picked":"Singing Bowl","floor":10.0},{"not_picked":["SatelliteIllusion","ManaRampage","SuperNova","BigCrunch"],"picked":"UltimateShortwave","floor":11.0},{"not_picked":["MillisecondPulsars","CasketOfStar","ManaRampage","EscapeVelocity"],"picked":"FinalSpark+1","floor":12.0},{"not_picked":["SatelliteIllusion","BinaryStars","StarDustReverie","UltimateShortwave"],"picked":"TreasureHunter+1","floor":14.0},{"not_picked":["FinalSpark+1","StarDustReverie","BinaryStars","ManaRampage"],"picked":"CasketOfStar","floor":16.0},{"not_picked":["BlazingStar","SuperNova"],"picked":"CollectingQuirk","floor":24.0},{"not_picked":["FinalSpark+1","BinaryStars"],"picked":"TreasureHunter+1","floor":24.0},{"not_picked":["ManaRampage","CollectingQuirk+1","EscapeVelocity","UltimateShortwave","StarDustReverie"],"picked":"Singing Bowl","floor":24.0},{"not_picked":["FinalSpark","UltimateShortwave","MaximisePower"],"picked":"Singing Bowl","floor":25.0},{"not_picked":["FinalSpark+1","JA+1","BlazingStar+1","SatelliteIllusion","MillisecondPulsars"],"picked":"Singing Bowl","floor":25.0},{"not_picked":["MaximisePower","SatelliteIllusion","JA"],"picked":"Singing Bowl","floor":27.0},{"not_picked":["SatelliteIllusion","JA+1","SuperNova","FinalSpark+1","AbsoluteMagnitude+1"],"picked":"Singing Bowl","floor":27.0},{"not_picked":["StarDustReverie","AbsoluteMagnitude","MillisecondPulsars"],"picked":"Singing Bowl","floor":28.0},{"not_picked":["SatelliteIllusion","EscapeVelocity","CollectingQuirk+1","StarDustReverie","SuperNova"],"picked":"Singing Bowl","floor":28.0},{"not_picked":["SuperNova","MillisecondPulsars","TreasureHunter"],"picked":"Singing Bowl","floor":31.0},{"not_picked":["CollectingQuirk+1","JA+1","UltimateShortwave","StarDustReverie","MillisecondPulsars"],"picked":"Singing Bowl","floor":31.0},{"not_picked":["JA+1","EscapeVelocity","AbsoluteMagnitude+1","FinalSpark+1"],"picked":"CasketOfStar","floor":33.0},{"not_picked":["BigCrunch","EscapeVelocity"],"picked":"FinalSpark","floor":39.0},{"not_picked":["ManaRampage","BinaryStars","SatelliteIllusion","BlazingStar+1","SuperNova"],"picked":"Singing Bowl","floor":39.0},{"not_picked":["MillisecondPulsars","ManaRampage","AbsoluteMagnitude"],"picked":"Singing Bowl","floor":40.0},{"not_picked":["BinaryStars","CollectingQuirk+1","UltimateShortwave","SuperNova","SatelliteIllusion"],"picked":"Singing Bowl","floor":40.0},{"not_picked":["BinaryStars","FinalSpark","MaximisePower"],"picked":"Singing Bowl","floor":41.0},{"not_picked":["StarDustReverie","ManaRampage","TreasureHunter+1","EscapeVelocity","CollectingQuirk+1"],"picked":"Singing Bowl","floor":41.0},{"not_picked":["EscapeVelocity","MaximisePower","FinalSpark"],"picked":"Singing Bowl","floor":44.0},{"not_picked":["AbsoluteMagnitude+1","SatelliteIllusion","BinaryStars","MaximisePower","BigCrunch"],"picked":"Singing Bowl","floor":44.0},{"not_picked":["CasketOfStar","UltimateShortwave","ManaRampage"],"picked":"Singing Bowl","floor":47.0},{"not_picked":["FinalSpark+1","AbsoluteMagnitude+1","BigCrunch","BlazingStar+1","ManaRampage"],"picked":"Singing Bowl","floor":47.0},{"not_picked":["AbsoluteMagnitude+1","UltimateShortwave","JA+1","EscapeVelocity","CasketOfStar"],"picked":"Singing Bowl","floor":50.0},{"not_picked":["AbsoluteMagnitude","BigCrunch","StarDustReverie"],"picked":"Singing Bowl","floor":54.0},{"not_picked":["JA+1","TreasureHunter+1","BinaryStars","MillisecondPulsars","UltimateShortwave"],"picked":"Singing Bowl","floor":54.0},{"not_picked":["ManaRampage","BinaryStars","CollectingQuirk"],"picked":"Singing Bowl","floor":56.0},{"not_picked":["JA+1","SatelliteIllusion","StarDustReverie","TreasureHunter+1","MillisecondPulsars"],"picked":"Singing Bowl","floor":56.0},{"not_picked":["MillisecondPulsars","ManaRampage","CasketOfStar"],"picked":"Singing Bowl","floor":65.0},{"not_picked":["TreasureHunter+1","SatelliteIllusion","JA+1","FinalSpark+1","MillisecondPulsars"],"picked":"Singing Bowl","floor":65.0},{"not_picked":["JA+1","CollectingQuirk+1","ManaRampage","CasketOfStar","BigCrunch"],"picked":"Singing Bowl","floor":67.0},{"not_picked":["MillisecondPulsars","SatelliteIllusion"],"picked":"CollectingQuirk","floor":78},{"not_picked":["TreasureHunter+1","ManaRampage","BlazingStar+1","EscapeVelocity"],"picked":"CollectingQuirk+1","floor":78},{"not_picked":["infinitespire:SevenWalls","ReplayTheSpireMod:Haul","ReplayTheSpireMod:Black Plague"],"picked":"Singing Bowl","floor":84},{"not_picked":["MillisecondPulsars","FinalSpark+1","UltimateShortwave","BinaryStars","SuperNova"],"picked":"Singing Bowl","floor":84},{"not_picked":["SuperNova"],"picked":"Singing Bowl","floor":88},{"not_picked":["SuperNova","TreasureHunter+1","FinalSpark+1"],"picked":"Singing Bowl","floor":88},{"not_picked":["SuperNova"],"picked":"Singing Bowl","floor":90},{"not_picked":["EscapeVelocity","CasketOfStar"],"picked":"CollectingQuirk+1","floor":90},{"not_picked":["BlazingStar+1","SatelliteIllusion"],"picked":"CollectingQuirk+1","floor":97},{"not_picked":["SuperNova"],"picked":"SKIP","floor":97},{"not_picked":["JA+1","BigCrunch"],"picked":"CollectingQuirk+1","floor":107},{"not_picked":["SuperNova"],"picked":"SKIP","floor":107},{"not_picked":["SuperNova"],"picked":"Singing Bowl","floor":109},{"not_picked":["FinalSpark+1","ManaRampage","JA+1"],"picked":"Singing Bowl","floor":109},{"not_picked":["EscapeVelocity"],"picked":"Singing Bowl","floor":113},{"not_picked":["MillisecondPulsars","CasketOfStar"],"picked":"CollectingQuirk+1","floor":113},{"not_picked":["UltimateShortwave","TreasureHunter+1","FinalSpark+1"],"picked":"Singing Bowl","floor":118},{"not_picked":["FinalSpark"],"picked":"Singing Bowl","floor":127},{"not_picked":["CasketOfStar","BinaryStars+1","CollectingQuirk+1"],"picked":"Singing Bowl","floor":127},{"not_picked":["StarDustReverie+1","FinalSpark+1","MillisecondPulsars"],"picked":"Singing Bowl","floor":135},{"not_picked":["SatelliteIllusion"],"picked":"Singing Bowl","floor":142},{"not_picked":["StarDustReverie+1","CollectingQuirk+1","UltimateShortwave"],"picked":"Singing Bowl","floor":142},{"not_picked":["FinalSpark"],"picked":"Singing Bowl","floor":146},{"not_picked":["BinaryStars","SatelliteIllusion","MaximisePower+1"],"picked":"Singing Bowl","floor":146},{"not_picked":["UltimateShortwave","BinaryStars+1","SuperNova"],"picked":"Singing Bowl","floor":152},{"not_picked":["JA"],"picked":"Singing Bowl","floor":156},{"not_picked":["EscapeVelocity","AbsoluteMagnitude+1","MillisecondPulsars+1"],"picked":"Singing Bowl","floor":156},{"not_picked":["MillisecondPulsars","CasketOfStar+1","SuperNova"],"picked":"Singing Bowl","floor":157}],"player_experience":415596,"relics_obtained":[{"floor":1.0,"key":"WizardHat"},{"floor":1.0,"key":"SynthV:TestCard"},{"floor":4.0,"key":"Grinning Jar"},{"floor":5.0,"key":"White Beast Statue"},{"floor":7.0,"key":"Singing Bowl"},{"floor":9.0,"key":"hubris:BundleOfHerbs"},{"floor":10.0,"key":"halation:PromiseList"},{"floor":11.0,"key":"SynthV:C4"},{"floor":12.0,"key":"Ancient Tea Set"},{"floor":13.0,"key":"MiniBlackHole"},{"floor":14.0,"key":"vexMod:HeadHunter"},{"floor":18.0,"key":"War Paint"},{"floor":22.0,"key":"ZombieArmy"},{"floor":24.0,"key":"conspire:GiftBox"},{"floor":25.0,"key":"GodSword1"},{"floor":26.0,"key":"Orichalcum"},{"floor":27.0,"key":"StrikeDummy"},{"floor":28.0,"key":"infinitespire:Beetle Shell"},{"floor":28.0,"key":"Vajra"},{"floor":30.0,"key":"aspiration:Stabinomicon"},{"floor":31.0,"key":"MagicBroom"},{"floor":33.0,"key":"Pocketwatch"},{"floor":35.0,"key":"Tiny Chest"},{"floor":39.0,"key":"strawberrySpire:ThornyGelberry"},{"floor":40.0,"key":"Simple Rune"},{"floor":40.0,"key":"ReplayTheSpireMod:Ninjato"},{"floor":41.0,"key":"MawBank"},{"floor":42.0,"key":"Pen Nib"},{"floor":43.0,"key":"Gremlin Horn"},{"floor":44.0,"key":"HeavenlyBonsai"},{"floor":45.0,"key":"Oddly Smooth Stone"},{"floor":46.0,"key":"infinitespire:Lucky Rock"},{"floor":47.0,"key":"ReplayTheSpireMod:TigerMarble"},{"floor":47.0,"key":"Smiling Mask"},{"floor":48.0,"key":"halation:AfternoonTea"},{"floor":52.0,"key":"GodSword3"},{"floor":53.0,"key":"Prayer Wheel"},{"floor":54.0,"key":"ReplayTheSpireMod:Shallot"},{"floor":54.0,"key":"SnailShell"},{"floor":55.0,"key":"vexMod:BarristanHead"},{"floor":60.0,"key":"hubris:FunFungus"},{"floor":61.0,"key":"jedi:cryingmask"},{"floor":62.0,"key":"strawberrySpire:StillNotAdequateHouse"},{"floor":63.0,"key":"jedi:shrinkray"},{"floor":65.0,"key":"Replay:Multitool"},{"floor":69,"key":"Bag of Marbles"},{"floor":71,"key":"strawberrySpire:PoopsieRoll"},{"floor":77,"key":"Whetstone"},{"floor":78,"key":"hubris:GlazedTorus"},{"floor":80,"key":"Shuriken"},{"floor":81,"key":"MealTicket"},{"floor":82,"key":"hubris:MobiusCoin"},{"floor":86,"key":"FossilizedHelix"},{"floor":87,"key":"conspire:Flyswatter"},{"floor":88,"key":"The Courier"},{"floor":90,"key":"conspire:DecoderRing"},{"floor":91,"key":"infinitespire:CursedDice"},{"floor":92,"key":"Toy Ornithopter"},{"floor":94,"key":"Replay:Mystery Machine"},{"floor":97,"key":"Ornamental Fan"},{"floor":98,"key":"infinitespire:Satchel"},{"floor":99,"key":"HandmadeGrimoire"},{"floor":103,"key":"SpikesRelics:ToyHorsey"},{"floor":105,"key":"strawberrySpire:CharschorBlot"},{"floor":106,"key":"MoreBug"},{"floor":107,"key":"MawBank"},{"floor":107,"key":"BrokenLever"},{"floor":109,"key":"PreservedInsect"},{"floor":109,"key":"Unceasing Top"},{"floor":111,"key":"hubris:CuriousFeather"},{"floor":112,"key":"Replay:Wax Seal"},{"floor":113,"key":"Darkstone Periapt"},{"floor":113,"key":"Mirror"},{"floor":114,"key":"Eternal Feather"},{"floor":120,"key":"strawberrySpire:ShipInABottle"},{"floor":121,"key":"aspiration:TomeofQuesting"},{"floor":125,"key":"hubris:PeanutButter"},{"floor":126,"key":"halation:PrussianBluePaint"},{"floor":127,"key":"hubris:DuctTape"},{"floor":128,"key":"infinitespire:FocusingShard"},{"floor":129,"key":"Nunchaku"},{"floor":130,"key":"Replay:Ringing Soul"},{"floor":131,"key":"Replay:Kaleidoscope"},{"floor":132,"key":"strawberrySpire:Treaders"},{"floor":137,"key":"jedi:archwizardhat"},{"floor":139,"key":"Strawberry"},{"floor":140,"key":"hubris:BottledRain"},{"floor":142,"key":"Happy Flower"},{"floor":143,"key":"strawberrySpire:ElefentMask"},{"floor":144,"key":"Bottled Tornado"},{"floor":145,"key":"vexMod:Dragonfruit"},{"floor":146,"key":"vexMod:FocusSash"},{"floor":149,"key":"Bronze Scales"},{"floor":156,"key":"strawberrySpire:Flakhammer"}],"event_choices":[{"damage_healed":0.0,"max_hp_gain":0.0,"max_hp_loss":0.0,"gold_gain":100.0,"event_name":"Golden Shrine","player_choice":"Pray","floor":3.0,"gold_loss":0.0,"damage_taken":0.0},{"damage_healed":0.0,"max_hp_gain":5.0,"max_hp_loss":0.0,"gold_gain":0.0,"event_name":"Forgotten Altar","player_choice":"Shed Blood","floor":19.0,"gold_loss":0.0,"damage_taken":19.0},{"damage_healed":0.0,"max_hp_gain":0.0,"max_hp_loss":0.0,"gold_gain":0.0,"event_name":"Cursed Tome","player_choice":"Obtained Book","floor":30.0,"gold_loss":0.0,"damage_taken":16.0},{"damage_healed":0.0,"max_hp_gain":0.0,"max_hp_loss":0.0,"gold_gain":0.0,"event_name":"Match and Keep!","player_choice":"2 cards matched","floor":38.0,"gold_loss":0.0,"damage_taken":0.0,"cards_obtained":["MeteoricShower","StarDustReverie"]},{"damage_healed":0,"gold_gain":0,"player_choice":"0 cards matched","damage_taken":0,"max_hp_gain":0,"max_hp_loss":0,"event_name":"Match and Keep!","floor":124,"gold_loss":0,"cards_obtained":[]},{"damage_healed":0,"gold_gain":0,"player_choice":"Max HP","damage_taken":0,"max_hp_gain":0,"max_hp_loss":12,"event_name":"Winding Halls","floor":138,"gold_loss":0}],"is_beta":false,"boss_relics":[{"not_picked":["Snecko Eye","Velvet Choker"],"picked":"vexMod:ImprovementManual"},{"not_picked":["Replay:Bronze Core","halation:HeavySnake"],"picked":"ExperimentalFamiliar"},{"not_picked":["halation:PlatinumPhoenix","vexMod:RockOfEvil"],"picked":"SynthV:MejaisSoulstealer"},{"not_picked":["Abe\u0027s Treasure","SacredBark"],"picked":"Empty Cage"},{"not_picked":["aspiration:SilentSkillbook","RampagingMagicTools"],"picked":"Busted Crown"},{"not_picked":["Painkiller Herb","hubris:VirtuousBlindfold","ReplayTheSpireMod:SealedPack"]},{"not_picked":["Runic Pyramid","Coffee Dripper"],"picked":"conspire:RunicOctahedron"},{"not_picked":["FeatherPendant","Pandora\u0027s Box"],"picked":"conspire:RoyalGoblet"},{"not_picked":["FrostBlade","Replay:Grab Bag"],"picked":"vexMod:BigBerry"}],"items_purged_floors":[21,21,37,70,70,72,89,89,110,110,115,115,116,116,123,123,133,133,141,141,147,147,150,150,155,155],"is_endless":true,"potions_floor_spawned":[4,7,10,11,12,13,14,16,18,22,24,25,27,31,33,35,39,44,45,48,50,52,55,56,62,65,67,69,78,81,82,84,86,88,90,97,99,101,103,105,114,118,120,127,132,135,137,140,142,143,146,149,152,156,157],"ascension_level":0}}