{"host":"f5n4tidiz2n5sooh","time":1608819101,"event":{"mods":["BaseMod","Bestiary","Colored Map","Minty Spire (QoL Compilation)","Relic Stats","StSLib"],"gold_per_floor":[165,179,191,210,220,220,220,220],"floor_reached":7,"playtime":376,"items_purged":[],"score":90,"play_id":"6b6f4b89-ca24-4ba4-b2f9-72411c50526d","local_time":"20201224081141","is_ascension_mode":true,"campfire_choices":[{"floor":6,"key":"REST"}],"circlet_count":0,"master_deck":["AscendersBane","Strike_G","Strike_G","Strike_G","Strike_G","Strike_G","Defend_G","Defend_G","Defend_G+1","Defend_G","Defend_G","Survivor","Neutralize","Flying Knee","Quick Slash","Well Laid Plans","Blade Dance","Riddle With Holes"],"relics":["Tiny House"],"acts_visited":["Exordium"],"potions_floor_usage":[5,7],"damage_taken":[{"damage":6,"enemies":"Jaw Worm","floor":1,"turns":5},{"damage":0,"enemies":"Cultist","floor":2,"turns":3},{"damage":0,"enemies":"2 Louse","floor":3,"turns":4},{"damage":17,"enemies":"Large Slime","floor":4,"turns":8},{"damage":36,"enemies":"Gremlin Gang","floor":5,"turns":5},{"damage":39,"enemies":"Lagavulin","floor":7,"turns":5}],"seed_played":"1364572630003392627","potions_obtained":[{"floor":0,"key":"SkillPotion"},{"floor":1,"key":"GamblersBrew"}],"is_trial":false,"path_per_floor":["M","M","M","M","M","R","E"],"character_chosen":"THE_SILENT","items_purchased":[],"campfire_rested":1,"item_purchase_floors":[],"current_hp_per_floor":[58,58,58,41,5,26,0,0],"gold":220,"neow_bonus":"BOSS_RELIC","is_daily":false,"chose_seed":false,"campfire_upgraded":0,"win_rate":0.0,"timestamp":1608819101,"path_taken":["M","M","M","M","M","R","E"],"items_purchased_type":[],"build_version":"2020-12-22","purchased_purges":0,"victory":false,"max_hp_per_floor":[71,71,71,71,71,71,71,71],"relic_stats":{"counters":[6,30],"obtain_stats":[{"Tiny House":0,"Ring of the Snake":0},{"Tiny House":0,"Ring of the Snake":0},{"Tiny House":0,"Ring of the Snake":0}]},"card_choices":[{"not_picked":["Acrobatics","Dodge and Roll"],"picked":"Flying Knee","floor":0},{"not_picked":["Deadly Poison","PiercingWail"],"picked":"Quick Slash","floor":1},{"not_picked":["Bane","Backflip"],"picked":"Well Laid Plans","floor":2},{"not_picked":["Bane","Dagger Throw"],"picked":"Blade Dance","floor":3},{"not_picked":["Reflex","PiercingWail"],"picked":"Riddle With Holes","floor":4},{"not_picked":["Acrobatics","Prepared","Flying Knee"],"picked":"SKIP","floor":5}],"player_experience":1927299,"relics_obtained":[],"event_choices":[],"is_beta":false,"boss_relics":[],"items_purged_floors":[],"is_endless":false,"potions_floor_spawned":[1,4],"killed_by":"Lagavulin","ascension_level":20}}