{"host":"x5anfo2w8aotfuta","time":1608802717,"event":{"mods":["AchievementEnabler","BaseMod","Bestiary","Block Reminder","Colored Map","Colored Powertips","DeckTracker","Highlight Path","Minty Spire (QoL Compilation)","Quick Restart","Rare Cards Sparkle","Relic Stats","StSLib"],"gold_per_floor":[112,128,139,152,152,152,172,272,272,306,306,320,336,348,348,447,447,465,477,497,515,42,72,72,72,96,96,107,107,39,54,54,153,153,165,181,181,201,219,219,252,275,352,8,26,55,66,77,77,77,77,77,28,62,62,62],"floor_reached":55,"playtime":6135,"items_purged":[],"score":1047,"play_id":"520fb3a5-a842-4fa5-8a39-869684e59ef0","local_time":"20201224013837","is_ascension_mode":true,"campfire_choices":[{"data":"Bouncing Flask","floor":6.0,"key":"SMITH"},{"data":"Cloak And Dagger","floor":11.0,"key":"SMITH"},{"floor":15.0,"key":"REST"},{"floor":24,"key":"REST"},{"floor":29,"key":"REST"},{"floor":32,"key":"REST"},{"floor":40,"key":"RECALL"},{"floor":49,"key":"REST"},{"floor":52,"key":"REST"}],"circlet_count":0,"master_deck":["Strike_G","Strike_G","Strike_G","Strike_G","Strike_G","Defend_G","Defend_G","Defend_G","Defend_G","Defend_G","Survivor","Neutralize+1","Dagger Spray","Cloak And Dagger+1","Bouncing Flask+1","Poisoned Stab","After Image+1","Backflip+1","Well Laid Plans+1","PiercingWail+1","Corpse Explosion+1","PiercingWail+1","Distraction+1","Acrobatics+1","Deadly Poison+1","Crippling Poison+1","Cloak And Dagger+1","Necronomicurse","Blade Dance+1","Riddle With Holes","After Image+1","Envenom+1","Prepared+1","Malaise+1","Deflect+1","Caltrops+1","Choke","Noxious Fumes+1","Riddle With Holes+1"],"relics":["Ring of the Snake","Toxic Egg 2","Frozen Egg 2","Fusion Hammer","Letter Opener","ClockworkSouvenir","HornCleat","Necronomicon","SlaversCollar","Nunchaku","MealTicket","Mummified Hand","Turnip","Ninja Scroll","Tingsha"],"acts_visited":["TheBeyond","TheEnding"],"potions_floor_usage":[21,33,50,55,55,55],"damage_taken":[{"damage":3.0,"enemies":"2 Louse","floor":1.0,"turns":4.0},{"damage":0.0,"enemies":"Small Slimes","floor":2.0,"turns":3.0},{"damage":0.0,"enemies":"Cultist","floor":3.0,"turns":4.0},{"damage":5.0,"enemies":"Looter","floor":4.0,"turns":4.0},{"damage":3.0,"enemies":"Large Slime","floor":7.0,"turns":6.0},{"damage":20.0,"enemies":"3 Sentries","floor":10.0,"turns":6.0},{"damage":4.0,"enemies":"Exordium Thugs","floor":12.0,"turns":6.0},{"damage":0.0,"enemies":"Red Slaver","floor":13.0,"turns":4.0},{"damage":0.0,"enemies":"Blue Slaver","floor":14.0,"turns":4.0},{"damage":34.0,"enemies":"Slime Boss","floor":16.0,"turns":13.0},{"damage":0.0,"enemies":"Shell Parasite","floor":18.0,"turns":5.0},{"damage":0.0,"enemies":"Chosen","floor":19.0,"turns":4.0},{"damage":14,"enemies":"Snake Plant","floor":20,"turns":6},{"damage":10,"enemies":"Sentry and Sphere","floor":21,"turns":5},{"damage":23,"enemies":"Gremlin Leader","floor":23,"turns":7},{"damage":0,"enemies":"Snecko","floor":28,"turns":5},{"damage":1,"enemies":"Chosen and Byrds","floor":31,"turns":5},{"damage":24,"enemies":"Champ","floor":33,"turns":12},{"damage":0,"enemies":"3 Shapes","floor":35,"turns":5},{"damage":2,"enemies":"Orb Walker","floor":36,"turns":4},{"damage":8,"enemies":"3 Darklings","floor":38,"turns":4},{"damage":9,"enemies":"Sphere and 2 Shapes","floor":39,"turns":5},{"damage":3,"enemies":"Nemesis","floor":41,"turns":9},{"damage":1,"enemies":"Spire Growth","floor":45,"turns":6},{"damage":5,"enemies":"Giant Head","floor":46,"turns":8},{"damage":0,"enemies":"Maw","floor":47,"turns":6},{"damage":0,"enemies":"Transient","floor":48,"turns":5},{"damage":11,"enemies":"Donu and Deca","floor":50,"turns":6},{"damage":0,"enemies":"Shield and Spear","floor":54,"turns":6},{"damage":83,"enemies":"The Heart","floor":55,"turns":6}],"seed_played":"5114480209635583572","potions_obtained":[{"floor":3.0,"key":"Swift Potion"},{"floor":12.0,"key":"Weak Potion"},{"floor":14.0,"key":"Dexterity Potion"},{"floor":19,"key":"Regen Potion"},{"floor":20,"key":"ColorlessPotion"},{"floor":23,"key":"SmokeBomb"},{"floor":28,"key":"LiquidBronze"},{"floor":35,"key":"Ancient Potion"},{"floor":45,"key":"GhostInAJar"}],"is_trial":false,"path_per_floor":["M","M","M","M","?","R","M","?","T","E","R","M","M","M","R","B",null,"M","M","M","M","$","E","R","?","T","?","M","R","$","M","R","B",null,"M","M","?","M","M","R","E","T","T","$","M","E","M","M","R","B",null,"R","$","E","B"],"character_chosen":"THE_SILENT","items_purchased":["Letter Opener","ClockworkSouvenir","Crippling Poison+1","Riddle With Holes","Turnip","Caltrops+1","SpeedPotion"],"campfire_rested":6,"item_purchase_floors":[22,22,22,30,44,44,53],"current_hp_per_floor":[60,60,60,55,60,60,57,57,57,37,37,33,33,33,55,21,62,62,62,48,38,38,15,37,21,21,21,21,43,43,42,64,55,70,70,68,68,60,51,51,48,48,48,63,62,57,57,57,71,60,68,71,71,71,0,0],"gold":62,"neow_bonus":"UPGRADE_CARD","is_daily":false,"chose_seed":false,"campfire_upgraded":2,"win_rate":0.0,"timestamp":1608802717,"path_taken":["M","M","M","M","?","R","M","?","T","E","R","M","?","M","R","BOSS","BOSS","M","M","M","M","$","E","R","?","T","?","M","R","$","?","R","BOSS","M","M","?","M","M","R","E","?","T","$","M","E","M","M","R","BOSS","R","$","E","BOSS"],"items_purchased_type":["Relic","Relic","Card","Card","Relic","Card","Potion"],"build_version":"2020-12-22","purchased_purges":0,"victory":false,"max_hp_per_floor":[70,70,70,70,75,75,75,75,75,75,75,75,75,75,75,75,75,75,75,75,75,75,75,75,75,75,75,75,75,75,75,75,75,75,75,75,71,71,71,71,71,71,71,71,71,71,71,71,71,71,71,71,71,71,71,71],"relic_stats":{"Nunchaku":[13],"counters":[18,110],"Mummified Hand":[39],"MealTicket":15,"Tingsha":[9],"Turnip":[5],"Necronomicon":[18],"Letter Opener":[255],"obtain_stats":[{"Tingsha":54,"Letter Opener":22,"Frozen Egg 2":0,"ClockworkSouvenir":22,"SlaversCollar":34,"Nunchaku":41,"HornCleat":23,"Mummified Hand":43,"Ninja Scroll":46,"MealTicket":42,"Fusion Hammer":0,"Turnip":44,"Necronomicon":25,"Toxic Egg 2":0,"Ring of the Snake":0},{"Tingsha":17,"Letter Opener":2,"Frozen Egg 2":0,"ClockworkSouvenir":2,"SlaversCollar":6,"Nunchaku":11,"HornCleat":3,"Mummified Hand":11,"Ninja Scroll":13,"MealTicket":11,"Fusion Hammer":0,"Turnip":11,"Necronomicon":3,"Toxic Egg 2":0,"Ring of the Snake":0},{"Tingsha":104,"Letter Opener":11,"Frozen Egg 2":0,"ClockworkSouvenir":11,"SlaversCollar":40,"Nunchaku":67,"HornCleat":18,"Mummified Hand":67,"Ninja Scroll":81,"MealTicket":67,"Fusion Hammer":0,"Turnip":67,"Necronomicon":18,"Toxic Egg 2":0,"Ring of the Snake":0}],"Ring of the Snake":[36]},"card_choices":[{"not_picked":["Concentrate","Backflip"],"picked":"Dagger Spray","floor":1.0},{"not_picked":["Blade Dance","Deflect"],"picked":"Cloak And Dagger","floor":2.0},{"not_picked":["Dodge and Roll","Dagger Spray","Deflect"],"picked":"SKIP","floor":3.0},{"not_picked":["Tools of the Trade","Acrobatics"],"picked":"Bouncing Flask","floor":4.0},{"not_picked":["Dagger Spray","Deadly Poison"],"picked":"Poisoned Stab","floor":7.0},{"not_picked":["All Out Attack","Quick Slash"],"picked":"After Image+1","floor":10.0},{"not_picked":["Deflect+1","Tactician+1"],"picked":"Backflip+1","floor":12.0},{"not_picked":["Quick Slash","Accuracy+1"],"picked":"Well Laid Plans+1","floor":13.0},{"not_picked":["Deflect+1","Acrobatics+1"],"picked":"PiercingWail+1","floor":14.0},{"not_picked":["Unload","A Thousand Cuts+1"],"picked":"Corpse Explosion+1","floor":16.0},{"not_picked":["Predator+1","Well Laid Plans+1"],"picked":"PiercingWail+1","floor":18.0},{"not_picked":["Slice","Dagger Throw"],"picked":"Distraction+1","floor":19},{"not_picked":["Terror+1","Dagger Throw"],"picked":"Acrobatics+1","floor":20},{"not_picked":["Slice","Choke"],"picked":"Deadly Poison+1","floor":21},{"not_picked":["Sucker Punch","Backflip+1"],"picked":"Cloak And Dagger+1","floor":23},{"not_picked":["Dagger Spray","All Out Attack"],"picked":"Blade Dance+1","floor":28},{"not_picked":["Sucker Punch","Dodge and Roll+1"],"picked":"After Image+1","floor":31},{"not_picked":["Doppelganger+1","Wraith Form v2+1"],"picked":"Envenom+1","floor":33},{"not_picked":["Bane","Sucker Punch"],"picked":"Prepared+1","floor":35},{"not_picked":["Sucker Punch+1","Dagger Throw+1"],"picked":"Malaise+1","floor":36},{"not_picked":["Heel Hook+1","Prepared+1"],"picked":"Deflect+1","floor":38},{"not_picked":["Deadly Poison+1","Dodge and Roll+1","Well Laid Plans+1"],"picked":"SKIP","floor":39},{"not_picked":["Dodge and Roll+1","Flying Knee","Bouncing Flask+1"],"picked":"SKIP","floor":41},{"not_picked":["Terror+1","Dagger Spray"],"picked":"Choke","floor":45},{"not_picked":["Reflex+1","Sucker Punch","Bane"],"picked":"SKIP","floor":46},{"not_picked":["Slice+1","Quick Slash+1"],"picked":"Noxious Fumes+1","floor":47},{"not_picked":["Storm of Steel+1","Acrobatics+1"],"picked":"Riddle With Holes+1","floor":48},{"not_picked":["Well Laid Plans+1","Underhanded Strike+1","Eviscerate"],"picked":"SKIP","floor":54}],"player_experience":358812,"relics_obtained":[{"floor":9.0,"key":"Toxic Egg 2"},{"floor":10.0,"key":"Frozen Egg 2"},{"floor":23,"key":"HornCleat"},{"floor":25,"key":"Necronomicon"},{"floor":41,"key":"Nunchaku"},{"floor":42,"key":"MealTicket"},{"floor":43,"key":"Mummified Hand"},{"floor":46,"key":"Ninja Scroll"},{"floor":54,"key":"Tingsha"}],"event_choices":[{"damage_healed":0.0,"max_hp_gain":5.0,"max_hp_loss":0.0,"gold_gain":0.0,"event_name":"Big Fish","player_choice":"Donut","floor":5.0,"gold_loss":0.0,"damage_taken":0.0},{"damage_healed":0.0,"max_hp_gain":0.0,"max_hp_loss":0.0,"gold_gain":100.0,"event_name":"Golden Shrine","player_choice":"Pray","floor":8.0,"gold_loss":0.0,"damage_taken":0.0},{"damage_healed":0,"gold_gain":0,"player_choice":"Obtained Book","damage_taken":16,"max_hp_gain":0,"max_hp_loss":0,"event_name":"Cursed Tome","floor":25,"gold_loss":0},{"damage_healed":0,"gold_gain":0,"player_choice":"Ignored","damage_taken":0,"max_hp_gain":0,"max_hp_loss":0,"event_name":"The Mausoleum","floor":27,"gold_loss":0},{"damage_healed":0,"gold_gain":0,"player_choice":"Max HP","damage_taken":0,"max_hp_gain":0,"max_hp_loss":4,"event_name":"Winding Halls","floor":37,"gold_loss":0}],"is_beta":false,"boss_relics":[{"not_picked":["Runic Dome","Tiny House"],"picked":"Fusion Hammer"},{"not_picked":["Sozu","Philosopher\u0027s Stone"],"picked":"SlaversCollar"}],"items_purged_floors":[],"is_endless":false,"potions_floor_spawned":[3,12,14,19,20,23,28,35,45,47,48,54],"killed_by":"The Heart","ascension_level":7}}