{"host":"h8l1uc7c2i19r904","time":1608776651,"event":{"mods":["AchievementEnabler","BaseMod","Colored Map","Colored Powertips","Downfall","Minty Spire (QoL Compilation)","Quick Restart","Replay The Spire","StSLib","SuperFastMode"],"gold_per_floor":[110,110,71,97,111,136,154,180,180,180,180,200,218,218,218,218,218],"floor_reached":16,"playtime":607,"items_purged":[],"score":135,"play_id":"89c6064d-6bbc-4952-b177-d6a4e37a52bf","local_time":"20201223182411","is_ascension_mode":false,"campfire_choices":[{"floor":11,"key":"RECALL"},{"data":"Eruption","floor":15,"key":"SMITH"}],"circlet_count":0,"master_deck":["Strike_P","Strike_P","Strike_P","Strike_P","Defend_P","Defend_P","Defend_P","Defend_P","Eruption+1","Prostrate","Crescendo+1","FollowUp","ReachHeaven","Bash"],"relics":["NeowsBlessing","Juzu Bracelet","Pen Nib","Mirror","Replay:Ringing Soul","Replay:M_SmolderingBlood"],"acts_visited":["Exordium"],"potions_floor_usage":[6,8,8],"damage_taken":[{"damage":0,"enemies":"Jaw Worm","floor":1,"turns":1},{"damage":0,"enemies":"Cultist","floor":5,"turns":1},{"damage":0,"enemies":"Lagavulin","floor":6,"turns":1},{"damage":0,"enemies":"Small Slimes","floor":7,"turns":2},{"damage":30,"enemies":"3 Sentries","floor":8,"turns":10},{"damage":0,"enemies":"3 Louse","floor":12,"turns":2},{"damage":0,"enemies":"Looter","floor":13,"turns":2},{"damage":30,"enemies":"Fading Forest","floor":16,"turns":7}],"seed_played":"-7854723442660114135","potions_obtained":[{"floor":2,"key":"SkillPotion"},{"floor":2,"key":"champ:CounterPotion"},{"floor":2,"key":"Dexterity Potion"},{"floor":5,"key":"Swift Potion"},{"floor":8,"key":"BlessingOfTheForge"}],"is_trial":false,"path_per_floor":["M","?","$","T","M","E","M","E","T","?","R","M","M","?","R","B"],"character_chosen":"WATCHER","items_purchased":["Crescendo+1"],"campfire_rested":0,"item_purchase_floors":[3],"current_hp_per_floor":[72,72,72,72,72,72,72,42,42,24,24,24,24,27,27,0,0],"gold":218,"neow_bonus":"THREE_ENEMY_KILL","is_daily":false,"chose_seed":false,"campfire_upgraded":1,"win_rate":0.0,"timestamp":1608776651,"path_taken":["M","?","$","?","M","E","M","E","T","?","R","M","M","?","R","BOSS"],"items_purchased_type":["Card"],"build_version":"2020-12-22","purchased_purges":0,"victory":false,"max_hp_per_floor":[72,72,72,72,72,72,72,72,72,72,72,72,72,75,75,75,75],"card_choices":[{"not_picked":["FlurryOfBlows","Consecrate"],"picked":"Prostrate","floor":1},{"not_picked":["CrushJoints","Replay:Vibes","Conclude"],"picked":"SKIP","floor":5},{"not_picked":["Evaluate","LikeWater","PathToVictory"],"picked":"SKIP","floor":6},{"not_picked":["Pray","CrushJoints"],"picked":"FollowUp","floor":7},{"not_picked":["SignatureMove","Study"],"picked":"ReachHeaven","floor":8},{"not_picked":["Consecrate","PathToVictory","Replay:ManipulateFuture"],"picked":"SKIP","floor":12},{"not_picked":["CarveReality","Conclude","Meditate"],"picked":"SKIP","floor":13}],"player_experience":131667,"relics_obtained":[{"floor":6,"key":"Juzu Bracelet"},{"floor":8,"key":"Pen Nib"},{"floor":9,"key":"Mirror"}],"event_choices":[{"damage_healed":0,"gold_gain":0,"player_choice":"Got Potions","damage_taken":0,"max_hp_gain":0,"max_hp_loss":0,"event_name":"Lab","floor":2,"gold_loss":0},{"damage_healed":0,"gold_gain":0,"player_choice":"Success","damage_taken":18,"relics_obtained":["Replay:Ringing Soul"],"max_hp_gain":0,"max_hp_loss":0,"event_name":"Scrap Ooze","floor":10,"gold_loss":0}],"is_beta":false,"boss_relics":[],"items_purged_floors":[],"is_endless":false,"potions_floor_spawned":[5,8],"killed_by":"Fading Forest","ascension_level":0}}