{"host":"Jedit","time":1608833668,"event":{"mods":["BaseMod","Minty Spire (QoL Compilation)","Relic Stats","StSLib"],"gold_per_floor":[109,122,122,134,209,209,240,252,252,252,252],"floor_reached":10,"playtime":315,"items_purged":[],"score":136,"play_id":"0afd511e-6160-4dd0-8ba5-f6227973ab67","local_time":"20201224181428","is_ascension_mode":true,"campfire_choices":[{"data":"Dagger Spray","floor":6,"key":"SMITH"}],"circlet_count":0,"master_deck":["AscendersBane","Strike_G","Strike_G","Strike_G","Strike_G","Strike_G","Defend_G","Defend_G","Defend_G","Defend_G","Survivor","Neutralize","Well Laid Plans","Dagger Spray+1","Poisoned Stab","Bane","Night Terror"],"relics":["SlaversCollar","Snake Skull","Paper Crane"],"acts_visited":["Exordium"],"potions_floor_usage":[7,8],"damage_taken":[{"damage":10,"enemies":"Jaw Worm","floor":1,"turns":6},{"damage":0,"enemies":"Small Slimes","floor":2,"turns":4},{"damage":0,"enemies":"2 Louse","floor":4,"turns":2},{"damage":30,"enemies":"Lagavulin","floor":7,"turns":9},{"damage":0,"enemies":"Blue Slaver","floor":8,"turns":4},{"damage":0,"enemies":"3 Sentries","floor":10,"turns":2}],"seed_played":"-6687988753725413692","potions_obtained":[{"floor":2,"key":"SpeedPotion"},{"floor":7,"key":"GamblersBrew"}],"is_trial":false,"path_per_floor":["M","M","?","M","?","R","E","M","T","E"],"character_chosen":"THE_SILENT","items_purchased":[],"campfire_rested":0,"item_purchase_floors":[],"current_hp_per_floor":[49,49,42,42,31,31,1,1,1,1,1],"gold":252,"neow_bonus":"BOSS_RELIC","is_daily":false,"chose_seed":false,"campfire_upgraded":1,"win_rate":0.0,"timestamp":1608833668,"path_taken":["M","M","?","M","?","R","E","M","T","E"],"items_purchased_type":[],"build_version":"2020-12-18","purchased_purges":0,"victory":false,"max_hp_per_floor":[66,66,66,66,66,66,66,66,66,66,66],"relic_stats":{"counters":[6,27],"Snake Skull":[1],"obtain_stats":[{"SlaversCollar":0,"Snake Skull":7,"Paper Crane":9,"Ring of the Snake":0},{"SlaversCollar":0,"Snake Skull":4,"Paper Crane":5,"Ring of the Snake":0},{"SlaversCollar":0,"Snake Skull":21,"Paper Crane":25,"Ring of the Snake":0}]},"card_choices":[{"not_picked":["Outmaneuver","Deflect"],"picked":"Well Laid Plans","floor":1},{"not_picked":["Backflip","Quick Slash"],"picked":"Dagger Spray","floor":2},{"not_picked":["Catalyst","Slice"],"picked":"Poisoned Stab","floor":4},{"not_picked":["Dagger Throw","Slice"],"picked":"Bane","floor":7},{"not_picked":["Caltrops","Dagger Throw"],"picked":"Night Terror","floor":8}],"player_experience":3398581,"relics_obtained":[{"floor":7,"key":"Snake Skull"},{"floor":9,"key":"Paper Crane"}],"event_choices":[{"cards_removed":["Defend_G"],"damage_healed":0,"gold_gain":0,"player_choice":"Card Removal","damage_taken":7,"max_hp_gain":0,"max_hp_loss":0,"event_name":"Golden Wing","floor":3,"gold_loss":0},{"damage_healed":0,"gold_gain":75,"player_choice":"Gather Gold","damage_taken":11,"max_hp_gain":0,"max_hp_loss":0,"event_name":"World of Goop","floor":5,"gold_loss":0}],"is_beta":true,"boss_relics":[],"items_purged_floors":[],"is_endless":false,"potions_floor_spawned":[2,7],"killed_by":"3 Sentries","ascension_level":20}}