{"host":"tst5pjz7m60hr0pr","time":1608784821,"event":{"mods":["AchievementEnabler","Act Like it!","Aspiration","Bard","BaseMod","Beaked The Cultist","Better Altar","Better Match","Better Note","Better Sensory Stone","Better Skull","Better Third Choice","BetterRewards","CCEM","Clawfect","Colored Map","Conspire","Downfall","GifTheSpireLib","Halation","Hallownest","Hermit","Highlight Path","Hubris","Infinite Spire","Jedi Mod","Marisa????????","Mimic Mod","Minty Spire (QoL Compilation)","Permanent Neow","Replay The Spire","Shade Mod","Shop Mod","Spicy Shops","StSLib","Stuff the Spire","The Administrix","The Blackbeard","The Bug Knight","The Cursed","The Disciple","The IronCluck","The Jungle","The Mystic","The Necromancer","The Problem Sleuth","The Runesmith","The Servant 0.9.4","The Spell Scribe","Unceasing Turn Reminder","slay the spire mod where everything is the same but ironclad has a cowboy hat"],"gold_per_floor":[113,128,53,53,76,111,111,61,133,133,133,152,162,179,179,282,282,298,318,328,328,328,328,365,393,417,444,471,318,318,318,318,131,131,236,236,262,262,262],"floor_reached":38,"playtime":3896,"items_purged":["Looming Evil","Injury"],"score":603,"play_id":"ff1dd5a1-0c65-4b05-bcf5-7da494dcf338","local_time":"20201223224021","is_ascension_mode":false,"campfire_choices":[{"floor":10,"key":"REST"},{"data":"Fusion","floor":15,"key":"SMITH"},{"data":"jedi:studyfrost","floor":34,"key":"SMITH"}],"circlet_count":0,"master_deck":["Gash","Gash","Gash","Gash","Gash","Defend_B","Defend_B","Defend_B","Defend_B","Defend_B","Fusion+1","StuffTheSpire:SnapShoot","Coolheaded","Clawfect:ClawForTheEyes","ReplayTheSpireMod:Book of Names","Conserve Battery","StuffTheSpire:Plugnplay+1","Clawfect:Clawrage","Panic Button","Loop","jedi:studyfrost+1","ReplayTheSpireMod:Dual Polarity","Rebound+1","Clawfect:Clawline","Clawfect:ClawLightning+1","jedi:markofdeath+1","FTL","Redo","Clawfect:ClawAndGloom","Clawfect:ClawAndGloom","Redo+1","Clawfect:ClawCell+1"],"relics":["Anchor","Juzu Bracelet","infinitespire:Lucky Rock","CultistMask","infinitespire:WardingShard","ReplayTheSpireMod:Ring of Addiction","SacredBark","Chameleon Ring","Ring of Fury","hubris:HerbalPaste","aspiration:Stellarator","hubris:MysteriousPyramids","Carrot","CCEMRelics:PorcelainBowl","halation:Toothbrush","CCEMRelics:GrapeVine","ReplayTheSpireMod:TigerMarble","MerchantsRug","Bag of Preparation","infinitespire:EvilPickle","conspire:RunicOctahedron","Prayer Wheel"],"acts_visited":["Exordium","TheCity","TheBeyond"],"potions_floor_usage":[12,13,14,16,24,27,38,38,38],"damage_taken":[{"damage":0,"enemies":"Cultist","floor":1,"turns":4},{"damage":0,"enemies":"conspire:RoseBush","floor":2,"turns":4},{"damage":30,"enemies":"Gremlin Nob","floor":6,"turns":5},{"damage":0,"enemies":"Small Slimes","floor":12,"turns":3},{"damage":0,"enemies":"Blue Slaver","floor":13,"turns":2},{"damage":1,"enemies":"Exordium Thugs","floor":14,"turns":4},{"damage":24,"enemies":"Hexaghost","floor":16,"turns":8},{"damage":6,"enemies":"3 Byrds","floor":18,"turns":5},{"damage":6,"enemies":"Chosen","floor":19,"turns":4},{"damage":14,"enemies":"Shelled Parasite and Fungi","floor":20,"turns":4},{"damage":4,"enemies":"conspire:HollyBat","floor":24,"turns":6},{"damage":18,"enemies":"conspire:SneckoGhost","floor":25,"turns":5},{"damage":30,"enemies":"Nightmare","floor":27,"turns":7},{"damage":4,"enemies":"Gremlin Leader","floor":28,"turns":4},{"damage":37,"enemies":"Pondfish","floor":35,"turns":9},{"damage":5,"enemies":"3 Shapes","floor":37,"turns":3},{"damage":0,"enemies":"infinitespire:Three Voidlings","floor":38,"turns":1},{"damage":76,"enemies":"Nightmare_Alpha","floor":38,"turns":6}],"seed_played":"-3273593898877010536","potions_obtained":[{"floor":6,"key":"Fire Potion"},{"floor":11,"key":"Regen Potion"},{"floor":11,"key":"Explosive Potion"},{"floor":11,"key":"Energy Potion"},{"floor":12,"key":"ColorlessPotion"},{"floor":13,"key":"Regen Potion"},{"floor":19,"key":"Regen Potion"},{"floor":23,"key":"jedi:wingpotion"},{"floor":23,"key":"GamblersBrew"},{"floor":30,"key":"EntropicBrew"},{"floor":30,"key":"jedi:hoardpotion"},{"floor":35,"key":"jedi:coolantleak"},{"floor":37,"key":"champ:CounterPotion"}],"is_trial":false,"path_per_floor":["M","M","$","?","T","E","?","$","T","R","?","M","M","M","R","B",null,"M","M","M","?","AVR","R","MIM","E","T","NM","E","$","R","PTL","PTL","$","R","B",null,"M","?"],"character_chosen":"DEFECT","items_purchased":["Coolheaded","Clawfect:ClawForTheEyes","StuffTheSpire:Plugnplay+1","ReplayTheSpireMod:TigerMarble","MerchantsRug","Clawfect:ClawAndGloom","Bag of Preparation"],"campfire_rested":1,"item_purchase_floors":[3,3,8,29,29,33,33],"current_hp_per_floor":[75,75,75,58,58,28,28,28,28,50,50,59,59,58,58,34,75,69,63,49,49,49,49,71,56,56,68,68,68,68,68,68,71,70,36,70,68,0,0],"gold":262,"neow_bonus":"RANDOM_COMMON_RELIC","is_daily":false,"chose_seed":false,"campfire_upgraded":2,"win_rate":0.0,"timestamp":1608784821,"path_taken":["M","M","?","?","?","E","?","?","T","R","?","M","M","M","R","BOSS","M","M","M","?","AVR","R","?","E","T","NM","E","$","R","PTL","PTL","$","R","BOSS","M","?"],"items_purchased_type":["Card","Card","Card","Relic","Relic","Card","Relic"],"build_version":"2020-12-22","purchased_purges":2,"victory":false,"max_hp_per_floor":[75,75,75,75,75,75,75,75,75,75,75,75,75,75,75,75,75,75,75,73,73,73,71,71,71,71,71,71,71,71,69,69,72,70,70,70,71,71,71],"card_choices":[{"not_picked":["jedi:markofdeath","Steam"],"picked":"Fusion","floor":1},{"not_picked":["Clawfect:Clawrage","Clawfect:ClawpileDriver"],"picked":"StuffTheSpire:SnapShoot","floor":2},{"not_picked":["ReplayTheSpireMod:Echoes of Time","infinitespire:DeathsTouch"],"picked":"ReplayTheSpireMod:Book of Names","floor":4},{"not_picked":["Stack","conspire:SharedLibrary"],"picked":"Conserve Battery","floor":6},{"not_picked":["Clawfect:ScrapingClaw","Undo"],"picked":"Clawfect:Clawrage","floor":12},{"not_picked":["hubris:Ukulele","Tempest"],"picked":"Panic Button","floor":13},{"not_picked":["Clawfect:ClawpileDriver","jedi:meditation"],"picked":"Loop","floor":14},{"not_picked":["StuffTheSpire:Purify","StuffTheSpire:EventHorizon"],"picked":"jedi:studyfrost","floor":16},{"not_picked":["Clawfect:ClawForTheEyes+1","ReplaySort"],"picked":"ReplayTheSpireMod:Dual Polarity","floor":18},{"not_picked":["Gash+1","StuffTheSpire:ShieldGenerator+1"],"picked":"Rebound+1","floor":19},{"not_picked":["jedi:BurstLightning+1","Reinforced Body"],"picked":"Clawfect:Clawline","floor":20},{"not_picked":["FIFO Queue","Rebound"],"picked":"Clawfect:ClawLightning+1","floor":24},{"not_picked":["StuffTheSpire:Plugnplay","StuffTheSpire:SnapShoot"],"picked":"jedi:markofdeath+1","floor":25},{"not_picked":["jedi:locknload","Reprogram"],"picked":"FTL","floor":27},{"not_picked":["Clawfect:ClawLightning","Chaos"],"picked":"Redo","floor":28},{"not_picked":["Multi-Cast","Biased Cognition"],"picked":"ReplayTheSpireMod:Fabricate Wheel","floor":35},{"not_picked":["Clawfect:ClawSnap+1","hubris:PowerSurge+1"],"picked":"Redo+1","floor":37},{"not_picked":["Clawfect:ClawForTheEyes","jedi:readyaimfire"],"picked":"Clawfect:ClawCell+1","floor":37}],"player_experience":284175,"relics_obtained":[{"floor":5,"key":"Juzu Bracelet"},{"floor":6,"key":"infinitespire:Lucky Rock"},{"floor":9,"key":"infinitespire:WardingShard"},{"floor":11,"key":"ReplayTheSpireMod:Ring of Addiction"},{"floor":11,"key":"SacredBark"},{"floor":11,"key":"Chameleon Ring"},{"floor":11,"key":"Ring of Fury"},{"floor":24,"key":"hubris:MysteriousPyramids"},{"floor":25,"key":"Carrot"},{"floor":26,"key":"CCEMRelics:PorcelainBowl"},{"floor":27,"key":"halation:Toothbrush"},{"floor":28,"key":"CCEMRelics:GrapeVine"}],"event_choices":[{"damage_healed":0,"gold_gain":0,"player_choice":"Trade","damage_taken":0,"relics_obtained":["CultistMask"],"max_hp_gain":0,"max_hp_loss":0,"event_name":"FaceTrader","floor":7,"gold_loss":0},{"damage_healed":0,"gold_gain":0,"player_choice":"Ignored","damage_taken":0,"max_hp_gain":0,"max_hp_loss":0,"event_name":"betterNote:BetterNote","floor":21,"gold_loss":0,"cards_obtained":["hermit:Strike_Hermit"]}],"is_beta":false,"boss_relics":[{"not_picked":["halation:PinkAlligatorPlush","Snecko Eye","hubris:TerracottaHorce"]},{"not_picked":["halation:Risk","beaked:SacredDeck"],"picked":"conspire:RunicOctahedron"}],"items_purged_floors":[22,33],"is_endless":false,"potions_floor_spawned":[6,12,13,19,35,37,38],"killed_by":"Nightmare_Alpha","ascension_level":0}}