{"host":"ty2cix8xj6r3ad26","time":1608845601,"event":{"mods":["AchievementEnabler","BaseMod","BetterRewards","Minty Spire (QoL Compilation)","StSLib","SuperFastMode"],"gold_per_floor":[113,133,133,145,95,95,128,128,206,206,206],"floor_reached":10,"playtime":347,"items_purged":["Strike_B"],"score":86,"play_id":"e49fec3d-f2a7-4f21-8000-ac4b2d6d4f7d","local_time":"20201224233321","is_ascension_mode":true,"campfire_choices":[{"data":"Buffer","floor":6,"key":"SMITH"},{"floor":8,"key":"REST"}],"circlet_count":0,"master_deck":["Strike_B","Strike_B","Strike_B","Defend_B","Defend_B","Defend_B","Zap","Dualcast","Self Repair","Conserve Battery","Heatsinks","Buffer+1"],"relics":["Cracked Core","Du-Vu Doll","Nunchaku","Akabeko","Molten Egg 2"],"acts_visited":["Exordium"],"potions_floor_usage":[],"damage_taken":[{"damage":8,"enemies":"Small Slimes","floor":1,"turns":3},{"damage":0,"enemies":"2 Louse","floor":2,"turns":2},{"damage":4,"enemies":"Jaw Worm","floor":4,"turns":4},{"damage":37,"enemies":"Gremlin Nob","floor":7,"turns":6},{"damage":41,"enemies":"3 Sentries","floor":10,"turns":6}],"seed_played":"-1981008238666459468","potions_obtained":[{"floor":7,"key":"SmokeBomb"}],"is_trial":false,"path_per_floor":["M","M","?","M","?","R","E","R","T","E"],"character_chosen":"DEFECT","items_purchased":["Self Repair"],"campfire_rested":1,"item_purchase_floors":[0],"current_hp_per_floor":[51,58,40,43,43,43,13,35,35,0,0],"gold":206,"neow_bonus":"","is_daily":false,"chose_seed":false,"campfire_upgraded":1,"win_rate":0.0,"timestamp":1608845601,"path_taken":["M","M","?","M","?","R","E","R","T","E"],"items_purchased_type":["Card"],"build_version":"2020-12-22","purchased_purges":1,"victory":false,"max_hp_per_floor":[75,75,75,75,75,75,75,75,75,75,75],"card_choices":[{"not_picked":["Streamline","Go for the Eyes"],"picked":"Conserve Battery","floor":1},{"not_picked":["Streamline","Force Field"],"picked":"Heatsinks","floor":2},{"not_picked":["Reprogram","Compile Driver"],"picked":"Buffer","floor":4},{"not_picked":["Compile Driver","Blizzard","Fusion"],"picked":"SKIP","floor":7}],"player_experience":390200,"relics_obtained":[{"floor":7,"key":"Akabeko"},{"floor":9,"key":"Molten Egg 2"}],"event_choices":[{"damage_healed":0,"gold_gain":0,"player_choice":"Success","damage_taken":18,"relics_obtained":["Nunchaku"],"max_hp_gain":0,"max_hp_loss":0,"event_name":"Scrap Ooze","floor":3,"gold_loss":0},{"cards_removed":["Defend_B"],"damage_healed":0,"gold_gain":0,"player_choice":"Card Removal","damage_taken":0,"max_hp_gain":0,"max_hp_loss":0,"event_name":"The Cleric","floor":5,"gold_loss":50}],"is_beta":false,"boss_relics":[],"items_purged_floors":[0],"is_endless":false,"potions_floor_spawned":[7],"killed_by":"3 Sentries","ascension_level":6}}