{"host":"zekcc3vicrep0och","time":1608827325,"event":{"mods":["AchievementEnabler","BaseMod","Colored Map","Colored Powertips","Displayed Cursed Tome","Minty Spire (QoL Compilation)","Relic Stats","StSLib"],"gold_per_floor":[362,362,362,376,74,105,118,153,201,201,220,220,220],"floor_reached":12,"playtime":402,"items_purged":["Injury"],"score":158,"play_id":"ca1ee229-afe0-48f5-8204-f095250921c5","local_time":"20201224192845","is_ascension_mode":true,"campfire_choices":[],"circlet_count":0,"master_deck":["AscendersBane","Strike_B","Strike_B","Strike_B","Strike_B","Defend_B","Defend_B","Defend_B","Defend_B","Zap","Dualcast","Cold Snap","Ball Lightning","Loop","Ball Lightning","Parasite","Steam"],"relics":["Cracked Core","Golden Idol","Sling","The Courier","Tiny Chest","Ancient Tea Set"],"acts_visited":["Exordium"],"potions_floor_usage":[],"damage_taken":[{"damage":7.0,"enemies":"Small Slimes","floor":1.0,"turns":4.0},{"damage":11.0,"enemies":"2 Louse","floor":4.0,"turns":2.0},{"damage":14.0,"enemies":"3 Sentries","floor":6.0,"turns":6.0},{"damage":0.0,"enemies":"Cultist","floor":7.0,"turns":4.0},{"damage":14.0,"enemies":"Lagavulin","floor":8.0,"turns":5.0},{"damage":13,"enemies":"Large Slime","floor":11,"turns":4},{"damage":23,"enemies":"3 Sentries","floor":12,"turns":4}],"seed_played":"-8537386101398732275","potions_obtained":[{"floor":6.0,"key":"ColorlessPotion"},{"floor":7.0,"key":"ColorlessPotion"}],"is_trial":false,"path_per_floor":["M","?","?","M","$","E","M","E","T","?","M","E"],"character_chosen":"DEFECT","items_purchased":["Sling","SteroidPotion"],"campfire_rested":0,"item_purchase_floors":[5,5],"current_hp_per_floor":[57,57,57,46,46,32,32,18,18,35,22,0,0],"gold":220,"neow_bonus":"TWO_FIFTY_GOLD","is_daily":false,"chose_seed":false,"campfire_upgraded":0,"win_rate":0.0,"timestamp":1608827325,"path_taken":["M","?","?","?","$","E","M","E","T","?","M","E"],"items_purchased_type":["Relic","Potion"],"build_version":"2020-12-22","purchased_purges":1,"victory":false,"max_hp_per_floor":[71,71,71,71,71,71,71,71,71,71,71,71,71],"relic_stats":{"counters":[7,29],"Golden Idol":23,"Tiny Chest":0,"obtain_stats":[{"Golden Idol":2,"Tiny Chest":8,"The Courier":6,"Cracked Core":0,"Sling":5,"Ancient Tea Set":9},{"Golden Idol":1,"Tiny Chest":5,"The Courier":3,"Cracked Core":0,"Sling":2,"Ancient Tea Set":5},{"Golden Idol":4,"Tiny Chest":21,"The Courier":12,"Cracked Core":0,"Sling":6,"Ancient Tea Set":21}]},"card_choices":[{"not_picked":["Streamline","Sweeping Beam"],"picked":"Cold Snap","floor":1.0},{"not_picked":["Redo","FTL"],"picked":"Ball Lightning","floor":4.0},{"not_picked":["Reprogram","Beam Cell"],"picked":"Loop","floor":6.0},{"not_picked":["All For One","Beam Cell","Cold Snap"],"picked":"SKIP","floor":7.0},{"not_picked":["Consume","Barrage"],"picked":"Ball Lightning","floor":8.0},{"not_picked":["Gash","Go for the Eyes"],"picked":"Steam","floor":11}],"player_experience":463117,"relics_obtained":[{"floor":6.0,"key":"The Courier"},{"floor":8.0,"key":"Tiny Chest"},{"floor":9.0,"key":"Ancient Tea Set"}],"event_choices":[{"damage_healed":0.0,"max_hp_gain":0.0,"max_hp_loss":0.0,"gold_gain":0.0,"event_name":"Golden Idol","player_choice":"Take Wound","floor":2.0,"gold_loss":0.0,"damage_taken":0.0,"relics_obtained":["Golden Idol"],"cards_obtained":["Injury"]},{"cards_removed":["Shame"],"damage_healed":0.0,"max_hp_gain":0.0,"max_hp_loss":0.0,"gold_gain":0.0,"event_name":"Wheel of Change","player_choice":"Card Removal","floor":3.0,"gold_loss":0.0,"damage_taken":0.0},{"damage_healed":17,"gold_gain":0,"player_choice":"Healed and dodged fight","damage_taken":0,"max_hp_gain":0,"max_hp_loss":0,"event_name":"Mushrooms","floor":10,"gold_loss":0,"cards_obtained":["Parasite"]}],"is_beta":false,"boss_relics":[],"items_purged_floors":[5],"is_endless":false,"potions_floor_spawned":[6,7],"killed_by":"3 Sentries","ascension_level":16}}