{"host":"sp1zv0ju5tlq9i78","time":1608785259,"event":{"mods":["2.2 Compatiblity","Act Like it!","BaseMod","Better Match","Better Note","Better Skull","Better Third Choice","CapriCore","Marked Mod","Minty Spire (QoL Compilation)","Robot Space Explorer","StSLib","The Marked","vexMod"],"gold_per_floor":[119,119,81,111,134,181,193,225,263,275,303,315,353,385,397,507,519,545,567,679,341,341,369,369,387,411,429,429,447,372,372,372],"floor_reached":31,"playtime":1373,"items_purged":["Burn"],"score":292,"play_id":"86d0d998-76de-414f-be44-db00eb982f9f","local_time":"20201223224739","is_ascension_mode":false,"campfire_choices":[{"floor":7,"key":"RECALL"},{"floor":15,"key":"REST"},{"floor":24,"key":"REST"},{"floor":28,"key":"REST"}],"circlet_count":0,"master_deck":["theMarked:Strike","theMarked:Strike","theMarked:Strike","theMarked:Strike","theMarked:Strike","theMarked:Defend","theMarked:Defend","theMarked:Defend","theMarked:SoldierOfQuellstein","Mind Blast","theMarked:SwordAndMagic","theMarked:CreepingChasm","theMarked:ContemptForTheProud","theMarked:Aftermath","theMarked:HeritageOfTheMarked","theMarked:EnhancedHearing","theMarked:ShockingTouch","theMarked:HeightenedSenses","theMarked:TakeOffHeels","theMarked:ChainLightning","theMarked:ParalyzingBlade","theMarked:BanishingStrike","theMarked:Opportunist","theMarked:HeritageOfTheMarked","theMarked:ReduceFriction+1","theMarked:WardOff+1","theMarked:SummonStrength","theMarked:Aftermath","theMarked:BanishingWave+1"],"relics":["theMarked:ArtifactOfAir","MawBank","Happy Flower","CultistMask","theMarked:Gun","Fusion Hammer","Pen Nib","Incense Burner","Centennial Puzzle"],"acts_visited":["Exordium","TheCity"],"potions_floor_usage":[13,16,16,23],"damage_taken":[{"damage":6,"enemies":"Jaw Worm","floor":1,"turns":4},{"damage":0,"enemies":"2 Louse","floor":4,"turns":3},{"damage":5,"enemies":"Small Slimes","floor":5,"turns":2},{"damage":3,"enemies":"Gremlin Nob","floor":6,"turns":3},{"damage":8,"enemies":"Red Slaver","floor":8,"turns":3},{"damage":6,"enemies":"3 Louse","floor":11,"turns":4},{"damage":19,"enemies":"Lagavulin","floor":13,"turns":6},{"damage":10,"enemies":"Looter","floor":14,"turns":2},{"damage":20,"enemies":"Hexaghost","floor":16,"turns":9},{"damage":17,"enemies":"Shell Parasite","floor":18,"turns":2},{"damage":10,"enemies":"Chosen","floor":19,"turns":4},{"damage":32,"enemies":"Slavers","floor":23,"turns":4},{"damage":7,"enemies":"Centurion and Healer","floor":25,"turns":4},{"damage":19,"enemies":"Chosen and Byrds","floor":27,"turns":6},{"damage":0,"enemies":"Snecko","floor":29,"turns":3},{"damage":30,"enemies":"Book of Stabbing","floor":31,"turns":2}],"seed_played":"8510862508742613461","potions_obtained":[{"floor":5,"key":"theMarked:SummonPotion"},{"floor":6,"key":"SkillPotion"},{"floor":11,"key":"SpeedPotion"},{"floor":13,"key":"Block Potion"},{"floor":19,"key":"LiquidMemories"},{"floor":27,"key":"SneckoOil"},{"floor":29,"key":"Swift Potion"}],"is_trial":false,"path_per_floor":["M","?","?","M","M","E","R","M","T","?","M","?","E","M","R","B",null,"M","M","?","$","?","E","R","M","T","M","R","M","?","E"],"character_chosen":"THE_DEFAULT","items_purchased":["theMarked:BanishingStrike","theMarked:Opportunist","Pen Nib"],"campfire_rested":3,"item_purchase_floors":[21,21,21],"current_hp_per_floor":[64,64,64,64,59,56,56,48,48,48,42,42,23,13,34,14,70,53,43,43,43,43,11,32,25,25,6,27,27,27,0,0],"gold":372,"neow_bonus":"RANDOM_COLORLESS","is_daily":false,"chose_seed":false,"campfire_upgraded":0,"win_rate":0.0,"timestamp":1608785259,"path_taken":["M","?","?","M","M","E","R","M","T","?","?","?","E","M","R","BOSS","M","M","?","$","?","E","R","M","T","?","R","M","?","E"],"items_purchased_type":["Card","Card","Relic"],"build_version":"2020-12-22","purchased_purges":1,"victory":false,"max_hp_per_floor":[70,70,70,70,70,70,70,70,70,70,70,70,70,70,70,70,70,70,70,70,70,70,70,70,70,70,70,70,70,70,70,70],"card_choices":[{"not_picked":["Finesse","Flash of Steel"],"picked":"Mind Blast","floor":0},{"not_picked":["theMarked:ContemptForTheProud","theMarked:Electrocute"],"picked":"theMarked:SwordAndMagic","floor":1},{"not_picked":["theMarked:Electrify","theMarked:Electrocute"],"picked":"theMarked:CreepingChasm","floor":4},{"not_picked":["theMarked:ElectricStrings","theMarked:BanishingStrike"],"picked":"theMarked:ContemptForTheProud","floor":5},{"not_picked":["theMarked:RepellingDischarge","theMarked:TunnelVision"],"picked":"theMarked:Aftermath","floor":6},{"not_picked":["theMarked:WastefulAttack","theMarked:PowerFlow"],"picked":"theMarked:HeritageOfTheMarked","floor":8},{"not_picked":["theMarked:Electrocute","theMarked:MysticalArsenal"],"picked":"theMarked:EnhancedHearing","floor":11},{"not_picked":["theMarked:SelfDefenseTraining","theMarked:WastefulDefense"],"picked":"theMarked:ShockingTouch","floor":13},{"not_picked":["theMarked:RepellingDischarge","theMarked:Frustration"],"picked":"theMarked:HeightenedSenses","floor":14},{"not_picked":["theMarked:Levitate","theMarked:Snap"],"picked":"theMarked:TakeOffHeels","floor":16},{"not_picked":["theMarked:Electrocute","theMarked:HeritageOfTheMarked+1"],"picked":"theMarked:ChainLightning","floor":18},{"not_picked":["theMarked:Improvise","theMarked:ShockingTouch"],"picked":"theMarked:ParalyzingBlade","floor":19},{"not_picked":["theMarked:RepellingDischarge","theMarked:Challenge"],"picked":"theMarked:ReduceFriction+1","floor":23},{"not_picked":["theMarked:SwordAndMagic","theMarked:ChainLightning+1"],"picked":"theMarked:WardOff+1","floor":25},{"not_picked":["theMarked:RepellingDischarge+1","theMarked:TwofoldDefense"],"picked":"theMarked:SummonStrength","floor":27},{"not_picked":["theMarked:LightningStrikesTwice+1","theMarked:ChainLightning"],"picked":"theMarked:Aftermath","floor":29},{"not_picked":["theMarked:HeritageOfTheMarked+1","theMarked:Overthink+1"],"picked":"theMarked:BanishingWave+1","floor":30}],"player_experience":282236,"relics_obtained":[{"floor":6,"key":"Happy Flower"},{"floor":13,"key":"theMarked:Gun"},{"floor":23,"key":"Incense Burner"},{"floor":26,"key":"Centennial Puzzle"}],"event_choices":[{"damage_healed":0,"gold_gain":0,"player_choice":"Box","damage_taken":0,"relics_obtained":["MawBank"],"max_hp_gain":0,"max_hp_loss":0,"event_name":"Big Fish","floor":2,"gold_loss":0,"cards_obtained":["Regret"]},{"cards_removed":["Regret"],"damage_healed":0,"gold_gain":0,"player_choice":"Card Removal","damage_taken":0,"max_hp_gain":0,"max_hp_loss":0,"event_name":"The Cleric","floor":3,"gold_loss":50},{"damage_healed":0,"gold_gain":0,"player_choice":"Trade","damage_taken":0,"relics_obtained":["CultistMask"],"max_hp_gain":0,"max_hp_loss":0,"event_name":"FaceTrader","floor":10,"gold_loss":0},{"damage_healed":42,"gold_gain":0,"player_choice":"Embrace Burn","damage_taken":0,"max_hp_gain":0,"max_hp_loss":70,"event_name":"betterThird:BetterShining","floor":12,"gold_loss":0},{"damage_healed":0,"gold_gain":100,"player_choice":"Pray","damage_taken":0,"max_hp_gain":0,"max_hp_loss":0,"event_name":"Golden Shrine","floor":20,"gold_loss":0},{"damage_healed":0,"gold_gain":0,"cards_transformed":["theMarked:Defend"],"player_choice":"Transformed","damage_taken":0,"max_hp_gain":0,"max_hp_loss":0,"event_name":"Transmorgrifier","floor":22,"gold_loss":0,"cards_obtained":["theMarked:HeritageOfTheMarked"]},{"damage_healed":0,"gold_gain":0,"player_choice":"2","damage_taken":0,"max_hp_gain":0,"max_hp_loss":0,"event_name":"betterMatch:BetterMatch","floor":30,"gold_loss":0,"cards_obtained":["betterMatch:UncommonCard"]}],"is_beta":false,"boss_relics":[{"not_picked":["Cursed Key","Runic Dome"],"picked":"Fusion Hammer"}],"items_purged_floors":[21],"is_endless":false,"potions_floor_spawned":[5,6,11,13,19,27,29],"killed_by":"Book of Stabbing","ascension_level":0}}