{"host":"gb9pilk70hujf88i","time":1608843394,"event":{"mods":["AchievementEnabler","BaseMod","Better Altar","Better Match","Better Sensory Stone","Better Third Choice","Better Vampires","Colored Map","Colored Powertips","Hubris","Infinite Spire","Koishi","Minty Spire (QoL Compilation)","Replay The Spire","Robot Space Explorer","StSLib","The Jungle"],"gold_per_floor":[119,136,136,149,161,188,188,188,188,39,51,63,104,135,147,262,274,301,332,354,366,378,390,420,432,492,504,516,551,575,602,614,728,740,771,799,654,670,670,670,670],"floor_reached":40,"playtime":2582,"items_purged":["RobotSpaceExplorer:Strike"],"score":423,"play_id":"eedd3c19-a66a-4050-a66a-bb22403f368c","local_time":"20201224185634","is_ascension_mode":false,"campfire_choices":[{"data":"RobotSpaceExplorer:Autoloader","floor":8,"key":"SMITH"},{"data":"RobotSpaceExplorer:PlasmaMissile","floor":11,"key":"SMITH"},{"floor":15,"key":"RECALL"},{"data":"RobotSpaceExplorer:ShockMissile","floor":23,"key":"SMITH"},{"floor":25,"key":"REST"},{"data":"Pot Of Greed","floor":28,"key":"SMITH"},{"data":"RobotSpaceExplorer:Strike","floor":32,"key":"PURGE"}],"circlet_count":0,"master_deck":["RobotSpaceExplorer:Defend","RobotSpaceExplorer:Defend","RobotSpaceExplorer:Defend","RobotSpaceExplorer:Scan","RobotSpaceExplorer:MiniLasers","RobotSpaceExplorer:PlasmaMissile+1","RobotSpaceExplorer:Counterblock","RobotSpaceExplorer:ScrapToss","RobotSpaceExplorer:Smokescreen","RobotSpaceExplorer:Autoloader+1","Apotheosis+1","RobotSpaceExplorer:PlasmaMissile","RobotSpaceExplorer:ScrapShield","RobotSpaceExplorer:ShockMissile+1","RobotSpaceExplorer:Calculate","RobotSpaceExplorer:FreezingShield","Pot Of Greed","Pot Of Greed+1","RobotSpaceExplorer:MiniBoosters","RobotSpaceExplorer:Probe+1","RobotSpaceExplorer:Autoloader","RobotSpaceExplorer:BigMissile+1","RobotSpaceExplorer:MiniBoosters","Pot Of Greed","RobotSpaceExplorer:PowerCollector","RobotSpaceExplorer:JunkDive+1"],"relics":["Solar Panel","Bottled Lightning","Ring of Searing","PureWater","MawBank","Sling","infinitespire:Golems Mask","infinitespire:Chaos","Replay:Mystery Machine","RobotSpaceExplorer:Reprocessor","Grinning Jar","MutagenicStrength","Replay:Bronze Core"],"acts_visited":["Exordium","TheCity","TheBeyond"],"potions_floor_usage":[5,6,6,13,14,33,40],"damage_taken":[{"damage":0.0,"enemies":"2 Louse","floor":1.0,"turns":3.0},{"damage":1.0,"enemies":"Cultist","floor":2.0,"turns":3.0},{"damage":4,"enemies":"Jaw Worm","floor":4,"turns":3},{"damage":3,"enemies":"Gremlin Gang","floor":5,"turns":4},{"damage":0,"enemies":"Lagavulin","floor":6,"turns":6},{"damage":18,"enemies":"Gremlin Nob","floor":13,"turns":4},{"damage":5,"enemies":"Large Slime","floor":14,"turns":3},{"damage":6,"enemies":"Hexaghost","floor":16,"turns":6},{"damage":15,"enemies":"Chosen","floor":18,"turns":4},{"damage":5,"enemies":"3 Byrds","floor":19,"turns":3},{"damage":0,"enemies":"Shelled Parasite and Fungi","floor":20,"turns":4},{"damage":0,"enemies":"Cultist and Chosen","floor":24,"turns":5},{"damage":16,"enemies":"Chosen and Byrds","floor":30,"turns":3},{"damage":7,"enemies":"Shelled Parasite and Fungi","floor":31,"turns":3},{"damage":19,"enemies":"hubris:MusketHawk","floor":33,"turns":4},{"damage":10,"enemies":"Orb Walker","floor":35,"turns":3},{"damage":5,"enemies":"3 Shapes","floor":36,"turns":2},{"damage":5,"enemies":"Sphere and 2 Shapes","floor":38,"turns":2},{"damage":4,"enemies":"infinitespire:Three Voidlings","floor":40,"turns":3},{"damage":60,"enemies":"Nightmare_Alpha","floor":40,"turns":3}],"seed_played":"191874903603692485","potions_obtained":[{"floor":1.0,"key":"Block Potion"},{"floor":3.0,"key":"AttackPotion"},{"floor":3.0,"key":"LiquidBronze"},{"floor":3.0,"key":"AttackPotion"},{"floor":4,"key":"Energy Potion"},{"floor":5,"key":"PowerPotion"},{"floor":6,"key":"Energy Potion"},{"floor":16,"key":"Strength Potion"},{"floor":18,"key":"RobotSpaceExplorer:RecyclePotion"},{"floor":20,"key":"RobotSpaceExplorer:LiquidFusion"},{"floor":30,"key":"FearPotion"},{"floor":35,"key":"GamblersBrew"}],"is_trial":false,"path_per_floor":["M","M","?","M","M","E","?","R","T","$","R","?","E","M","R","B",null,"M","M","M","?","?","R","M","R","T","?","R","T","M","M","R_BF","B",null,"M","M","$","M","?","?"],"character_chosen":"RobotSpaceExplorer","items_purchased":["infinitespire:Chaos","RobotSpaceExplorer:PowerCollector"],"campfire_rested":1,"item_purchase_floors":[10,37],"current_hp_per_floor":[82,81,81,77,79,82,82,82,82,80,80,80,62,57,57,51,80,65,60,60,60,60,60,60,80,80,80,80,80,64,57,57,38,80,70,65,65,60,60,0,0],"gold":670,"neow_bonus":"TEN_PERCENT_HP_BONUS","is_daily":false,"chose_seed":false,"campfire_upgraded":4,"win_rate":0.0,"timestamp":1608843394,"path_taken":["M","M","?","M","M","E","?","R","T","$","R","?","E","M","R","BOSS","M","?","M","?","?","R","?","R","T","?","R","?","M","?","R_BF","BOSS","M","M","$","M","?","?"],"items_purchased_type":["Relic","Card"],"build_version":"2020-12-22","purchased_purges":1,"victory":false,"max_hp_per_floor":[82,82,82,82,82,82,82,82,82,80,80,80,80,80,80,80,80,80,80,80,80,80,80,80,80,80,80,80,80,80,80,80,80,80,80,80,80,80,80,80,80],"card_choices":[{"not_picked":["RobotSpaceExplorer:SurgingStrike","RobotSpaceExplorer:ShockKick"],"picked":"RobotSpaceExplorer:PlasmaMissile","floor":1.0},{"not_picked":["RobotSpaceExplorer:FranticSearch","RobotSpaceExplorer:StarDust"],"picked":"RobotSpaceExplorer:Counterblock","floor":2.0},{"not_picked":["RobotSpaceExplorer:Discharger","RobotSpaceExplorer:SwiftStep"],"picked":"RobotSpaceExplorer:ScrapToss","floor":4},{"not_picked":["RobotSpaceExplorer:StunGrenade","RobotSpaceExplorer:FrostMissile"],"picked":"RobotSpaceExplorer:Smokescreen","floor":5},{"not_picked":["RobotSpaceExplorer:StarDust","RobotSpaceExplorer:FranticSearch"],"picked":"RobotSpaceExplorer:Autoloader","floor":6},{"not_picked":["RobotSpaceExplorer:MakeshiftVolley","RobotSpaceExplorer:Probe"],"picked":"RobotSpaceExplorer:PlasmaMissile","floor":13},{"not_picked":["RobotSpaceExplorer:ScrapMissile","RobotSpaceExplorer:SurgingStrike"],"picked":"RobotSpaceExplorer:ScrapShield","floor":14},{"not_picked":["RobotSpaceExplorer:HighVoltage","RobotSpaceExplorer:Blaster"],"picked":"RobotSpaceExplorer:ShockMissile","floor":16},{"not_picked":["RobotSpaceExplorer:ShockKick","RobotSpaceExplorer:ExhaustFan+1","RobotSpaceExplorer:SurgingShield"],"picked":"SKIP","floor":18},{"not_picked":["RobotSpaceExplorer:ExhaustFan","RobotSpaceExplorer:Smokescreen"],"picked":"RobotSpaceExplorer:Calculate","floor":19},{"not_picked":["RobotSpaceExplorer:FrostMissile+1","RobotSpaceExplorer:Counterblock","RobotSpaceExplorer:SwiftStep"],"picked":"SKIP","floor":20},{"not_picked":["RobotSpaceExplorer:ShockKick+1","RobotSpaceExplorer:ShovelStrike","RobotSpaceExplorer:ImprovisedAttack"],"picked":"SKIP","floor":24},{"not_picked":["RobotSpaceExplorer:JunkDive","RobotSpaceExplorer:MetalStrike"],"picked":"RobotSpaceExplorer:MiniBoosters","floor":30},{"not_picked":["RobotSpaceExplorer:ImprovisedAttack","RobotSpaceExplorer:MetalStrike"],"picked":"RobotSpaceExplorer:Probe+1","floor":31},{"not_picked":["RobotSpaceExplorer:Exploration","RobotSpaceExplorer:Wormhole"],"picked":"RobotSpaceExplorer:Autoloader","floor":33},{"not_picked":["RobotSpaceExplorer:ShovelStrike","RobotSpaceExplorer:GlueShot+1"],"picked":"RobotSpaceExplorer:BigMissile+1","floor":35},{"not_picked":["RobotSpaceExplorer:StunGrenade","RobotSpaceExplorer:DoubleFind"],"picked":"RobotSpaceExplorer:MiniBoosters","floor":36},{"not_picked":["RobotSpaceExplorer:DoubleFind","RobotSpaceExplorer:FrostMissile"],"picked":"RobotSpaceExplorer:JunkDive+1","floor":38}],"player_experience":18967,"relics_obtained":[{"floor":3.0,"key":"ReplayTheSpireMod:Ring of Challenge"},{"floor":3.0,"key":"ReplayTheSpireMod:Ring of Addiction"},{"floor":3.0,"key":"White Beast Statue"},{"floor":3.0,"key":"Toy Ornithopter"},{"floor":6,"key":"Replay:Bottled Steam"},{"floor":9,"key":"Pantograph"},{"floor":13,"key":"Replay:Mystery Machine"},{"floor":26,"key":"Grinning Jar"}],"event_choices":[{"damage_healed":82,"gold_gain":0,"player_choice":"Embrace","damage_taken":0,"max_hp_gain":0,"max_hp_loss":82,"event_name":"betterThird:BetterShining","floor":7,"gold_loss":0},{"cards_removed":["RobotSpaceExplorer:Strike"],"damage_healed":0,"gold_gain":0,"player_choice":"Offered Basic","damage_taken":0,"max_hp_gain":0,"max_hp_loss":0,"event_name":"Bonfire Elementals","floor":12,"gold_loss":0},{"damage_healed":0,"gold_gain":0,"cards_transformed":["RobotSpaceExplorer:Strike"],"player_choice":"Transformed","damage_taken":0,"max_hp_gain":0,"max_hp_loss":0,"event_name":"Transmorgrifier","floor":22,"gold_loss":0,"cards_obtained":["RobotSpaceExplorer:FreezingShield"]},{"damage_healed":0,"gold_gain":0,"player_choice":"Inject Mutagens","damage_taken":0,"relics_obtained":["MutagenicStrength"],"max_hp_gain":0,"max_hp_loss":0,"event_name":"Drug Dealer","floor":27,"gold_loss":0},{"cards_removed":["RobotSpaceExplorer:Defend"],"damage_healed":0,"gold_gain":0,"player_choice":"Removed Skill","damage_taken":0,"max_hp_gain":0,"max_hp_loss":0,"event_name":"Falling","floor":39,"gold_loss":0}],"is_beta":false,"boss_relics":[{"not_picked":["Tiny House","Cursed Key"],"picked":"RobotSpaceExplorer:Reprocessor"},{"not_picked":["Replay:Fungal Core","Snecko Eye"],"picked":"Replay:Bronze Core"}],"items_purged_floors":[37],"is_endless":false,"potions_floor_spawned":[1,4,5,6,16,18,20,30,35,40],"killed_by":"Nightmare_Alpha","ascension_level":0}}