{"host":"m3rs92yjkwi06hli","time":1608773224,"event":{"mods":["Act Like it!","Aspiration","BaseMod","Colored Map","Conspire","Defuse TimeMaze Blight","Downfall","Energized Spire","Hubris","Infinite Spire","Minty Spire (QoL Compilation)","Relic Stats","Replay The Spire","Spicy Shops","StSLib"],"gold_per_floor":[99,99,99,99,199,227,304,304,304,454,470,470,470,486,496,595,595,595,595,611,623,635,635,635,668,668,668,679,711,730,730,740,845,845,845,845,452,452,376,391,391,411,411,411,178,190,190,206,221,221],"floor_reached":51,"playtime":4436,"items_purged":["champ:LastStand"],"score":813,"play_id":"27b74321-0751-4525-92ae-8011910ea6dd","local_time":"20201223192704","is_ascension_mode":false,"campfire_choices":[{"data":"champ:Execute","floor":1,"key":"SMITH"},{"data":"champ:Taunt","floor":12,"key":"SMITH"},{"data":"champ:Devastate","floor":18,"key":"SMITH"},{"data":"champ:CrookedStrike","floor":23,"key":"SMITH"},{"floor":26,"key":"REST"},{"data":"champ:MurderStrike","floor":35,"key":"SMITH"},{"data":"infinitespire:Collect","floor":44,"key":"SMITH"}],"circlet_count":0,"master_deck":["champ:Strike","champ:Strike","champ:Strike","champ:Strike","champ:Defend","champ:Defend","champ:Defend","champ:Execute+1","champ:Taunt+1","champ:CrookedStrike+1","champ:Duel+1","champ:BringItOn","champ:BringItOn","champ:CrookedStrike+1","champ:RisingSlash","champ:Devastate+1","champ:BringItOn","champ:BringItOn","champ:BerserkerStyle","champ:CalledShot+1","infinitespire:Collect+1","champ:StanceDance+1","champ:GladiatorsShout+1","champ:DefensiveShout","champ:MurderStrike+1","champ:DeathBlow+1","expansioncontent:Flail","champ:DefensiveShout+1","champ:BerserkersShout+1","champ:Balance+1","champ:Control+1","champ:Control+1","champ:RecklessLeap+1"],"relics":["champ:ChampionCrown","downfall:HeartsMalice","MealTicket","champ:LiftRelic","Honey Jar","Mercury Hourglass","CaptainsWheel","Guardian:PocketSentry","SlaversCollar","infinitespire:ShieldingShard","hubris:BottledHeart","Runic Dome","Bag of Marbles","Sling","TungstenRod","champ:BerserkersGuideToSlaughter","sneckomod:BlankCard","Torii","Membership Card","hubris:TenFootPole"],"acts_visited":["Exordium","TheCity","TheBeyond"],"potions_floor_usage":[33,50,50],"damage_taken":[{"damage":0,"enemies":"Cultist","floor":2,"turns":1},{"damage":0,"enemies":"2 Louse","floor":3,"turns":1},{"damage":0,"enemies":"Jaw Worm","floor":4,"turns":1},{"damage":21,"enemies":"Gremlin Nob","floor":6,"turns":5},{"damage":16,"enemies":"Large Slime","floor":11,"turns":5},{"damage":3,"enemies":"Red Slaver","floor":14,"turns":3},{"damage":5,"enemies":"3 Louse","floor":15,"turns":3},{"damage":23,"enemies":"downfall:Watcher","floor":16,"turns":9},{"damage":12,"enemies":"Shell Parasite","floor":20,"turns":3},{"damage":6,"enemies":"Spheric Guardian","floor":21,"turns":3},{"damage":4,"enemies":"conspire:HollyBat","floor":22,"turns":6},{"damage":19,"enemies":"Snake Plant","floor":28,"turns":3},{"damage":11,"enemies":"Book of Stabbing","floor":29,"turns":3},{"damage":0,"enemies":"Cultist and Chosen","floor":30,"turns":4},{"damage":0,"enemies":"Shelled Parasite and Fungi","floor":32,"turns":3},{"damage":0,"enemies":"downfall:Defect","floor":33,"turns":7},{"damage":0,"enemies":"downfall:FleeingMerchant","floor":37,"turns":4},{"damage":0,"enemies":"downfall:FleeingMerchant","floor":39,"turns":3},{"damage":0,"enemies":"Orb Walker","floor":40,"turns":2},{"damage":0,"enemies":"3 Shapes","floor":42,"turns":2},{"damage":0,"enemies":"Jaw Worm Horde","floor":46,"turns":3},{"damage":0,"enemies":"Transient","floor":48,"turns":5},{"damage":0,"enemies":"Maw","floor":49,"turns":6},{"damage":0,"enemies":"downfall:Ironclad","floor":50,"turns":11}],"seed_played":"476883176366581372","potions_obtained":[{"floor":6,"key":"champ:OpenerPotion"},{"floor":11,"key":"LiquidMemories"},{"floor":14,"key":"sneckomod:MuddlingPotion"},{"floor":19,"key":"Explosive Potion"},{"floor":19,"key":"Swift Potion"},{"floor":19,"key":"SmokeBomb"},{"floor":20,"key":"Languid Potion"},{"floor":28,"key":"PowerPotion"},{"floor":30,"key":"Energy Potion"},{"floor":40,"key":"Explosive Potion"}],"is_trial":false,"path_per_floor":["R","M","M","M","?","E","T","?","?","?","M","R","?","M","M","B",null,"R","?","M","M","M","R","T","?","R","AVR","M","E","M","?","M","B",null,"R","?","$","?","$","M","T","M","?","R","$","M","?","M","M","B",null],"character_chosen":"THE_CHAMP","items_purchased":["Bag of Marbles","Sling","TungstenRod","champ:BerserkersGuideToSlaughter","sneckomod:BlankCard","Membership Card","hubris:TenFootPole"],"campfire_rested":1,"item_purchase_floors":[37,37,39,39,39,45,45],"current_hp_per_floor":[90,90,90,90,90,74,84,84,84,84,73,73,73,70,70,57,100,100,100,93,90,86,86,86,61,91,91,79,79,79,1,1,1,1,1,1,1,1,1,1,1,1,1,1,1,1,1,1,1,1],"gold":221,"neow_bonus":"THREE_ENEMY_KILL","is_daily":false,"chose_seed":false,"campfire_upgraded":6,"win_rate":0.0,"timestamp":1608773224,"path_taken":["R","M","M","M","?","E","T","?","?","?","?","R","?","M","M","BOSS","R","?","M","M","?","R","T","?","R","AVR","M","E","M","?","M","BOSS","R","?","$","?","$","M","T","M","?","R","?","M","?","?","M","BOSS"],"items_purchased_type":["Relic","Relic","Relic","Relic","Relic","Relic","Relic"],"build_version":"2020-12-22","purchased_purges":1,"victory":true,"max_hp_per_floor":[90,90,90,90,90,90,100,100,100,100,100,100,100,100,100,100,100,100,100,100,100,100,100,100,100,100,100,100,100,100,1,1,1,1,1,1,1,1,1,1,1,1,1,1,1,1,1,1,1,1],"relic_stats":{"Torii":0,"counters":[24,92],"MealTicket":0,"obtain_stats":[{"Pear":7,"Torii":41,"sneckomod:BlankCard":39,"champ:ChampionCrown":0,"downfall:HeartsMalice":0,"Guardian:PocketSentry":27,"Sling":37,"Mercury Hourglass":24,"SlaversCollar":27,"Runic Dome":34,"CaptainsWheel":25,"infinitespire:ShieldingShard":29,"hubris:BottledHeart":31,"champ:LiftRelic":8,"Honey Jar":17,"MealTicket":6,"Bag of Marbles":37,"hubris:TenFootPole":45,"champ:BerserkersGuideToSlaughter":39,"Membership Card":45,"TungstenRod":39},{"Pear":4,"Torii":19,"sneckomod:BlankCard":18,"champ:ChampionCrown":0,"downfall:HeartsMalice":0,"Guardian:PocketSentry":11,"Sling":17,"Mercury Hourglass":11,"SlaversCollar":11,"Runic Dome":16,"CaptainsWheel":11,"infinitespire:ShieldingShard":13,"hubris:BottledHeart":14,"champ:LiftRelic":4,"Honey Jar":8,"MealTicket":4,"Bag of Marbles":17,"hubris:TenFootPole":20,"champ:BerserkersGuideToSlaughter":18,"Membership Card":20,"TungstenRod":18},{"Pear":5,"Torii":65,"sneckomod:BlankCard":63,"champ:ChampionCrown":0,"downfall:HeartsMalice":0,"Guardian:PocketSentry":37,"Sling":60,"Mercury Hourglass":37,"SlaversCollar":37,"Runic Dome":56,"CaptainsWheel":37,"infinitespire:ShieldingShard":43,"hubris:BottledHeart":46,"champ:LiftRelic":5,"Honey Jar":25,"MealTicket":5,"Bag of Marbles":60,"hubris:TenFootPole":67,"champ:BerserkersGuideToSlaughter":63,"Membership Card":67,"TungstenRod":63}],"TungstenRod":0,"Mercury Hourglass":[119]},"card_choices":[{"not_picked":["champ:BladeFlurry","champ:BerserkersShout"],"picked":"champ:CrookedStrike","floor":2},{"not_picked":["champ:GutPunch","champ:BringItOn"],"picked":"champ:Duel","floor":3},{"not_picked":["champ:Riposte","champ:Circumvent"],"picked":"champ:BringItOn","floor":4},{"not_picked":["champ:DefensiveStyle","champ:Backstep"],"picked":"champ:BringItOn","floor":6},{"not_picked":["champ:FocusedBerserking","champ:Circumvent","champ:EnGarde"],"picked":"SKIP","floor":11},{"not_picked":["champ:CalledShot","champ:AdrenalArmor"],"picked":"champ:RisingSlash","floor":14},{"not_picked":["champ:ShieldSlam","champ:GutPunch","champ:FightOn"],"picked":"SKIP","floor":15},{"not_picked":["champ:SteelEdge","champ:CheapShot"],"picked":"champ:Devastate","floor":16},{"not_picked":["champ:StanceDance","champ:PerfectedStrike","champ:BerserkersShout"],"picked":"champ:BringItOn","floor":20},{"not_picked":["champ:TornadoPunch","champ:HeartStrike","champ:BladeFlurry"],"picked":"champ:BringItOn","floor":21},{"not_picked":["champ:HeartStrike","champ:Riposte","champ:FocusedDefense+1"],"picked":"champ:BerserkerStyle","floor":22},{"not_picked":["champ:Riposte","champ:CrookedStrike","champ:BringItOn"],"picked":"champ:CalledShot+1","floor":25},{"not_picked":["champ:AdrenalArmor","champ:DefensiveShout","champ:BerserkersShout"],"picked":"champ:StanceDance+1","floor":28},{"not_picked":["champ:GutPunch+1","champ:Circumvent","champ:Haymaker"],"picked":"champ:LastStand","floor":29},{"not_picked":["champ:ShieldWall+1","champ:BerserkersShout","champ:StanceDance"],"picked":"champ:GladiatorsShout+1","floor":30},{"not_picked":["champ:HeartStrike","champ:Backstep","champ:PerfectedStrike+1"],"picked":"champ:DefensiveShout","floor":32},{"not_picked":["champ:DancingMaster","champ:Devastate","champ:IgnorePain"],"picked":"champ:MurderStrike","floor":33},{"not_picked":["champ:EnragedBash+1","champ:FanOfKnives+1","champ:FlashCut"],"picked":"champ:DeathBlow+1","floor":37},{"not_picked":["expansioncontent:LastStand","Replay:SS_forest_6","expansioncontent:Torchfire"],"picked":"expansioncontent:Flail","floor":38},{"not_picked":["champ:Circumvent","champ:GladiatorsShout","champ:StanceDance"],"picked":"champ:DefensiveShout+1","floor":39},{"not_picked":["champ:FanOfKnives+1","champ:PerfectedStrike+1","champ:FocusedDefense+1"],"picked":"champ:BerserkersShout+1","floor":40},{"not_picked":["champ:FocusedBerserking+1","champ:EnragedBash","champ:GutPunch+1"],"picked":"champ:Balance","floor":42},{"not_picked":["champ:Devastate","champ:BerserkerStyle+1","champ:GutPunch+1"],"picked":"champ:Control+1","floor":46},{"not_picked":["champ:FanOfKnives","champ:GutPunch","champ:Haymaker"],"picked":"champ:Control+1","floor":48},{"not_picked":["champ:EnragedBash","champ:CrookedStrike","champ:BladeFlurry+1"],"picked":"champ:RecklessLeap+1","floor":49}],"player_experience":869123,"relics_obtained":[{"floor":6,"key":"MealTicket"},{"floor":7,"key":"Pear"},{"floor":24,"key":"Mercury Hourglass"},{"floor":25,"key":"CaptainsWheel"},{"floor":29,"key":"infinitespire:ShieldingShard"},{"floor":41,"key":"Torii"}],"event_choices":[{"damage_healed":0,"gold_gain":0,"player_choice":"Got Potions","damage_taken":0,"max_hp_gain":0,"max_hp_loss":0,"event_name":"Lab","floor":19,"gold_loss":0},{"damage_healed":0,"gold_gain":0,"player_choice":"Leave","damage_taken":0,"max_hp_gain":0,"max_hp_loss":0,"event_name":"conspire:Investor","floor":36,"gold_loss":0}],"is_beta":false,"boss_relics":[{"not_picked":["Snecko Eye","aspiration:PoetsPen"],"picked":"Honey Jar"},{"not_picked":["hubris:BlackHole","Busted Crown"],"picked":"Runic Dome"}],"items_purged_floors":[37],"is_endless":false,"potions_floor_spawned":[6,11,14,20,28,30,40,46,48],"ascension_level":0}}