{"host":"g32tw2paqnn22odm","time":1608793274,"event":{"mods":["AchievementEnabler","Act Like it!","BaseMod","Colored Map","Conspire","Hubris","Infinite Spire","Marisa£®ÏF”Í°°ƒß¿Ì…≥£©","Minty Spire (QoL Compilation)","Pale of the Ancients","Remilia£®¿Ÿ√◊¿Ú—«£©","Replay The Spire","StSLib","Td1madao Mod","The Cursed","The Jungle","The Servant 0.9.4","vexMod"],"gold_per_floor":[112,112,3,20,44,79,79,112,187,217,217,217,217,230,230,329,329,441,441,222,188,188,218,229,246,293,293,321,336,336,368,368,463,463,473,150,150,168,178,178,204,204,228,255,255,255,269,288,288,288],"floor_reached":51,"playtime":3283,"items_purged":["Strike_R","Demonic Infusion","Cleave"],"score":1105,"play_id":"ece8d123-28ba-450e-827b-b5127b221e34","local_time":"20201224150114","is_ascension_mode":true,"campfire_choices":[{"data":"Bash","floor":7.0,"key":"SMITH"},{"data":"Armaments","floor":11.0,"key":"SMITH"},{"data":"Second Wind","floor":15.0,"key":"SMITH"},{"data":"infinitespire:SevenWalls","floor":27.0,"key":"SMITH"},{"data":"Double Tap","floor":30.0,"key":"SMITH"},{"data":"hubris:StunningStrike","floor":32.0,"key":"SMITH"},{"data":"Corruption","floor":40,"key":"SMITH"},{"data":"Inflame","floor":42,"key":"SMITH"},{"data":"Dark Embrace","floor":45,"key":"SMITH"},{"data":"Feel No Pain","floor":49,"key":"SMITH"}],"circlet_count":0,"master_deck":["Bash+1","Second Wind+1","Sword Boomerang+1","Feel No Pain+1","Armaments+1","Shrug It Off","Wild Strike","hubris:StunningStrike+1","Run Through","Fire Breathing+1","Double Tap+1","Entrench+1","infinitespire:SevenWalls+1","Dropkick+1","Dark Embrace+1","Burning Pact","Reckless Charge","Infernal Blade","Replay:Undeath\u0027s Touch+1","Sentinel","Power Through","Pommel Strike+1","Corruption+1","Wild Strike+1","Inflame+1","Armaments+1","Shrug It Off+1","hubris:NaturalOne","Body Slam+1"],"relics":["Burning Blood","NeowsBlessing","hubris:TenFootPole","hubris:FunFungus","Du-Vu Doll","vexMod:Dragonfruit","hubris:BundleOfHerbs","hubris:Icosahedron","vexMod:MysteryBossChallenge","infinitespire:Cupcake","hubris:Towel","vexMod:InvisibilityCloak","Pandora\u0027s Box","Boot","ReplayTheSpireMod:Lightbulb","hubris:GlazedTorus","hubris:SlimyHat","Replay:Fungal Core","infinitespire:Lucky Rock","infinitespire:Beetle Shell","Red Skull","Happy Flower","Oddly Smooth Stone","Whetstone"],"acts_visited":["Exordium","TheCity","TheBeyond"],"potions_floor_usage":[50,50,50,50,50],"damage_taken":[{"damage":0.0,"enemies":"Cultist","floor":1.0,"turns":1.0},{"damage":0.0,"enemies":"Jaw Worm","floor":4.0,"turns":1.0},{"damage":0.0,"enemies":"Lagavulin","floor":6.0,"turns":1.0},{"damage":35.0,"enemies":"Gremlin Nob","floor":8.0,"turns":5.0},{"damage":27.0,"enemies":"Lagavulin","floor":10.0,"turns":7.0},{"damage":0.0,"enemies":"2 Louse","floor":14.0,"turns":6.0},{"damage":27.0,"enemies":"Fading Forest","floor":16.0,"turns":11.0},{"damage":1.0,"enemies":"conspire:FuzzyDice","floor":18.0,"turns":9.0},{"damage":15.0,"enemies":"3 Byrds","floor":21.0,"turns":3.0},{"damage":24.0,"enemies":"Slavers","floor":23.0,"turns":5.0},{"damage":26.0,"enemies":"3 Cultists","floor":24.0,"turns":4.0},{"damage":0.0,"enemies":"Snecko","floor":25.0,"turns":4.0},{"damage":32.0,"enemies":"Book of Stabbing","floor":28.0,"turns":6.0},{"damage":0.0,"enemies":"Centurion and Healer","floor":29.0,"turns":5.0},{"damage":0.0,"enemies":"conspire:SneckoGhost","floor":31.0,"turns":3.0},{"damage":4.0,"enemies":"Collector","floor":33.0,"turns":7.0},{"damage":6,"enemies":"3 Shapes","floor":35,"turns":2},{"damage":19,"enemies":"3 Darklings","floor":38,"turns":3},{"damage":5,"enemies":"4 Shapes","floor":39,"turns":2},{"damage":0,"enemies":"R_Hoarder","floor":41,"turns":3},{"damage":13,"enemies":"Nemesis","floor":44,"turns":3},{"damage":3,"enemies":"Jaw Worm Horde","floor":47,"turns":3},{"damage":6,"enemies":"Writhing Mass","floor":48,"turns":4},{"damage":39,"enemies":"Time Eater","floor":50,"turns":5}],"seed_played":"1226331221218895332","potions_obtained":[{"floor":1.0,"key":"Swift Potion"},{"floor":2.0,"key":"Explosive Potion"},{"floor":2.0,"key":"Regen Potion"},{"floor":6.0,"key":"PowerPotion"},{"floor":10.0,"key":"Doom Potion"},{"floor":23.0,"key":"SkillPotion"},{"floor":25.0,"key":"Doom Potion"},{"floor":28.0,"key":"Fruit Juice"},{"floor":38,"key":"Venom Potion"},{"floor":41,"key":"EntropicBrew"}],"is_trial":false,"path_per_floor":["M","?","$","M","T","E","R","E","T","E","R","?","?","M","R","B",null,"M","?","$","M","AVR","E","M","M","T","R","E","M","R","E","R","B",null,"M","$","?","M","M","R","E","R","T","E","R","AVR","M","M","R","B",null],"character_chosen":"IRONCLAD","items_purchased":["Sword Boomerang+1","Fire Breathing+1","Double Tap","infinitespire:Lucky Rock","Inflame"],"campfire_rested":0,"item_purchase_floors":[3,20,20,36,36],"current_hp_per_floor":[78,78,78,80,80,80,80,52,57,39,39,39,39,49,49,71,82,85,85,85,77,77,62,42,49,49,49,28,34,34,40,40,44,79,79,79,79,68,70,70,83,83,83,76,76,76,80,83,83,90],"gold":288,"neow_bonus":"THREE_ENEMY_KILL","is_daily":false,"chose_seed":false,"campfire_upgraded":10,"win_rate":0.0,"timestamp":1608793274,"path_taken":["M","?","?","?","?","E","R","E","T","E","R","?","?","?","R","BOSS","M","?","$","M","AVR","E","M","M","T","R","E","M","R","E","R","BOSS","M","$","?","?","M","R","E","R","T","E","R","AVR","?","M","R","BOSS"],"items_purchased_type":["Card","Card","Card","Relic","Card"],"build_version":"2020-12-22","purchased_purges":3,"victory":true,"max_hp_per_floor":[80,80,80,80,80,80,80,80,85,85,85,85,85,85,85,85,85,85,85,85,85,85,85,85,85,85,85,90,90,90,90,90,90,90,90,90,90,90,90,90,90,90,90,90,90,90,90,90,90,90],"card_choices":[{"not_picked":["Heavy Blade","Thunderclap"],"picked":"Second Wind","floor":1.0},{"not_picked":["Perfected Strike","Heavy Blade"],"picked":"Feel No Pain","floor":4.0},{"not_picked":["Clothesline","Flex","Havoc"],"picked":"SKIP","floor":6.0},{"not_picked":["Dual Wield","Brutality"],"picked":"Armaments","floor":8.0},{"not_picked":["Replay:Undeath\u0027s Touch","Twin Strike"],"picked":"Shrug It Off","floor":10.0},{"not_picked":["Thunderclap","Flex"],"picked":"Wild Strike","floor":14.0},{"not_picked":["Demonic Infusion","conspire:HitWhereItHurts"],"picked":"hubris:StunningStrike","floor":16.0},{"not_picked":["Shrug It Off","Wild Strike"],"picked":"Run Through","floor":18.0},{"not_picked":["Shrug It Off","Armaments"],"picked":"Entrench+1","floor":21.0},{"not_picked":["Clothesline","Heavy Blade"],"picked":"Replay:Undeath\u0027s Touch+1","floor":23.0},{"not_picked":["Shrug It Off","Perfected Strike"],"picked":"Sentinel","floor":24.0},{"not_picked":["Havoc+1","hubris:CleavingFinish","Flame Barrier"],"picked":"SKIP","floor":25.0},{"not_picked":["Metallicize+1","hubris:SharpeningStone+1"],"picked":"Power Through","floor":28.0},{"not_picked":["Sword Boomerang","Thunderclap","Run Through+1"],"picked":"SKIP","floor":29.0},{"not_picked":["Bloodletting","Abandon+1"],"picked":"Pommel Strike","floor":31.0},{"not_picked":["Reaper","Feed"],"picked":"Corruption","floor":33.0},{"not_picked":["conspire:ExplosiveBarrier","Flex"],"picked":"Wild Strike+1","floor":35},{"not_picked":["Anger","Flex+1"],"picked":"Armaments+1","floor":38},{"not_picked":["Carnage+1","Iron Wave","Perfected Strike"],"picked":"SKIP","floor":39},{"not_picked":["Sword Boomerang","Seeing Red+1"],"picked":"Shrug It Off+1","floor":41},{"not_picked":["Inflame","conspire:Purge"],"picked":"Body Slam+1","floor":44},{"not_picked":["Run Through","Searing Blow+1","Clothesline+1"],"picked":"SKIP","floor":47},{"not_picked":["infinitespire:OneForAll","Intimidate","Body Slam"],"picked":"SKIP","floor":48}],"player_experience":135186,"relics_obtained":[{"floor":5.0,"key":"hubris:TenFootPole"},{"floor":6.0,"key":"hubris:FunFungus"},{"floor":8.0,"key":"Du-Vu Doll"},{"floor":9.0,"key":"vexMod:Dragonfruit"},{"floor":10.0,"key":"hubris:BundleOfHerbs"},{"floor":23.0,"key":"Boot"},{"floor":26.0,"key":"ReplayTheSpireMod:Lightbulb"},{"floor":28.0,"key":"hubris:GlazedTorus"},{"floor":31.0,"key":"hubris:SlimyHat"},{"floor":37,"key":"infinitespire:Beetle Shell"},{"floor":41,"key":"Red Skull"},{"floor":43,"key":"Happy Flower"},{"floor":44,"key":"Oddly Smooth Stone"}],"event_choices":[{"damage_healed":0.0,"max_hp_gain":0.0,"max_hp_loss":0.0,"gold_gain":0.0,"event_name":"Lab","player_choice":"Got Potions","floor":2.0,"gold_loss":0.0,"damage_taken":0.0},{"cards_removed":["Strike_R"],"damage_healed":0.0,"max_hp_gain":0.0,"max_hp_loss":0.0,"gold_gain":0.0,"event_name":"Purifier","player_choice":"Purged","floor":13.0,"gold_loss":0.0,"damage_taken":0.0},{"damage_healed":0,"gold_gain":0,"player_choice":"Relic","damage_taken":0,"max_hp_gain":0,"max_hp_loss":0,"event_name":"Wheel of Change","floor":37,"gold_loss":0}],"is_beta":false,"boss_relics":[{"not_picked":["Velvet Choker","Busted Crown"],"picked":"vexMod:MysteryBossChallenge"},{"not_picked":["Black Blood","Black Star"],"picked":"Replay:Fungal Core"}],"items_purged_floors":[3,22,36],"is_endless":false,"potions_floor_spawned":[1,6,10,23,25,28,38,41,47],"ascension_level":6}}