{"host":"cmxkjr0hek4mqvmn","time":1608772570,"event":{"mods":["BaseMod","Beaked The Cultist","Better Match","Better Skull","Better Third Choice","BetterRewards","Clawfect","Colored Map","Displayed Cursed Tome","Duelist Mod","GifTheSpireLib","Hermit","Hubris","JesterMod","Mimic Mod","Minty Spire (QoL Compilation)","Quick Restart","Robot Space Explorer","StSLib","The Bladedancer","The Blue Laboratory","The Cursed","Thieving Mod","Waifu the Spire"],"gold_per_floor":[116,291,291,291,316,357,372,408,431,431,444,444,444],"floor_reached":12,"playtime":877,"items_purged":[],"score":144,"play_id":"314c8d2b-0a5a-411a-856e-1df96cf6d400","local_time":"20201223201610","is_ascension_mode":true,"campfire_choices":[{"floor":10.0,"key":"REST"}],"circlet_count":0,"master_deck":["Gash","Gash","Gash","Gash","Gash","Defend_B","Defend_B","Defend_B","Defend_B","Defend_B","Chaos","Doubt","Clawfect:ClawCell","Clawfect:ClawingBeam","hubris:PowerSurge","Clawfect:Clawter","Clawfect:ClawCell"],"relics":["Clawfect:DRClaw","NeowsBlessing","Golden Idol","hubris:Icosahedron","Potion Belt","Orichalcum","Bag of Marbles"],"acts_visited":["Exordium"],"potions_floor_usage":[],"damage_taken":[{"damage":0.0,"enemies":"2 Louse","floor":1.0,"turns":2.0},{"damage":0.0,"enemies":"Small Slimes","floor":5.0,"turns":3.0},{"damage":0.0,"enemies":"Lagavulin","floor":6.0,"turns":3.0},{"damage":11.0,"enemies":"Jaw Worm","floor":7.0,"turns":4.0},{"damage":28.0,"enemies":"Gremlin Nob","floor":8.0,"turns":4.0},{"damage":26.0,"enemies":"Large Slime","floor":11.0,"turns":8.0},{"damage":21,"enemies":"Lagavulin","floor":12,"turns":5}],"seed_played":"-928509627271339814","potions_obtained":[{"floor":6.0,"key":"blueLaboratory:BiasPotion"}],"is_trial":false,"path_per_floor":["M","?","?","?","M","E","M","E","T","R","M","E"],"character_chosen":"DEFECT","items_purchased":[],"campfire_rested":1,"item_purchase_floors":[],"current_hp_per_floor":[75,75,57,57,57,57,46,18,18,40,14,0,0],"gold":444,"neow_bonus":"THREE_ENEMY_KILL","is_daily":false,"chose_seed":false,"campfire_upgraded":0,"win_rate":0.0,"timestamp":1608772570,"path_taken":["M","?","?","?","M","E","M","E","T","R","?","E"],"items_purchased_type":[],"build_version":"2020-12-22","purchased_purges":0,"victory":false,"max_hp_per_floor":[75,75,75,75,75,75,75,75,75,75,75,75,75],"card_choices":[{"not_picked":["Clawfect:Clawrage","Fusion"],"picked":"Chaos","floor":1.0},{"not_picked":["Steam","Turbo"],"picked":"Clawfect:ClawCell","floor":5.0},{"not_picked":["BootSequence","hubris:Prefetch"],"picked":"Clawfect:ClawingBeam","floor":6.0},{"not_picked":["Aggregate","Clawfect:Clawrage"],"picked":"hubris:PowerSurge","floor":7.0},{"not_picked":["Redo","Stack"],"picked":"Clawfect:Clawter","floor":8.0},{"not_picked":["Force Field","Redo"],"picked":"Clawfect:ClawCell","floor":11.0}],"player_experience":536356,"relics_obtained":[{"floor":6.0,"key":"Potion Belt"},{"floor":8.0,"key":"Orichalcum"},{"floor":9.0,"key":"Bag of Marbles"}],"event_choices":[{"damage_healed":0.0,"max_hp_gain":0.0,"max_hp_loss":0.0,"gold_gain":175.0,"event_name":"betterThird:BetterSerpent","player_choice":"AGREE","floor":2.0,"gold_loss":0.0,"damage_taken":116.0},{"damage_healed":0.0,"max_hp_gain":0.0,"max_hp_loss":0.0,"gold_gain":0.0,"event_name":"Golden Idol","player_choice":"Take Damage","floor":3.0,"gold_loss":0.0,"damage_taken":18.0,"relics_obtained":["Golden Idol"]}],"is_beta":false,"boss_relics":[],"items_purged_floors":[],"is_endless":false,"potions_floor_spawned":[6,7],"killed_by":"Lagavulin","ascension_level":1}}