{"host":"q6rs3in4l29iepap","time":1608771357,"event":{"mods":["Aspiration","BaseMod","BetterRewards","Colored Map","Downfall","Friendly Minions","Hermit","Hubris","Infinite Spire","Jorbs\u0027s Wanderer Trilogy","Minty Spire (QoL Compilation)","Replay The Spire","Shade Mod","StSLib","The Bug Knight","The Construct","The Cursed","The Disciple","The Hierophant","The Mystic","The Runesmith"],"gold_per_floor":[112,126,137,6,20,53,53,68,68,68,84,95,114,128,128,228,228,248,248,248,6,18,52,52,66,66,66,66,91,110,110,110,209,209,226,241,257,267,267,295,295,305,305,305,332,343,362,385,385,385,385,385,26,57,57,57],"floor_reached":55,"playtime":3698,"items_purged":[],"score":1175,"play_id":"70dd8e66-ab4c-4ec5-afb4-89cb741fd466","local_time":"20201223165557","is_ascension_mode":false,"campfire_choices":[{"floor":10,"key":"REST"},{"floor":15,"key":"REST"},{"floor":24,"key":"RECALL"},{"data":"BattleHymn","floor":27,"key":"SMITH"},{"floor":32,"key":"REST"},{"floor":41,"key":"REST"},{"floor":49,"key":"REST"},{"data":"hubris:InfiniteBlow+19","floor":52,"key":"SMITH"}],"circlet_count":0,"master_deck":["Eruption","Vigilance","LikeWater","FearNoEvil","Perseverance","Consecrate","FlyingSleeves","Crescendo","FlurryOfBlows","BattleHymn+1","Ragnarok","Consecrate","Replay:Anticipation","Consecrate","SandsOfTime","FlurryOfBlows","EmptyBody","infinitespire:UltimateForm","ReplayTheSpireMod:Haul","WheelKick","MasterReality","FearNoEvil","ReachHeaven","EmptyMind+1","CarveReality","Replay:AtTheReady","Ragnarok","EmptyMind","CarveReality","Devotion","Nirvana","Omniscience","Replay:LoomingThreat","Replay:Cycle","Tantrum","WreathOfFlame","Evaluate+1","hubris:InfiniteBlow+20","Pray","SandsOfTime+1","Chrysalis","Panache","Apotheosis","Protect","DeceiveReality+1","Whirlwind","SignatureMove","Study","Sword Boomerang"],"relics":["PureWater","Blood Vial","HollowMod:LifeEnderRelic","hubris:BlackHole","HornCleat","aspiration:PoetsPen","Omamori","ReplayTheSpireMod:TigerMarble","aspiration:Lifesprig","Pandora\u0027s Box","Ginger","hubris:DisguiseKit","White Beast Statue","hubris:Reverence","Replay:Mystery Machine","infinitespire:EmpoweringShard","Gremlin Food"],"acts_visited":["Exordium","TheCity","TheBeyond","TheEnding"],"potions_floor_usage":[23,30,36,47,55],"damage_taken":[{"damage":0,"enemies":"Cultist","floor":1,"turns":4},{"damage":5,"enemies":"Small Slimes","floor":2,"turns":2},{"damage":6,"enemies":"Jaw Worm","floor":3,"turns":4},{"damage":8,"enemies":"Red Slaver","floor":5,"turns":2},{"damage":28,"enemies":"Gremlin Nob","floor":6,"turns":3},{"damage":13,"enemies":"Exordium Thugs","floor":8,"turns":5},{"damage":0,"enemies":"2 Fungi Beasts","floor":11,"turns":2},{"damage":8,"enemies":"Gremlin Gang","floor":12,"turns":2},{"damage":2,"enemies":"Looter","floor":13,"turns":4},{"damage":3,"enemies":"Lots of Slimes","floor":14,"turns":2},{"damage":0,"enemies":"Slime Boss","floor":16,"turns":4},{"damage":14,"enemies":"Shell Parasite","floor":18,"turns":3},{"damage":32,"enemies":"2 Thieves","floor":22,"turns":3},{"damage":0,"enemies":"Gremlin Leader","floor":23,"turns":3},{"damage":0,"enemies":"Snecko","floor":25,"turns":3},{"damage":9,"enemies":"Book of Stabbing","floor":29,"turns":3},{"damage":0,"enemies":"Sentry and Sphere","floor":30,"turns":3},{"damage":19,"enemies":"Collector","floor":33,"turns":3},{"damage":0,"enemies":"3 Shapes","floor":35,"turns":1},{"damage":1,"enemies":"3 Darklings","floor":36,"turns":2},{"damage":0,"enemies":"Writhing Mass","floor":37,"turns":2},{"damage":30,"enemies":"4 Shapes","floor":38,"turns":1},{"damage":0,"enemies":"Giant Head","floor":40,"turns":1},{"damage":0,"enemies":"3 Darklings","floor":42,"turns":2},{"damage":69,"enemies":"Nemesis","floor":45,"turns":3},{"damage":0,"enemies":"Jaw Worm Horde","floor":46,"turns":1},{"damage":0,"enemies":"4 Shapes","floor":47,"turns":3},{"damage":0,"enemies":"Time Eater","floor":50,"turns":1},{"damage":0,"enemies":"Shield and Spear","floor":54,"turns":2},{"damage":121,"enemies":"The Heart","floor":55,"turns":3}],"seed_played":"5947562706649456662","potions_obtained":[{"floor":1,"key":"sneckomod:MuddlingPotion"},{"floor":2,"key":"StancePotion"},{"floor":5,"key":"Flashbang"},{"floor":8,"key":"Energy Potion"},{"floor":23,"key":"GamblersBrew"},{"floor":29,"key":"SpeedPotion"},{"floor":30,"key":"Block Potion"},{"floor":40,"key":"LiquidMemories"},{"floor":45,"key":"ColorlessPotion"},{"floor":47,"key":"Weak Potion"}],"is_trial":false,"path_per_floor":["M","M","M","$","M","E","?","M","T","R","M","M","M","M","R","B",null,"M","AVR","?","$","M","E","R","M","T","R","$","E","M","?","R","B",null,"M","M","M","M","AVR","E","R","M","T","?","E","M","M","T","R","B",null,"R","$","E","B"],"character_chosen":"WATCHER","items_purchased":["LikeWater","FearNoEvil","Perseverance","Blood Vial","FlurryOfBlows","BattleHymn","WheelKick","MasterReality","infinitespire:EmpoweringShard","SignatureMove","Study"],"campfire_rested":5,"item_purchase_floors":[0,0,0,0,4,4,21,21,53,53,53],"current_hp_per_floor":[63,60,56,56,50,24,24,13,13,34,36,30,30,29,50,52,72,58,58,82,82,50,52,52,54,54,54,54,47,49,49,73,56,82,82,81,82,52,52,54,78,82,82,72,5,7,9,9,33,35,82,82,82,82,0,0],"gold":57,"neow_bonus":"","is_daily":false,"chose_seed":false,"campfire_upgraded":2,"win_rate":0.0,"timestamp":1608771357,"path_taken":["M","M","M","?","M","E","?","M","T","R","M","M","M","M","R","BOSS","M","AVR","?","$","M","E","R","M","T","R","?","E","?","?","R","BOSS","M","?","M","M","AVR","E","R","M","T","?","E","M","M","?","R","BOSS","R","$","E","BOSS"],"items_purchased_type":["Card","Card","Card","Relic","Card","Card","Card","Card","Relic","Card","Card"],"build_version":"2020-12-13","purchased_purges":0,"victory":false,"max_hp_per_floor":[72,72,72,72,72,72,72,72,72,72,72,72,72,72,72,72,72,72,72,82,82,82,82,82,82,82,82,82,82,82,82,82,82,82,82,82,82,82,82,82,82,82,82,82,82,82,82,82,82,82,82,82,82,82,82,82],"card_choices":[{"not_picked":["Replay:ManipulateFuture","SashWhip"],"picked":"Consecrate","floor":1},{"not_picked":["Prostrate","Replay:BluntJabs"],"picked":"FlyingSleeves","floor":2},{"not_picked":["EmptyBody","Protect"],"picked":"Crescendo","floor":3},{"not_picked":["Conclude","Wallop"],"picked":"Ragnarok","floor":5},{"not_picked":["EmptyBody","Replay:BluntJabs"],"picked":"Consecrate","floor":6},{"not_picked":["Replay:Hum","SashWhip"],"picked":"Replay:Anticipation","floor":8},{"not_picked":["Evaluate","Worship"],"picked":"Consecrate","floor":11},{"not_picked":["TalkToTheHand","FlyingSleeves"],"picked":"SandsOfTime","floor":12},{"not_picked":["Weave","CutThroughFate","EmptyFist"],"picked":"SKIP","floor":13},{"not_picked":["BowlingBash","Protect"],"picked":"FlurryOfBlows","floor":14},{"not_picked":["Replay:LoomingThreat","Devotion"],"picked":"DevaForm","floor":16},{"not_picked":["Replay:ManipulateFuture","FollowUp+1"],"picked":"EmptyBody","floor":18},{"not_picked":["FollowUp","Replay:BluntJabs"],"picked":"FearNoEvil","floor":22},{"not_picked":["Perseverance+1","Replay:Hum","CrushJoints"],"picked":"SKIP","floor":23},{"not_picked":["Vengeance+1","Halt"],"picked":"ReachHeaven","floor":25},{"not_picked":["Replay:LoomingThreat","EmptyBody"],"picked":"EmptyMind+1","floor":29},{"not_picked":["Replay:BluntJabs+1","Halt"],"picked":"CarveReality","floor":30},{"not_picked":["MasterReality","Judgement"],"picked":"Ragnarok","floor":33},{"not_picked":["Protect+1","Evaluate+1"],"picked":"Tantrum","floor":35},{"not_picked":["Swivel","EmptyBody","Halt"],"picked":"SKIP","floor":36},{"not_picked":["Replay:AtTheReady","Crescendo+1"],"picked":"WreathOfFlame","floor":37},{"not_picked":["CrushJoints+1","FollowUp"],"picked":"Evaluate+1","floor":38},{"not_picked":["EmptyBody","JustLucky+1"],"picked":"Pray","floor":40},{"not_picked":["JustLucky","FearNoEvil+1","Warcry"],"picked":"SandsOfTime+1","floor":42},{"not_picked":["Deep Breath","Purity"],"picked":"Chrysalis","floor":44},{"not_picked":["Trip","Poisoned Strike"],"picked":"Panache","floor":44},{"not_picked":["expansioncontent:DecasProtection","expansioncontent:SlimeTackle"],"picked":"Apotheosis","floor":44},{"not_picked":["Replay:BluntJabs+1","Replay:Battleflow","Second Wind"],"picked":"Protect","floor":45},{"not_picked":["SashWhip+1","Crescendo+1","Replay:Undeath\u0027s Touch"],"picked":"DeceiveReality+1","floor":46},{"not_picked":["EmptyFist+1","BowlingBash","Replay:Hum"],"picked":"Whirlwind","floor":47},{"not_picked":["WindmillStrike","FollowUp+1","Replay:AtTheReady"],"picked":"Sword Boomerang","floor":54}],"player_experience":118673,"relics_obtained":[{"floor":6,"key":"HollowMod:LifeEnderRelic"},{"floor":23,"key":"Omamori"},{"floor":26,"key":"ReplayTheSpireMod:TigerMarble"},{"floor":29,"key":"aspiration:Lifesprig"},{"floor":40,"key":"hubris:DisguiseKit"},{"floor":43,"key":"White Beast Statue"},{"floor":45,"key":"hubris:Reverence"},{"floor":48,"key":"Replay:Mystery Machine"},{"floor":54,"key":"Gremlin Food"}],"event_choices":[{"damage_healed":0,"gold_gain":0,"player_choice":"Ignored","damage_taken":0,"max_hp_gain":0,"max_hp_loss":0,"event_name":"NoteForYourself","floor":7,"gold_loss":0},{"cards_removed":["DevaForm"],"damage_healed":14,"gold_gain":0,"player_choice":"Offered Rare","damage_taken":0,"max_hp_gain":10,"max_hp_loss":0,"event_name":"Bonfire Elementals","floor":20,"gold_loss":0},{"damage_healed":0,"gold_gain":0,"cards_transformed":["Defend_P"],"player_choice":"Transformed","damage_taken":0,"max_hp_gain":0,"max_hp_loss":0,"event_name":"Transmorgrifier","floor":31,"gold_loss":0,"cards_obtained":["Replay:AtTheReady"]},{"damage_healed":0,"gold_gain":0,"player_choice":"Memory 3","damage_taken":10,"max_hp_gain":0,"max_hp_loss":0,"event_name":"SensoryStone","floor":44,"gold_loss":0}],"is_beta":false,"boss_relics":[{"not_picked":["aspiration:SecretTechniqueScroll","aspiration:RunesmithSkillbook"],"picked":"hubris:BlackHole"},{"not_picked":["Runic Dome","hubris:Backtick"],"picked":"Pandora\u0027s Box"}],"items_purged_floors":[],"is_endless":false,"potions_floor_spawned":[1,2,5,8,16,23,29,30,35,40,45,46,47,54],"killed_by":"The Heart","ascension_level":0}}