{"host":"6gzy6nvr8uokwcne","time":1608848710,"event":{"mods":["2.2 Compatiblity","AchievementEnabler","BaseMod","Downfall","Minty Spire (QoL Compilation)","Quick Restart","StSLib","The Dragon Tamer","The Runesmith"],"gold_per_floor":[118,193,209,62,62,62,78,178,205,217,237,55,84,97,97,201,201,126,13,13,13,26,26,57,57,57,57,69,89,103,122,122,222,272,287,287,287,298,16,16,51,67,94,94,16,16,34,59,59,59,59],"floor_reached":50,"playtime":9105,"items_purged":[],"score":570,"play_id":"b5c993ed-61ba-4d1a-81d8-7cec007cf0d7","local_time":"20201224152510","is_ascension_mode":false,"campfire_choices":[{"floor":6,"key":"RECALL"},{"data":"Runesmith:Firewall","floor":15,"key":"SMITH"},{"data":"Runesmith:LithiumIon","floor":23,"key":"SMITH"},{"floor":25,"key":"REST"},{"floor":27,"key":"REST"},{"floor":32,"key":"REST"},{"data":"Runesmith:UnlimitedPower","floor":40,"key":"SMITH"},{"floor":46,"key":"REST"},{"floor":49,"key":"REST"}],"circlet_count":0,"master_deck":["Runesmith:Strike_RS","Runesmith:Strike_RS","Runesmith:Strike_RS","Runesmith:Strike_RS","Runesmith:Defend_RS","Runesmith:Defend_RS","Runesmith:Defend_RS","Runesmith:Defend_RS+1","Runesmith:CraftFirestone+1","Runesmith:Fortify","Runesmith:EarthShield","Runesmith:CraftProtectio","Runesmith:LithiumIon+1","Runesmith:BackupBattery","Runesmith:Reinforce","Runesmith:PoweredAnvil","Runesmith:Repurpose","Runesmith:Firewall+1","Runesmith:Supernova","Runesmith:CraftSpiculum","Runesmith:Firestorm","Writhe","Runesmith:HammerThrow","Runesmith:Accelerate","Runesmith:Permafrost","Runesmith:EnergizedChisel+1","Runesmith:RuneHurl","Runesmith:HammerAndChisel+1","Runesmith:CraftMagma+1","Runesmith:UnlimitedPower+1","Runesmith:CraftMagma","Runesmith:PerfectChisel+1","Thinking Ahead","Runesmith:CraftIndustria","Parasite"],"relics":["Runesmith:BrokenRuby","Membership Card","Anchor","Runesmith:UraniumAnvil","Runesmith:EmergencyProvisions","Matryoshka","Vajra","Dream Catcher","Centennial Puzzle","Runesmith:Nanobots","Tiny House","Eternal Feather","Oddly Smooth Stone","Singing Bowl","Bottled Lightning","Potion Belt","Runesmith:AutoHammer","Gambling Chip"],"acts_visited":["Exordium","TheCity","TheBeyond"],"potions_floor_usage":[11,13,16,16,24,30,30,35,35,41,42],"damage_taken":[{"damage":7,"enemies":"2 Louse","floor":1,"turns":3},{"damage":3,"enemies":"Cultist","floor":3,"turns":5},{"damage":0,"enemies":"Small Slimes","floor":7,"turns":3},{"damage":0,"enemies":"Blue Slaver","floor":10,"turns":5},{"damage":2,"enemies":"Looter","floor":11,"turns":4},{"damage":10,"enemies":"3 Sentries","floor":13,"turns":7},{"damage":9,"enemies":"2 Fungi Beasts","floor":14,"turns":6},{"damage":18,"enemies":"The Guardian","floor":16,"turns":12},{"damage":2,"enemies":"2 Thieves","floor":18,"turns":5},{"damage":8,"enemies":"Shell Parasite","floor":22,"turns":5},{"damage":50,"enemies":"Gremlin Leader","floor":24,"turns":6},{"damage":14,"enemies":"Snake Plant","floor":28,"turns":5},{"damage":21,"enemies":"Shelled Parasite and Fungi","floor":29,"turns":7},{"damage":1,"enemies":"Centurion and Healer","floor":30,"turns":9},{"damage":1,"enemies":"Snecko","floor":31,"turns":5},{"damage":23,"enemies":"Champ","floor":33,"turns":13},{"damage":26,"enemies":"Orb Walker","floor":35,"turns":6},{"damage":0,"enemies":"3 Shapes","floor":38,"turns":5},{"damage":36,"enemies":"Nemesis","floor":41,"turns":8},{"damage":43,"enemies":"Spire Growth","floor":42,"turns":7},{"damage":10,"enemies":"Writhing Mass","floor":47,"turns":6},{"damage":40,"enemies":"Giant Head","floor":48,"turns":10},{"damage":80,"enemies":"Donu and Deca","floor":50,"turns":8}],"seed_played":"3677451298145599034","potions_obtained":[{"floor":7,"key":"EntropicBrew"},{"floor":10,"key":"Energy Potion"},{"floor":13,"key":"FairyPotion"},{"floor":22,"key":"SkillPotion"},{"floor":24,"key":"EssenceOfSteel"},{"floor":31,"key":"FearPotion"},{"floor":33,"key":"Energy Potion"},{"floor":34,"key":"SkillPotion"},{"floor":42,"key":"SneckoOil"},{"floor":47,"key":"Strength Potion"}],"is_trial":false,"path_per_floor":["M","?","M","$","?","R","M","?","T","M","M","$","E","M","R","B",null,"M","$","T","?","M","R","E","R","T","R","M","M","M","M","R","B",null,"M","?","?","M","$","R","E","M","T","?","$","R","M","E","R","B"],"character_chosen":"RUNESMITH_CLASS","items_purchased":["Runesmith:LithiumIon","DistilledChaos","Membership Card","Runesmith:PoweredAnvil","Runesmith:Firestorm","Runesmith:EmergencyProvisions","Runesmith:CraftIndustria","Eternal Feather","Oddly Smooth Stone","AttackPotion","SkillPotion","Runesmith:AutoHammer"],"campfire_rested":5,"item_purchase_floors":[4,4,12,12,19,19,39,39,39,39,39,45],"current_hp_per_floor":[70,59,56,56,56,56,56,56,56,56,54,54,44,35,35,17,77,75,75,75,75,67,67,17,40,40,63,49,28,42,41,64,41,82,56,56,56,56,56,74,40,26,26,26,26,70,62,24,73,0,0],"gold":59,"neow_bonus":"TEN_PERCENT_HP_BONUS","is_daily":false,"chose_seed":false,"campfire_upgraded":3,"win_rate":0.0,"timestamp":1608848710,"path_taken":["M","?","M","$","?","R","M","?","T","M","M","$","E","M","R","BOSS","M","$","?","?","M","R","E","R","T","R","M","M","M","M","R","BOSS","M","?","?","M","$","R","E","M","T","?","?","R","M","E","R","BOSS"],"items_purchased_type":["Card","Potion","Relic","Card","Card","Relic","Card","Relic","Relic","Potion","Potion","Relic"],"build_version":"2020-12-22","purchased_purges":0,"victory":false,"max_hp_per_floor":[77,77,77,77,77,77,77,77,77,77,77,77,77,77,77,77,77,77,77,77,77,77,77,77,77,77,77,77,77,77,77,77,77,82,82,78,78,78,78,78,80,82,82,82,82,84,86,88,90,90,90],"card_choices":[{"not_picked":["Runesmith:HeatedChisel","Runesmith:BackupBattery"],"picked":"Runesmith:EarthShield","floor":1},{"not_picked":["Runesmith:HammerThrow","Runesmith:BackupBattery"],"picked":"Runesmith:CraftProtectio","floor":3},{"not_picked":["Runesmith:UnstableHammer","Runesmith:StaticCage","Runesmith:Refine"],"picked":"SKIP","floor":7},{"not_picked":["Runesmith:UnstableHammer","Runesmith:StaticCage"],"picked":"Runesmith:BackupBattery","floor":10},{"not_picked":["Runesmith:NegativeSpace","Runesmith:ChaoticBlast"],"picked":"Runesmith:Reinforce","floor":11},{"not_picked":["Runesmith:UnstableHammer","Runesmith:Prism"],"picked":"Runesmith:Repurpose","floor":13},{"not_picked":["Runesmith:Refine","Runesmith:RuneHurl"],"picked":"Runesmith:Firewall","floor":14},{"not_picked":["Runesmith:CraftMedicinae","Runesmith:MetallurgicalResearch"],"picked":"Runesmith:Supernova","floor":16},{"not_picked":["Runesmith:Permafrost","Runesmith:BackupBattery"],"picked":"Runesmith:CraftSpiculum","floor":18},{"not_picked":["Runesmith:BackupBattery+1","Runesmith:CraftProtectio"],"picked":"Runesmith:HammerThrow","floor":22},{"not_picked":["Runesmith:HeatExchange","Runesmith:Repurpose"],"picked":"Runesmith:Accelerate","floor":24},{"not_picked":["Runesmith:Repurpose","Runesmith:MakeshiftArmor+1"],"picked":"Runesmith:Permafrost","floor":25},{"not_picked":["Runesmith:UnstableHammer+1","Runesmith:FrozenChisel+1"],"picked":"Runesmith:EnergizedChisel+1","floor":27},{"not_picked":["Runesmith:EarthShield","Runesmith:PoweredAnvil+1"],"picked":"Runesmith:RuneHurl","floor":28},{"not_picked":["Runesmith:Attraction","Runesmith:CraftIncendium+1","Runesmith:Accelerate+1"],"picked":"SKIP","floor":29},{"not_picked":["Runesmith:HammerThrow","Runesmith:ShiftingStrike"],"picked":"Runesmith:HammerAndChisel+1","floor":30},{"not_picked":["Runesmith:UnstableHammer","Runesmith:Overpower","Runesmith:ShiftingStrike"],"picked":"SKIP","floor":31},{"not_picked":["Runesmith:HammerThrow","Runesmith:StaticCage"],"picked":"Runesmith:CraftMagma+1","floor":32},{"not_picked":["Runesmith:Supernova","Runesmith:CraftPrismatica"],"picked":"Runesmith:UnlimitedPower","floor":33},{"not_picked":["Runesmith:Superposition","Runesmith:BackupBattery"],"picked":"Runesmith:CraftMagma","floor":34},{"not_picked":["Runesmith:EnergizedChisel","Runesmith:FieryHammer+1"],"picked":"Runesmith:PerfectChisel+1","floor":35},{"not_picked":["expansioncontent:GuardianWhirl","expansioncontent:HyperBeam"],"picked":"Thinking Ahead","floor":37},{"not_picked":["Runesmith:ChiselStab","Runesmith:GoWithTheFlow+1","Runesmith:BackupBattery"],"picked":"SKIP","floor":38},{"not_picked":["Runesmith:Discharge+1","Runesmith:UnstableHammer+1","Runesmith:BackupBattery"],"picked":"Singing Bowl","floor":41},{"not_picked":["Runesmith:RunicBlueprint+1","Runesmith:Grindstone+1","Runesmith:Electrocute"],"picked":"Singing Bowl","floor":42},{"not_picked":["Runesmith:Grindstone","Runesmith:RunicBlueprint+1","Runesmith:HammerThrow+1"],"picked":"Singing Bowl","floor":46},{"not_picked":["Runesmith:OneForEveryone","Runesmith:DoubleUp","Runesmith:CraftProtectio+1"],"picked":"Singing Bowl","floor":47},{"not_picked":["Runesmith:EnergizedChisel","Runesmith:Terraform","Runesmith:MetallurgicalResearch"],"picked":"Singing Bowl","floor":48},{"not_picked":["Runesmith:WhiteBalance","Runesmith:Overpower","Runesmith:EnergizedChisel+1"],"picked":"Singing Bowl","floor":49}],"player_experience":479531,"relics_obtained":[{"floor":13,"key":"Anchor"},{"floor":20,"key":"Matryoshka"},{"floor":24,"key":"Dream Catcher"},{"floor":26,"key":"Centennial Puzzle"},{"floor":26,"key":"Runesmith:Nanobots"},{"floor":41,"key":"Singing Bowl"},{"floor":43,"key":"Bottled Lightning"},{"floor":43,"key":"Potion Belt"},{"floor":48,"key":"Gambling Chip"}],"event_choices":[{"damage_healed":0,"gold_gain":75,"player_choice":"Gather Gold","damage_taken":11,"max_hp_gain":0,"max_hp_loss":0,"event_name":"World of Goop","floor":2,"gold_loss":0},{"damage_healed":0,"gold_gain":0,"player_choice":"Grow","damage_taken":0,"max_hp_gain":0,"max_hp_loss":0,"event_name":"Living Wall","floor":5,"gold_loss":0,"cards_upgraded":["Runesmith:CraftFirestone"]},{"damage_healed":0,"gold_gain":100,"player_choice":"Pray","damage_taken":0,"max_hp_gain":0,"max_hp_loss":0,"event_name":"Golden Shrine","floor":8,"gold_loss":0},{"damage_healed":0,"gold_gain":0,"player_choice":"Opened","damage_taken":0,"relics_obtained":["Vajra"],"max_hp_gain":0,"max_hp_loss":0,"event_name":"The Mausoleum","floor":21,"gold_loss":0,"cards_obtained":["Writhe"]},{"damage_healed":0,"gold_gain":0,"player_choice":"Max HP","damage_taken":0,"max_hp_gain":0,"max_hp_loss":4,"event_name":"Winding Halls","floor":36,"gold_loss":0},{"damage_healed":0,"gold_gain":0,"player_choice":"Memory 1","damage_taken":0,"max_hp_gain":0,"max_hp_loss":0,"event_name":"SensoryStone","floor":37,"gold_loss":0},{"damage_healed":0,"gold_gain":0,"player_choice":"Ignored","damage_taken":0,"max_hp_gain":0,"max_hp_loss":0,"event_name":"The Moai Head","floor":44,"gold_loss":0}],"is_beta":false,"boss_relics":[{"not_picked":["Velvet Choker","Calling Bell"],"picked":"Runesmith:UraniumAnvil"},{"not_picked":["Coffee Dripper","Empty Cage"],"picked":"Tiny House"}],"items_purged_floors":[],"is_endless":false,"potions_floor_spawned":[7,10,11,13,14,22,24,31,33,42,47,48],"killed_by":"Donu and Deca","ascension_level":0}}