{"host":"ficgsz0si2azpg0p","time":1608835379,"event":{"mods":["BaseMod","Downfall","Minty Spire (QoL Compilation)","StSLib","The Hierophant"],"gold_per_floor":[116,136,39,39,39,39,50,50,98,98,109,109,147,160,160,288,288,312,312,296,296,312,347,347,368,420,420,436,460,498,498,498,498,498],"floor_reached":33,"playtime":3700,"items_purged":["Strike_B"],"score":312,"play_id":"6e26308d-e755-4408-a310-524a77b02a48","local_time":"20201224134259","is_ascension_mode":false,"campfire_choices":[{"data":"Zap","floor":6.0,"key":"SMITH"},{"data":"Dualcast","floor":8.0,"key":"SMITH"},{"data":"Scrape","floor":10.0,"key":"SMITH"},{"floor":15.0,"key":"REST"},{"floor":24,"key":"REST"},{"floor":32,"key":"REST"}],"circlet_count":0,"master_deck":["Strike_B","Defend_B","Defend_B","Defend_B","Defend_B","Zap+1","Dualcast+1","Scrape+1","Beam Cell","Leap","Go for the Eyes","Steam","Self Repair","Go for the Eyes","FTL","FTL","Steam","Redo","Beam Cell+1","Core Surge"],"relics":["Cracked Core","Meat on the Bone","Omamori","Regal Pillow","Golden Idol","Toy Ornithopter","SlaversCollar","Darkstone Periapt","DataDisk","Orichalcum"],"acts_visited":["Exordium","TheCity"],"potions_floor_usage":[23,23,28,30],"damage_taken":[{"damage":0.0,"enemies":"Cultist","floor":1.0,"turns":4.0},{"damage":1.0,"enemies":"Jaw Worm","floor":2.0,"turns":4.0},{"damage":0.0,"enemies":"2 Louse","floor":7.0,"turns":1.0},{"damage":4.0,"enemies":"Exordium Wildlife","floor":11.0,"turns":3.0},{"damage":16.0,"enemies":"Gremlin Nob","floor":13.0,"turns":4.0},{"damage":4.0,"enemies":"Lots of Slimes","floor":14.0,"turns":4.0},{"damage":60.0,"enemies":"Hexaghost","floor":16.0,"turns":13.0},{"damage":10,"enemies":"3 Byrds","floor":18,"turns":6},{"damage":17,"enemies":"2 Thieves","floor":20,"turns":5},{"damage":58,"enemies":"Chosen and Byrds","floor":22,"turns":9},{"damage":0,"enemies":"Book of Stabbing","floor":23,"turns":4},{"damage":10,"enemies":"Centurion and Healer","floor":25,"turns":9},{"damage":2,"enemies":"Snecko","floor":28,"turns":5},{"damage":20,"enemies":"3 Cultists","floor":29,"turns":7},{"damage":21,"enemies":"Slavers","floor":30,"turns":6},{"damage":95,"enemies":"Collector","floor":33,"turns":11}],"seed_played":"7780508971697286616","potions_obtained":[{"floor":1.0,"key":"PotionOfCapacity"},{"floor":2.0,"key":"Block Potion"},{"floor":7.0,"key":"Ancient Potion"},{"floor":20,"key":"Strength Potion"},{"floor":22,"key":"Strength Potion"},{"floor":29,"key":"PowerPotion"}],"is_trial":false,"path_per_floor":["M","M","$","?","?","R","M","R","T","R","M","?","E","M","R","B",null,"M","?","M","?","M","E","R","M","T","?","M","M","E","?","R","B"],"character_chosen":"DEFECT","items_purchased":["Beam Cell"],"campfire_rested":3,"item_purchase_floors":[3],"current_hp_per_floor":[82,81,81,74,74,74,74,74,74,74,70,50,46,42,81,33,82,72,72,62,62,23,52,82,79,79,79,82,69,60,60,82,0,0],"gold":498,"neow_bonus":"TEN_PERCENT_HP_BONUS","is_daily":false,"chose_seed":false,"campfire_upgraded":3,"win_rate":0.0,"timestamp":1608835379,"path_taken":["M","?","$","?","?","R","M","R","T","R","?","?","E","M","R","BOSS","M","?","?","?","M","E","R","M","T","?","M","M","E","?","R","BOSS"],"items_purchased_type":["Card"],"build_version":"2020-12-22","purchased_purges":1,"victory":false,"max_hp_per_floor":[82,82,82,82,82,82,82,82,82,82,82,82,82,82,82,82,82,82,82,82,82,82,82,82,82,82,82,82,82,82,82,82,82,82],"card_choices":[{"not_picked":["Undo","Hologram","Melter"],"picked":"SKIP","floor":1.0},{"not_picked":["Capacitor","Cold Snap"],"picked":"Scrape","floor":2.0},{"not_picked":["Defragment","Force Field"],"picked":"Leap","floor":7.0},{"not_picked":["Melter","Heatsinks"],"picked":"Go for the Eyes","floor":11.0},{"not_picked":["Consume","Doom and Gloom","Stack"],"picked":"SKIP","floor":13.0},{"not_picked":["Sweeping Beam","Defragment"],"picked":"Steam","floor":14.0},{"not_picked":["Ball Lightning+1","Hologram"],"picked":"Self Repair","floor":18},{"not_picked":["Coolheaded","Beam Cell"],"picked":"FTL","floor":20},{"not_picked":["Barrage","Streamline"],"picked":"FTL","floor":22},{"not_picked":["White Noise","Undo","Stack+1"],"picked":"SKIP","floor":23},{"not_picked":["Coolheaded","Hologram"],"picked":"Steam","floor":25},{"not_picked":["Consume","Recycle"],"picked":"Redo","floor":28},{"not_picked":["Stack","Barrage"],"picked":"Beam Cell+1","floor":29},{"not_picked":["Melter","Turbo"],"picked":"Core Surge","floor":30}],"player_experience":11955140,"relics_obtained":[{"floor":9.0,"key":"Regal Pillow"},{"floor":13.0,"key":"Toy Ornithopter"},{"floor":23,"key":"Darkstone Periapt"},{"floor":26,"key":"DataDisk"},{"floor":30,"key":"Orichalcum"}],"event_choices":[{"damage_healed":0.0,"max_hp_gain":0.0,"max_hp_loss":0.0,"gold_gain":0.0,"event_name":"Scrap Ooze","player_choice":"Success","floor":4.0,"gold_loss":0.0,"damage_taken":7.0,"relics_obtained":["Meat on the Bone"]},{"damage_healed":0.0,"max_hp_gain":0.0,"max_hp_loss":0.0,"gold_gain":0.0,"event_name":"WeMeetAgain","player_choice":"Gave Potion","floor":5.0,"gold_loss":0.0,"damage_taken":0.0,"relics_obtained":["Omamori"]},{"damage_healed":0.0,"max_hp_gain":0.0,"max_hp_loss":0.0,"gold_gain":0.0,"event_name":"Golden Idol","player_choice":"Take Damage","floor":12.0,"gold_loss":0.0,"damage_taken":20.0,"relics_obtained":["Golden Idol"]},{"damage_healed":0,"gold_gain":0,"cards_transformed":["Strike_B"],"player_choice":"Transformed","damage_taken":0,"max_hp_gain":0,"max_hp_loss":0,"event_name":"Transmorgrifier","floor":19,"gold_loss":0,"cards_obtained":["Go for the Eyes"]},{"cards_removed":["Strike_B"],"damage_healed":0,"gold_gain":0,"player_choice":"Elegance","damage_taken":0,"max_hp_gain":0,"max_hp_loss":0,"event_name":"Back to Basics","floor":21,"gold_loss":0},{"damage_healed":0,"gold_gain":0,"player_choice":"Ignored","damage_taken":0,"max_hp_gain":0,"max_hp_loss":0,"event_name":"Cursed Tome","floor":27,"gold_loss":0},{"damage_healed":0,"gold_gain":0,"player_choice":"Ignored","damage_taken":0,"max_hp_gain":0,"max_hp_loss":0,"event_name":"The Mausoleum","floor":31,"gold_loss":0}],"is_beta":false,"boss_relics":[{"not_picked":["Calling Bell","Runic Pyramid"],"picked":"SlaversCollar"}],"items_purged_floors":[3],"is_endless":false,"potions_floor_spawned":[1,2,7,20,22,29],"killed_by":"Collector","ascension_level":0}}