{"host":"qy1e0kd24tpj3i2m","time":1608776897,"event":{"mods":["Act Like it!","Alarm Clock","BaseMod","Better Skull","Better Vampires","Colored Map","Colored Powertips","Custom Start","Faster Ascension Climbing","Friendly Minions","GifTheSpireLib","Gremlin Skip","Highlight Path","Minty Spire (QoL Compilation)","Permanent Neow","Quick Restart","Red Circlet Mod","Relic Sorter","Reorder Act Four","SacredBarkPlus","Shop Mod","StSLib","SuperFastMode","Transform Curses","没有小屋子和绿帽子啦"],"gold_per_floor":[137,62,122,122,122,122,187,187,187,187,218,282,373,43,43,137,137,181,17,67,67,87,175,175,194,194,22,22,35,35,54,54,54,54],"floor_reached":33,"playtime":1206,"items_purged":["Bash"],"score":600,"play_id":"eaeea71d-8436-44be-a88b-653d26db3eae","local_time":"20201224112817","is_ascension_mode":true,"campfire_choices":[{"data":"HandOfGreed","floor":6.0,"key":"SMITH"},{"data":"Whirlwind","floor":8.0,"key":"SMITH"},{"data":"Bloodletting","floor":10.0,"key":"SMITH"},{"data":"Limit Break","floor":15.0,"key":"SMITH"},{"data":"Rage","floor":24.0,"key":"SMITH"},{"data":"Body Slam","floor":28.0,"key":"SMITH"},{"data":"Combust","floor":32,"key":"SMITH"}],"circlet_count":0,"master_deck":["AscendersBane","Strike_R","Strike_R","Strike_R","Strike_R","Defend_R","Defend_R","Defend_R","Defend_R","HandOfGreed+1","Thunderclap","Whirlwind+1","Limit Break+1","Bloodletting+1","Pommel Strike","Shrug It Off","Brutality","Pummel","Combust+1","Second Wind+1","Rage+1","Body Slam+1","Metallicize"],"relics":["Burning Blood","Bloody Idol","HornCleat","Champion Belt","Charon\u0027s Ashes","ClockworkSouvenir","Nunchaku","Mark of Pain","TheAbacus","Paper Frog","Bird Faced Urn","HandDrill"],"acts_visited":["Exordium","TheCity"],"potions_floor_usage":[33],"damage_taken":[{"damage":1.0,"enemies":"Cultist","floor":1.0,"turns":3.0},{"damage":3.0,"enemies":"2 Louse","floor":3.0,"turns":4.0},{"damage":6.0,"enemies":"Small Slimes","floor":7.0,"turns":3.0},{"damage":3.0,"enemies":"Gremlin Nob","floor":11.0,"turns":3.0},{"damage":0.0,"enemies":"Exordium Thugs","floor":12.0,"turns":3.0},{"damage":10.0,"enemies":"3 Sentries","floor":13.0,"turns":10.0},{"damage":41.0,"enemies":"Hexaghost","floor":16.0,"turns":8.0},{"damage":2.0,"enemies":"3 Byrds","floor":18.0,"turns":4.0},{"damage":23.0,"enemies":"2 Thieves","floor":20.0,"turns":5.0},{"damage":15.0,"enemies":"Chosen and Byrds","floor":22.0,"turns":4.0},{"damage":35.0,"enemies":"Slavers","floor":23.0,"turns":5.0},{"damage":5.0,"enemies":"Snecko","floor":25.0,"turns":5.0},{"damage":19.0,"enemies":"Snake Plant","floor":29.0,"turns":4.0},{"damage":11,"enemies":"Centurion and Healer","floor":31,"turns":3},{"damage":39,"enemies":"Champ","floor":33,"turns":7}],"seed_played":"7464371387581738155","potions_obtained":[{"floor":1.0,"key":"BloodPotion"},{"floor":3.0,"key":"Strength Potion"},{"floor":11.0,"key":"EssenceOfSteel"},{"floor":18.0,"key":"Regen Potion"},{"floor":23.0,"key":"Ancient Potion"},{"floor":31,"key":"SpeedPotion"}],"is_trial":false,"path_per_floor":["M","$","M","?","?","R","M","R","T","R","E","M","E","$","R","B",null,"M","$","M","?","M","E","R","M","T","$","R","M","?","M","R","B"],"character_chosen":"IRONCLAD","items_purchased":["ClockworkSouvenir","Nunchaku","TheAbacus","HandDrill"],"campfire_rested":0,"item_purchase_floors":[14,14,19,27],"current_hp_per_floor":[68,68,68,68,45,45,58,58,58,58,61,67,63,63,63,28,58,62,62,59,78,69,40,40,41,41,41,41,30,30,32,32,0,0],"gold":54,"neow_bonus":"RANDOM_COLORLESS_2","is_daily":false,"chose_seed":false,"campfire_upgraded":7,"win_rate":0.0,"timestamp":1608776897,"path_taken":["M","$","M","?","?","R","M","R","T","R","E","M","E","$","R","BOSS","M","$","M","?","M","E","R","M","T","?","R","M","?","M","R","BOSS"],"items_purchased_type":["Relic","Relic","Relic","Relic"],"build_version":"2020-12-22","purchased_purges":1,"victory":false,"max_hp_per_floor":[68,68,68,68,68,68,68,68,68,68,68,68,68,68,68,68,68,68,68,68,78,78,78,78,78,78,78,78,78,78,78,78,78,78],"card_choices":[{"not_picked":["Apotheosis","Secret Technique"],"picked":"HandOfGreed","floor":0.0},{"not_picked":["Clash","Warcry"],"picked":"Thunderclap","floor":1.0},{"not_picked":["Headbutt","Anger"],"picked":"Whirlwind","floor":3.0},{"not_picked":["Shockwave","Sentinel"],"picked":"Bloodletting","floor":7.0},{"not_picked":["Shockwave","Thunderclap"],"picked":"Pommel Strike","floor":11.0},{"not_picked":["Searing Blow","Spot Weakness"],"picked":"Shrug It Off","floor":12.0},{"not_picked":["Thunderclap","Anger"],"picked":"Brutality","floor":13.0},{"not_picked":["Brutality","Fiend Fire"],"picked":"Demon Form","floor":16.0},{"not_picked":["Clash","Power Through+1"],"picked":"Pummel","floor":18.0},{"not_picked":["Perfected Strike","Anger+1"],"picked":"Combust","floor":20.0},{"not_picked":["Perfected Strike","Infernal Blade"],"picked":"Second Wind+1","floor":22.0},{"not_picked":["Sever Soul","Pommel Strike"],"picked":"Rage","floor":23.0},{"not_picked":["Combust","Bloodletting"],"picked":"Body Slam","floor":25.0},{"not_picked":["Cleave","Havoc"],"picked":"Metallicize","floor":29.0},{"not_picked":["Corruption","Warcry","Bloodletting"],"picked":"SKIP","floor":31}],"player_experience":908092,"relics_obtained":[{"floor":9.0,"key":"HornCleat"},{"floor":11.0,"key":"Champion Belt"},{"floor":13.0,"key":"Charon\u0027s Ashes"},{"floor":23.0,"key":"Paper Frog"},{"floor":26.0,"key":"Bird Faced Urn"}],"event_choices":[{"damage_healed":0.0,"max_hp_gain":0.0,"max_hp_loss":0.0,"gold_gain":0.0,"cards_transformed":["Strike_R"],"event_name":"Living Wall","player_choice":"Change","floor":4.0,"gold_loss":0.0,"damage_taken":0.0,"cards_obtained":["Limit Break"]},{"damage_healed":0.0,"max_hp_gain":0.0,"max_hp_loss":0.0,"gold_gain":0.0,"event_name":"Golden Idol","player_choice":"Take Damage","floor":5.0,"gold_loss":0.0,"damage_taken":23.0,"relics_obtained":["Golden Idol"]},{"cards_removed":["Demon Form"],"damage_healed":9.0,"max_hp_gain":10.0,"max_hp_loss":0.0,"gold_gain":0.0,"event_name":"Bonfire Elementals","player_choice":"Offered Rare","floor":21.0,"gold_loss":0.0,"damage_taken":0.0},{"damage_healed":0.0,"max_hp_gain":0.0,"max_hp_loss":0.0,"gold_gain":0.0,"event_name":"Forgotten Altar","player_choice":"Gave Idol","floor":30.0,"relics_lost":["Golden Idol"],"gold_loss":0.0,"damage_taken":0.0,"relics_obtained":["Bloody Idol"]}],"is_beta":false,"boss_relics":[{"not_picked":["Calling Bell","Velvet Choker"],"picked":"Mark of Pain"}],"items_purged_floors":[2],"is_endless":false,"potions_floor_spawned":[1,3,11,18,23,31],"killed_by":"Champ","ascension_level":20}}