{"host":"2yqfi47fogfu1ic4","time":1608825959,"event":{"mods":["AchievementEnabler","BaseMod","Colored Map","Colored Powertips","Highlight Path","Minty Spire (QoL Compilation)","Permanent Neow","Relic Stats","StSLib"],"gold_per_floor":[18,36,48,63,78,97,71,86,86,86,102,116,116,142,142,142,142],"floor_reached":16,"playtime":1630,"items_purged":[],"score":220,"play_id":"8e29dd7a-c6af-4a02-bd3e-36fc311943d3","local_time":"20201224170559","is_ascension_mode":true,"campfire_choices":[{"data":"Adrenaline","floor":13,"key":"SMITH"},{"floor":15,"key":"REST"}],"circlet_count":0,"master_deck":["AscendersBane","Strike_G","Strike_G","Strike_G","Strike_G","Defend_G","Defend_G","Defend_G","Defend_G","Defend_G","Survivor","Neutralize","Poisoned Stab","PiercingWail","Bane","Crippling Poison","Bouncing Flask","Well Laid Plans","Adrenaline+1","Deflect","Poisoned Stab"],"relics":["Ring of the Snake","WingedGreaves","Bottled Tornado","The Specimen"],"acts_visited":["Exordium"],"potions_floor_usage":[4,6,8,14],"damage_taken":[{"damage":2,"enemies":"Cultist","floor":1,"turns":5},{"damage":3,"enemies":"2 Louse","floor":2,"turns":2},{"damage":0,"enemies":"Small Slimes","floor":3,"turns":4},{"damage":3,"enemies":"Red Slaver","floor":4,"turns":4},{"damage":1,"enemies":"Blue Slaver","floor":5,"turns":5},{"damage":0,"enemies":"Lots of Slimes","floor":6,"turns":4},{"damage":7,"enemies":"Exordium Thugs","floor":7,"turns":4},{"damage":10,"enemies":"Gremlin Gang","floor":8,"turns":5},{"damage":0,"enemies":"3 Louse","floor":11,"turns":4},{"damage":7,"enemies":"2 Fungi Beasts","floor":12,"turns":3},{"damage":18,"enemies":"3 Sentries","floor":14,"turns":10},{"damage":50,"enemies":"Slime Boss","floor":16,"turns":9}],"seed_played":"-4267618300801518338","potions_obtained":[{"floor":2,"key":"Energy Potion"},{"floor":3,"key":"SneckoOil"},{"floor":4,"key":"Ancient Potion"},{"floor":6,"key":"Regen Potion"},{"floor":12,"key":"LiquidMemories"}],"is_trial":false,"path_per_floor":["M","M","M","M","M","M","M","M","T","?","M","M","R","E","R","B"],"character_chosen":"THE_SILENT","items_purchased":[],"campfire_rested":1,"item_purchase_floors":[],"current_hp_per_floor":[57,54,54,51,50,50,43,47,47,47,47,40,40,22,41,0,0],"gold":142,"neow_bonus":"ONE_RARE_RELIC","is_daily":false,"chose_seed":false,"campfire_upgraded":1,"win_rate":0.0,"timestamp":1608825959,"path_taken":["M","M","M","M","M","M","M","?","T","?","?","M","R","E","R","BOSS"],"items_purchased_type":[],"build_version":"2020-12-22","purchased_purges":0,"victory":false,"max_hp_per_floor":[66,66,66,66,66,66,66,66,66,66,66,66,66,66,66,66,66],"relic_stats":{"counters":[12,59],"obtain_stats":[{"The Specimen":14,"WingedGreaves":0,"Bottled Tornado":9,"Ring of the Snake":0},{"The Specimen":11,"WingedGreaves":0,"Bottled Tornado":8,"Ring of the Snake":0},{"The Specimen":50,"WingedGreaves":0,"Bottled Tornado":33,"Ring of the Snake":0}],"Ring of the Snake":[24]},"card_choices":[{"not_picked":["Quick Slash","Reflex"],"picked":"Poisoned Stab","floor":1},{"not_picked":["Calculated Gamble","Underhanded Strike"],"picked":"PiercingWail","floor":2},{"not_picked":["Cloak And Dagger","Underhanded Strike"],"picked":"Bane","floor":3},{"not_picked":["Flying Knee","Dodge and Roll"],"picked":"Crippling Poison","floor":4},{"not_picked":["Setup","A Thousand Cuts"],"picked":"Bouncing Flask","floor":5},{"not_picked":["Flying Knee","Deadly Poison"],"picked":"Well Laid Plans","floor":6},{"not_picked":["Prepared","Expertise","Quick Slash"],"picked":"SKIP","floor":7},{"not_picked":["Quick Slash","Flechettes","Distraction"],"picked":"SKIP","floor":8},{"not_picked":["Dodge and Roll","Reflex"],"picked":"Deflect","floor":11},{"not_picked":["Cloak And Dagger","Finisher","Underhanded Strike"],"picked":"SKIP","floor":12},{"not_picked":["Dodge and Roll","Calculated Gamble"],"picked":"Poisoned Stab","floor":14}],"player_experience":1813156,"relics_obtained":[{"floor":9,"key":"Bottled Tornado"},{"floor":14,"key":"The Specimen"}],"event_choices":[{"damage_healed":0,"gold_gain":0,"cards_transformed":["Strike_G"],"player_choice":"Transformed","damage_taken":0,"max_hp_gain":0,"max_hp_loss":0,"event_name":"Transmorgrifier","floor":10,"gold_loss":0,"cards_obtained":["Adrenaline"]}],"is_beta":false,"boss_relics":[],"items_purged_floors":[],"is_endless":false,"potions_floor_spawned":[2,3,4,6,12],"killed_by":"Slime Boss","ascension_level":20}}