{"host":"6pgtslebjnyv5xmi","time":1608827192,"event":{"mods":["AchievementEnabler","BaseMod","Colored Map","Minty Spire (QoL Compilation)","Rare Cards Sparkle","StSLib","SuperFastMode","The Dragon Tamer","everything is the same but u backflip on backflip"],"gold_per_floor":[110,80,94,109,119,119,9,9,9,9,29,57,23,62,62,171,171,190,200,380,407,16,16,50,50,50,22,22,22,57,84,96,205,217,257,288,328,367,379,379],"floor_reached":39,"playtime":1985,"items_purged":["Strike_R","Strike_R"],"score":587,"play_id":"52f6150d-73f5-4b15-92d8-3a6d82b9a9fc","local_time":"20201225012632","is_ascension_mode":true,"campfire_choices":[{"data":"Searing Blow","floor":6.0,"key":"SMITH"},{"data":"Searing Blow+1","floor":8.0,"key":"SMITH"},{"data":"Searing Blow+2","floor":10.0,"key":"SMITH"},{"data":"Searing Blow+3","floor":15.0,"key":"SMITH"},{"data":"Searing Blow+4","floor":23.0,"key":"SMITH"},{"floor":32.0,"key":"REST"}],"circlet_count":0,"master_deck":["Strike_R","Defend_R","Defend_R","Defend_R","Defend_R","Bash","Searing Blow+5","Twin Strike","Flex","Thunderclap","Inflame","Flex","Battle Trance","Headbutt","Demon Form","Intimidate+1","Ghostly Armor","Headbutt+1","Battle Trance+1","Thunderclap+1","Limit Break","Good Instincts","Bash"],"relics":["Burning Blood","FossilizedHelix","Mummified Hand","Odd Mushroom","CeramicFish","Empty Cage","Ice Cream","Peace Pipe","Pear","Red Skull","Bottled Lightning","MawBank","Mark of Pain"],"acts_visited":["Exordium","TheCity","TheBeyond"],"potions_floor_usage":[39],"damage_taken":[{"damage":0.0,"enemies":"Jaw Worm","floor":1.0,"turns":3.0},{"damage":5.0,"enemies":"Cultist","floor":3.0,"turns":4.0},{"damage":0.0,"enemies":"2 Louse","floor":4.0,"turns":2.0},{"damage":6.0,"enemies":"Exordium Wildlife","floor":5.0,"turns":4.0},{"damage":0.0,"enemies":"Red Slaver","floor":11.0,"turns":2.0},{"damage":6.0,"enemies":"The Mushroom Lair","floor":12.0,"turns":2.0},{"damage":15.0,"enemies":"3 Sentries","floor":14.0,"turns":5.0},{"damage":20.0,"enemies":"Slime Boss","floor":16.0,"turns":6.0},{"damage":6.0,"enemies":"Chosen","floor":18.0,"turns":4.0},{"damage":0.0,"enemies":"Spheric Guardian","floor":19.0,"turns":3.0},{"damage":35.0,"enemies":"3 Cultists","floor":21.0,"turns":5.0},{"damage":34.0,"enemies":"Book of Stabbing","floor":24.0,"turns":4.0},{"damage":10.0,"enemies":"Gremlin Leader","floor":30.0,"turns":5.0},{"damage":19.0,"enemies":"Snake Plant","floor":31.0,"turns":4.0},{"damage":60.0,"enemies":"Collector","floor":33.0,"turns":7.0},{"damage":25.0,"enemies":"3 Darklings","floor":35.0,"turns":5.0},{"damage":4.0,"enemies":"Orb Walker","floor":36.0,"turns":3.0},{"damage":48.0,"enemies":"Spire Growth","floor":37.0,"turns":5.0},{"damage":18,"enemies":"Writhing Mass","floor":39,"turns":3}],"seed_played":"69832811006168848","potions_obtained":[{"floor":1.0,"key":"Energy Potion"},{"floor":2.0,"key":"GamblersBrew"},{"floor":2.0,"key":"LiquidMemories"},{"floor":12.0,"key":"BloodPotion"},{"floor":21.0,"key":"Swift Potion"},{"floor":24.0,"key":"LiquidMemories"},{"floor":31.0,"key":"FairyPotion"},{"floor":37.0,"key":"Dexterity Potion"}],"is_trial":false,"path_per_floor":["M","?","M","M","M","R","$","R","T","R","M","?","$","E","R","B",null,"M","M","?","M","$","R","E","?","T","$","?","T","E","M","R","B",null,"M","M","M","?","M"],"character_chosen":"IRONCLAD","items_purchased":["Inflame","Battle Trance","Ice Cream","Ghostly Armor"],"campfire_rested":1,"item_purchase_floors":[7,13,22,27],"current_hp_per_floor":[57,57,58,64,64,64,64,64,64,64,70,70,70,61,61,47,72,72,78,59,30,30,30,18,28,28,28,28,28,24,11,38,33,76,57,59,17,17,0,0],"gold":379,"neow_bonus":"ONE_RARE_RELIC","is_daily":false,"chose_seed":false,"campfire_upgraded":5,"win_rate":0.0,"timestamp":1608827192,"path_taken":["M","?","M","?","M","R","$","R","T","R","M","?","?","E","R","BOSS","M","M","?","?","$","R","E","?","T","$","?","?","E","?","R","BOSS","M","M","M","?","?"],"items_purchased_type":["Card","Card","Relic","Card"],"build_version":"2020-12-22","purchased_purges":2,"victory":false,"max_hp_per_floor":[80,80,80,80,80,80,80,80,80,80,80,80,80,80,80,80,80,80,80,80,80,80,80,80,90,90,90,90,90,90,90,90,90,90,90,90,90,90,90,90],"card_choices":[{"not_picked":["Wild Strike","Shrug It Off"],"picked":"Searing Blow","floor":1.0},{"not_picked":["Rupture","Havoc"],"picked":"Twin Strike","floor":3.0},{"not_picked":["True Grit","Anger"],"picked":"Flex","floor":4.0},{"not_picked":["Rupture","Wild Strike"],"picked":"Thunderclap","floor":5.0},{"not_picked":["Rampage","Heavy Blade","Wild Strike"],"picked":"SKIP","floor":11.0},{"not_picked":["Body Slam","Clothesline"],"picked":"Flex","floor":12.0},{"not_picked":["Heavy Blade","Fire Breathing"],"picked":"Headbutt","floor":14.0},{"not_picked":["Brutality","Feed"],"picked":"Demon Form","floor":16.0},{"not_picked":["Shrug It Off","Anger","Havoc+1"],"picked":"SKIP","floor":18.0},{"not_picked":["Flex","Disarm","True Grit"],"picked":"SKIP","floor":19.0},{"not_picked":["Metallicize","Anger"],"picked":"Intimidate+1","floor":21.0},{"not_picked":["Anger","Iron Wave","Flex"],"picked":"SKIP","floor":24.0},{"not_picked":["Carnage","Bloodletting","Blood for Blood"],"picked":"SKIP","floor":30.0},{"not_picked":["Body Slam+1","Rupture+1","Metallicize"],"picked":"SKIP","floor":31.0},{"not_picked":["Cleave","Iron Wave+1"],"picked":"Headbutt+1","floor":35.0},{"not_picked":["Flex","Anger"],"picked":"Battle Trance+1","floor":36.0},{"not_picked":["Rampage","Rupture"],"picked":"Thunderclap+1","floor":37.0}],"player_experience":466800,"relics_obtained":[{"floor":9.0,"key":"Mummified Hand"},{"floor":12.0,"key":"Odd Mushroom"},{"floor":14.0,"key":"CeramicFish"},{"floor":24.0,"key":"Peace Pipe"},{"floor":26.0,"key":"Red Skull"},{"floor":29.0,"key":"Bottled Lightning"},{"floor":30.0,"key":"MawBank"}],"event_choices":[{"damage_healed":0.0,"max_hp_gain":0.0,"max_hp_loss":0.0,"gold_gain":0.0,"event_name":"The Woman in Blue","player_choice":"Bought 2 Potions","floor":2.0,"gold_loss":0.0,"damage_taken":0.0},{"damage_healed":0.0,"max_hp_gain":0.0,"max_hp_loss":0.0,"gold_gain":0.0,"event_name":"Mushrooms","player_choice":"Fought Mushrooms","floor":12.0,"gold_loss":0.0,"damage_taken":0.0},{"damage_healed":0.0,"max_hp_gain":0.0,"max_hp_loss":0.0,"gold_gain":180.0,"event_name":"Knowing Skull","player_choice":"GOLD GOLD ","floor":20.0,"potions_obtained":[],"gold_loss":0.0,"damage_taken":19.0,"cards_obtained":[]},{"damage_healed":0.0,"max_hp_gain":0.0,"max_hp_loss":0.0,"gold_gain":0.0,"event_name":"The Mausoleum","player_choice":"Opened","floor":25.0,"gold_loss":0.0,"damage_taken":0.0,"relics_obtained":["Pear"]},{"damage_healed":0.0,"max_hp_gain":0.0,"max_hp_loss":0.0,"gold_gain":0.0,"event_name":"Match and Keep!","player_choice":"3 cards matched","floor":38.0,"gold_loss":0.0,"damage_taken":0.0,"cards_obtained":["Limit Break","Good Instincts","Bash"]}],"is_beta":false,"boss_relics":[{"not_picked":["Coffee Dripper","Runic Cube"],"picked":"Empty Cage"},{"not_picked":["Sozu","Pandora\u0027s Box"],"picked":"Mark of Pain"}],"items_purged_floors":[7,22],"is_endless":false,"potions_floor_spawned":[1,12,21,24,31,37],"killed_by":"Writhing Mass","ascension_level":8}}