{"host":"porgtwlvhh3hs75v","time":1608784509,"event":{"mods":["ATMod(°¢èªMod)","Act Like it!","BaseMod","GifTheSpireLib","Minty Spire (QoL Compilation)","StSLib"],"gold_per_floor":[110,110,110,110,127,127,156,175,175,175,191,191,116,128,128,128,128],"floor_reached":16,"playtime":454,"items_purged":["Defend_P"],"score":200,"play_id":"b0c248a0-8d93-43ad-b8a7-26ff1e7c782a","local_time":"20201224123509","is_ascension_mode":true,"campfire_choices":[{"data":"Eruption","floor":6.0,"key":"SMITH"},{"data":"ForeignInfluence","floor":10.0,"key":"SMITH"},{"data":"CrushJoints","floor":15.0,"key":"SMITH"}],"circlet_count":0,"master_deck":["AscendersBane","Strike_P","Strike_P+1","Strike_P","Strike_P","Defend_P","Defend_P","Defend_P+1","Eruption+1","Vigilance","AT_ShadowStep","ForeignInfluence+1","MasterReality","MentalFortress","CrushJoints+1"],"relics":["PureWater","AT_ATBox","Bag of Marbles","FossilizedHelix"],"acts_visited":["Exordium"],"potions_floor_usage":[],"damage_taken":[{"damage":0.0,"enemies":"2 Louse","floor":1.0,"turns":3.0},{"damage":0.0,"enemies":"Small Slimes","floor":5.0,"turns":1.0},{"damage":26.0,"enemies":"3 Sentries","floor":7.0,"turns":9.0},{"damage":0.0,"enemies":"Cultist","floor":8.0,"turns":2.0},{"damage":0.0,"enemies":"Lots of Slimes","floor":11.0,"turns":6.0},{"damage":0.0,"enemies":"Exordium Wildlife","floor":14.0,"turns":2.0},{"damage":12,"enemies":"Hexaghost","floor":16,"turns":5}],"seed_played":"5272701562611524134","potions_obtained":[{"floor":5.0,"key":"SteroidPotion"},{"floor":8.0,"key":"Explosive Potion"}],"is_trial":false,"path_per_floor":["M","?","?","?","M","R","E","M","T","R","M","?","$","M","R","B"],"character_chosen":"WATCHER","items_purchased":[],"campfire_rested":0,"item_purchase_floors":[],"current_hp_per_floor":[61,66,44,44,44,44,18,18,18,18,18,18,18,18,18,6,6],"gold":128,"neow_bonus":"RANDOM_COMMON_RELIC","is_daily":false,"chose_seed":false,"campfire_upgraded":3,"win_rate":0.0,"timestamp":1608784509,"path_taken":["M","?","?","?","M","R","E","M","T","R","M","?","$","M","R","BOSS"],"items_purchased_type":[],"build_version":"2020-12-22","purchased_purges":1,"victory":false,"max_hp_per_floor":[68,73,73,73,73,73,73,73,73,73,73,73,73,73,73,73,73],"card_choices":[{"not_picked":["Consecrate","EmptyMind","ClearTheMind"],"picked":"SKIP","floor":1.0},{"not_picked":["Consecrate","EmptyMind","ClearTheMind"],"picked":"SKIP","floor":1.0},{"not_picked":["EmptyFist","ThirdEye"],"picked":"ForeignInfluence","floor":5.0},{"not_picked":["WaveOfTheHand","Indignation"],"picked":"MasterReality","floor":7.0},{"not_picked":["FlyingSleeves","EmptyMind"],"picked":"MentalFortress","floor":8.0},{"not_picked":["PathToVictory","Worship"],"picked":"CrushJoints","floor":11.0},{"not_picked":["Perseverance","Prostrate","ThirdEye"],"picked":"SKIP","floor":14.0}],"player_experience":488938,"relics_obtained":[{"floor":7.0,"key":"FossilizedHelix"}],"event_choices":[{"damage_healed":0.0,"max_hp_gain":5.0,"max_hp_loss":0.0,"gold_gain":0.0,"event_name":"Big Fish","player_choice":"Donut","floor":2.0,"gold_loss":0.0,"damage_taken":0.0},{"damage_healed":0.0,"max_hp_gain":0.0,"max_hp_loss":0.0,"gold_gain":0.0,"event_name":"Shining Light","player_choice":"Entered Light","floor":3.0,"gold_loss":0.0,"damage_taken":22.0,"cards_upgraded":["Strike_P","Defend_P"]},{"damage_healed":0.0,"max_hp_gain":0.0,"max_hp_loss":0.0,"gold_gain":0.0,"event_name":"Liars Game","player_choice":"Ignored","floor":4.0,"gold_loss":0.0,"damage_taken":0.0},{"damage_healed":0.0,"max_hp_gain":0.0,"max_hp_loss":0.0,"gold_gain":0.0,"event_name":"Scrap Ooze","player_choice":"Fled","floor":12.0,"gold_loss":0.0,"damage_taken":0.0}],"is_beta":false,"boss_relics":[],"items_purged_floors":[13],"is_endless":false,"potions_floor_spawned":[5,8],"killed_by":"Hexaghost","ascension_level":20}}