{"host":"hd496gdorkfoob6n","time":1608846936,"event":{"mods":["2.2 Compatiblity","BaseMod","Colored Map","Downfall","Minty Spire (QoL Compilation)","StSLib"],"gold_per_floor":[112,62,78,3,15,43,53,82,82,82,82,96,109,409,409,506,506,526,526,542,542,542],"floor_reached":21,"playtime":2149,"items_purged":["Strike_P"],"score":191,"play_id":"1f1381ea-e006-4e33-b107-f08e4e8c05e1","local_time":"20201224165536","is_ascension_mode":false,"campfire_choices":[{"data":"ReachHeaven","floor":11.0,"key":"SMITH"},{"data":"ClearTheMind","floor":15.0,"key":"SMITH"}],"circlet_count":0,"master_deck":["Strike_P","Strike_P","Strike_P","Defend_P","Defend_P+1","Defend_P","Eruption+1","Vigilance","JustLucky","EmptyFist","ReachHeaven+1","ClearTheMind+1","InnerPeace","Protect","Sanctity","DeusExMachina+1","CurseOfTheBell","FollowUp","ReachHeaven"],"relics":["PureWater","PreservedInsect","Damaru","Bottled Lightning","Old Coin","Calling Bell","War Paint","Matryoshka","Du-Vu Doll"],"acts_visited":["Exordium","TheCity"],"potions_floor_usage":[],"damage_taken":[{"damage":0.0,"enemies":"Small Slimes","floor":1.0,"turns":2.0},{"damage":0.0,"enemies":"2 Louse","floor":3.0,"turns":2.0},{"damage":0.0,"enemies":"Cultist","floor":5.0,"turns":3.0},{"damage":4.0,"enemies":"Gremlin Nob","floor":6.0,"turns":3.0},{"damage":6.0,"enemies":"Exordium Thugs","floor":7.0,"turns":3.0},{"damage":23.0,"enemies":"Lagavulin","floor":8.0,"turns":4.0},{"damage":5.0,"enemies":"2 Fungi Beasts","floor":12.0,"turns":3.0},{"damage":7.0,"enemies":"Blue Slaver","floor":13.0,"turns":2.0},{"damage":31.0,"enemies":"The Guardian","floor":16.0,"turns":10.0},{"damage":15,"enemies":"Spheric Guardian","floor":18,"turns":4},{"damage":0,"enemies":"Shell Parasite","floor":20,"turns":3},{"damage":50,"enemies":"Centurion and Healer","floor":21,"turns":6}],"seed_played":"-6737089530633137713","potions_obtained":[{"floor":5.0,"key":"EssenceOfSteel"},{"floor":7.0,"key":"ColorlessPotion"},{"floor":12.0,"key":"Strength Potion"}],"is_trial":false,"path_per_floor":["M","?","M","$","M","E","M","E","T","?","R","M","M","T","R","B",null,"M","?","M","M"],"character_chosen":"WATCHER","items_purchased":[],"campfire_rested":0,"item_purchase_floors":[],"current_hp_per_floor":[79,79,79,79,79,75,69,46,46,46,46,41,34,34,34,3,79,64,49,49,0,0],"gold":542,"neow_bonus":"TEN_PERCENT_HP_BONUS","is_daily":false,"chose_seed":false,"campfire_upgraded":2,"win_rate":0.0,"timestamp":1608846936,"path_taken":["M","?","M","$","M","E","M","E","T","?","R","M","?","?","R","BOSS","M","?","M","M"],"items_purchased_type":[],"build_version":"2020-12-13","purchased_purges":1,"victory":false,"max_hp_per_floor":[79,79,79,79,79,79,79,79,79,79,79,79,79,79,79,79,79,79,84,84,84,84],"card_choices":[{"not_picked":["CutThroughFate","ThirdEye"],"picked":"JustLucky","floor":1.0},{"not_picked":["Conclude","ClearTheMind"],"picked":"EmptyFist","floor":3.0},{"not_picked":["WreathOfFlame","CrushJoints"],"picked":"ReachHeaven","floor":5.0},{"not_picked":["Consecrate","BowlingBash"],"picked":"ClearTheMind","floor":6.0},{"not_picked":["Conclude","WaveOfTheHand"],"picked":"InnerPeace","floor":7.0},{"not_picked":["BowlingBash","ConjureBlade","Swivel"],"picked":"SKIP","floor":8.0},{"not_picked":["JustLucky","FlyingSleeves"],"picked":"Protect","floor":12.0},{"not_picked":["BowlingBash","Perseverance"],"picked":"Sanctity","floor":13.0},{"not_picked":["Vault","Ragnarok"],"picked":"DeusExMachina","floor":16.0},{"not_picked":["Adaptation","FlurryOfBlows"],"picked":"FollowUp","floor":18},{"not_picked":["JustLucky","Protect"],"picked":"ReachHeaven","floor":20}],"player_experience":86012,"relics_obtained":[{"floor":6.0,"key":"PreservedInsect"},{"floor":8.0,"key":"Damaru"},{"floor":9.0,"key":"Bottled Lightning"},{"floor":14.0,"key":"Old Coin"},{"floor":17.0,"key":"War Paint"},{"floor":17.0,"key":"Matryoshka"},{"floor":17.0,"key":"Du-Vu Doll"}],"event_choices":[{"cards_removed":["Defend_P"],"damage_healed":0.0,"max_hp_gain":0.0,"max_hp_loss":0.0,"gold_gain":0.0,"event_name":"The Cleric","player_choice":"Card Removal","floor":2.0,"gold_loss":50.0,"damage_taken":0.0},{"damage_healed":0.0,"max_hp_gain":0.0,"max_hp_loss":0.0,"gold_gain":0.0,"event_name":"Upgrade Shrine","player_choice":"Upgraded","floor":10.0,"gold_loss":0.0,"damage_taken":0.0,"cards_upgraded":["Eruption"]},{"damage_healed":0,"gold_gain":0,"player_choice":"Shed Blood","damage_taken":20,"max_hp_gain":5,"max_hp_loss":0,"event_name":"Forgotten Altar","floor":19,"gold_loss":0}],"is_beta":false,"boss_relics":[{"not_picked":["Runic Dome","Runic Pyramid"],"picked":"Calling Bell"}],"items_purged_floors":[4],"is_endless":false,"potions_floor_spawned":[5,7,12],"killed_by":"Centurion and Healer","ascension_level":0}}