{"host":"m6aaltr68g9tvoay","time":1608777474,"event":{"mods":["AchievementEnabler","BaseMod","Colored Map","Minty Spire (QoL Compilation)","StSLib"],"gold_per_floor":[109,13,23,23,54,66,121,133,145,157,37,77,77,77,77,157,157,183,69,68,77,77,77],"floor_reached":22,"playtime":681,"items_purged":[],"score":371,"play_id":"dcda3b41-e865-4547-8c0d-a910a3e7c8a3","local_time":"20201223183754","is_ascension_mode":true,"campfire_choices":[{"data":"Loop","floor":6,"key":"SMITH"},{"floor":8,"key":"REST"},{"data":"Defragment","floor":10,"key":"SMITH"},{"floor":15,"key":"REST"}],"circlet_count":0,"master_deck":["AscendersBane","Strike_B","Strike_B","Strike_B","Defend_B","Defend_B","Defend_B","Defend_B","Zap","Dualcast","Capacitor","Ball Lightning","Loop+1","Ball Lightning","Self Repair","Defragment+1","Fission","Leap","Thunder Strike","Rebound","Conserve Battery","Scrape"],"relics":["Cracked Core","Toy Ornithopter","MawBank","CeramicFish","Regal Pillow","Nunchaku","Meat on the Bone","SacredBark","Eternal Feather"],"acts_visited":["Exordium","TheCity"],"potions_floor_usage":[7,12,12],"damage_taken":[{"damage":7,"enemies":"Cultist","floor":1,"turns":4},{"damage":7,"enemies":"Jaw Worm","floor":3,"turns":3},{"damage":0,"enemies":"Small Slimes","floor":5,"turns":2},{"damage":25,"enemies":"Lagavulin","floor":7,"turns":6},{"damage":43,"enemies":"3 Sentries","floor":12,"turns":7},{"damage":38,"enemies":"Slime Boss","floor":16,"turns":7},{"damage":32,"enemies":"Spheric Guardian","floor":18,"turns":5},{"damage":34,"enemies":"2 Thieves","floor":20,"turns":4},{"damage":18,"enemies":"Snake Plant","floor":22,"turns":3}],"seed_played":"4677881055094997360","potions_obtained":[{"floor":3,"key":"GamblersBrew"},{"floor":5,"key":"Ancient Potion"},{"floor":7,"key":"FearPotion"},{"floor":12,"key":"Fruit Juice"},{"floor":18,"key":"SteroidPotion"}],"is_trial":false,"path_per_floor":["M","$","M","T","M","R","E","R","T","R","$","E","?","?","R","B",null,"M","?","M","?","M"],"character_chosen":"DEFECT","items_purchased":["Ball Lightning","Loop","Fission","Block Potion"],"campfire_rested":2,"item_purchase_floors":[2,2,11,11],"current_hp_per_floor":[57,57,50,50,50,50,37,58,58,58,58,37,11,11,48,29,64,51,51,36,36,18,18],"gold":77,"neow_bonus":"RANDOM_COMMON_RELIC","is_daily":false,"chose_seed":false,"campfire_upgraded":2,"win_rate":0.0,"timestamp":1608777474,"path_taken":["M","?","M","?","M","R","E","R","T","R","$","E","?","?","R","BOSS","M","?","?","?","M"],"items_purchased_type":["Card","Card","Card","Potion"],"build_version":"2020-12-22","purchased_purges":0,"victory":false,"max_hp_per_floor":[71,71,71,71,71,71,71,71,71,71,71,76,76,76,76,76,76,76,76,76,76,76,76],"card_choices":[{"not_picked":["Leap","Go for the Eyes"],"picked":"Capacitor","floor":1},{"not_picked":["Steam","Sweeping Beam"],"picked":"Ball Lightning","floor":3},{"not_picked":["FTL","Beam Cell"],"picked":"Self Repair","floor":5},{"not_picked":["Coolheaded","Heatsinks"],"picked":"Defragment","floor":7},{"not_picked":["Rebound","Redo"],"picked":"Leap","floor":12},{"not_picked":["Meteor Strike","Core Surge"],"picked":"Thunder Strike","floor":16},{"not_picked":["Redo","Go for the Eyes"],"picked":"Rebound","floor":18},{"not_picked":["Redo","Coolheaded"],"picked":"Conserve Battery","floor":20}],"player_experience":1303578,"relics_obtained":[{"floor":4,"key":"MawBank"},{"floor":7,"key":"CeramicFish"},{"floor":9,"key":"Regal Pillow"},{"floor":12,"key":"Nunchaku"}],"event_choices":[{"damage_healed":0,"gold_gain":0,"player_choice":"Success","damage_taken":26,"relics_obtained":["Meat on the Bone"],"max_hp_gain":0,"max_hp_loss":0,"event_name":"Scrap Ooze","floor":13,"gold_loss":0},{"damage_healed":0,"gold_gain":0,"player_choice":"Ignored","damage_taken":0,"max_hp_gain":0,"max_hp_loss":0,"event_name":"Golden Wing","floor":14,"gold_loss":0},{"damage_healed":0,"gold_gain":0,"player_choice":"Paid Gold","damage_taken":0,"relics_obtained":["Eternal Feather"],"max_hp_gain":0,"max_hp_loss":0,"event_name":"WeMeetAgain","floor":19,"gold_loss":114},{"damage_healed":0,"gold_gain":0,"cards_transformed":["Strike_B"],"player_choice":"Transformed","damage_taken":0,"max_hp_gain":0,"max_hp_loss":0,"event_name":"Transmorgrifier","floor":21,"gold_loss":0,"cards_obtained":["Scrape"]}],"is_beta":false,"boss_relics":[{"not_picked":["Empty Cage","Black Star"],"picked":"SacredBark"}],"items_purged_floors":[],"is_endless":false,"potions_floor_spawned":[3,5,7,12,18],"killed_by":"Snake Plant","ascension_level":19}}