{"host":"873t0y8ybyo38pfq","time":1608822936,"event":{"mods":["BaseMod","Colored Map","Highlight Path","Minty Spire (QoL Compilation)","Rare Cards Sparkle","StSLib"],"gold_per_floor":[113,113,128,142,36,36,36,76,76,110,110,129,193,208,208,301,301,301,315,315,315,315],"floor_reached":21,"playtime":511,"items_purged":[],"score":378,"play_id":"1f4da6eb-a85f-4aff-a654-c72ec9fb4c53","local_time":"20201224101536","is_ascension_mode":true,"campfire_choices":[{"data":"Glass Knife","floor":6,"key":"SMITH"},{"floor":15,"key":"REST"}],"circlet_count":0,"master_deck":["AscendersBane","Strike_G","Strike_G","Strike_G","Strike_G","Strike_G","Defend_G","Defend_G","Defend_G","Defend_G","Defend_G","Survivor","Neutralize","Glass Knife+1","PiercingWail","Predator","Backflip","Flying Knee","Deadly Poison","Corpse Explosion","Dash"],"relics":["Ring of the Snake","Golden Idol","Eternal Feather","Mummified Hand","Matryoshka","Sozu"],"acts_visited":["Exordium","TheCity"],"potions_floor_usage":[8,14,16,18],"damage_taken":[{"damage":0,"enemies":"Cultist","floor":1,"turns":3},{"damage":1,"enemies":"Small Slimes","floor":3,"turns":3},{"damage":0,"enemies":"2 Louse","floor":4,"turns":2},{"damage":22,"enemies":"Gremlin Nob","floor":8,"turns":4},{"damage":26,"enemies":"3 Sentries","floor":10,"turns":8},{"damage":4,"enemies":"Blue Slaver","floor":12,"turns":3},{"damage":0,"enemies":"Exordium Wildlife","floor":14,"turns":3},{"damage":27,"enemies":"The Guardian","floor":16,"turns":13},{"damage":6,"enemies":"Spheric Guardian","floor":18,"turns":3},{"damage":10,"enemies":"Chosen","floor":19,"turns":5},{"damage":30,"enemies":"Snake Plant","floor":21,"turns":3}],"seed_played":"-7384929706237976128","potions_obtained":[{"floor":1,"key":"BlessingOfTheForge"},{"floor":10,"key":"Energy Potion"},{"floor":12,"key":"Fire Potion"},{"floor":16,"key":"SmokeBomb"}],"is_trial":false,"path_per_floor":["M","?","M","M","$","R","?","E","T","E","?","M","?","M","R","B",null,"M","M","?","M"],"character_chosen":"THE_SILENT","items_purchased":["Predator","Backflip"],"campfire_rested":1,"item_purchase_floors":[5,5],"current_hp_per_floor":[59,54,53,53,53,53,53,31,31,5,5,1,1,1,29,2,41,35,25,30,0,0],"gold":315,"neow_bonus":"THREE_RARE_CARDS","is_daily":false,"chose_seed":false,"campfire_upgraded":1,"win_rate":0.0,"timestamp":1608822936,"path_taken":["M","?","M","M","$","R","?","E","T","E","?","M","?","?","R","BOSS","M","M","?","?"],"items_purchased_type":["Card","Card"],"build_version":"2020-12-22","purchased_purges":0,"victory":false,"max_hp_per_floor":[60,54,54,54,54,54,54,54,54,54,54,54,54,54,54,54,54,54,54,54,54,54],"card_choices":[{"not_picked":["Tools of the Trade","Wraith Form v2"],"picked":"Glass Knife","floor":0},{"not_picked":["Catalyst","Dodge and Roll"],"picked":"Blade Dance","floor":1},{"not_picked":["Acrobatics","Deadly Poison"],"picked":"PiercingWail","floor":3},{"not_picked":["Bane","Expertise","Cloak And Dagger"],"picked":"SKIP","floor":4},{"not_picked":["Distraction","Masterful Stab","Bane"],"picked":"SKIP","floor":8},{"not_picked":["Accuracy","Night Terror"],"picked":"Flying Knee","floor":10},{"not_picked":["Quick Slash","Sucker Punch"],"picked":"Deadly Poison","floor":12},{"not_picked":["Sucker Punch","Deadly Poison","Reflex"],"picked":"SKIP","floor":14},{"not_picked":["A Thousand Cuts","Adrenaline"],"picked":"Corpse Explosion","floor":16},{"not_picked":["Distraction","Dagger Throw"],"picked":"Dash","floor":19}],"player_experience":1343414,"relics_obtained":[{"floor":8,"key":"Eternal Feather"},{"floor":9,"key":"Mummified Hand"},{"floor":10,"key":"Matryoshka"}],"event_choices":[{"damage_healed":0,"gold_gain":0,"player_choice":"Lose Max HP","damage_taken":0,"relics_obtained":["Golden Idol"],"max_hp_gain":0,"max_hp_loss":6,"event_name":"Golden Idol","floor":2,"gold_loss":0},{"damage_healed":0,"gold_gain":0,"player_choice":"Leave","damage_taken":0,"max_hp_gain":0,"max_hp_loss":0,"event_name":"The Cleric","floor":7,"gold_loss":0},{"damage_healed":0,"gold_gain":0,"player_choice":"Fled","damage_taken":0,"max_hp_gain":0,"max_hp_loss":0,"event_name":"Scrap Ooze","floor":11,"gold_loss":0},{"damage_healed":0,"gold_gain":64,"player_choice":"Gained Gold","damage_taken":0,"max_hp_gain":0,"max_hp_loss":0,"event_name":"Golden Wing","floor":13,"gold_loss":0},{"cards_removed":["Blade Dance"],"damage_healed":5,"gold_gain":0,"player_choice":"Offered Common","damage_taken":0,"max_hp_gain":0,"max_hp_loss":0,"event_name":"Bonfire Elementals","floor":20,"gold_loss":0},{"cards_removed":["Blade Dance"],"damage_healed":5,"gold_gain":0,"player_choice":"Offered Special","damage_taken":0,"max_hp_gain":0,"max_hp_loss":0,"event_name":"Bonfire Elementals","floor":20,"gold_loss":0}],"is_beta":false,"boss_relics":[{"not_picked":["Runic Pyramid","Tiny House"],"picked":"Sozu"}],"items_purged_floors":[],"is_endless":false,"potions_floor_spawned":[1,10,12,16,18],"killed_by":"Snake Plant","ascension_level":20}}