{"host":"agbyy69nq62afhwx","time":1608816435,"event":{"mods":["BaseMod","Colored Map","Highlight Path","Keyboard Shortcuts","Minty Spire (QoL Compilation)","Quick Restart","StSLib","SuperFastMode","everything is the same but u backflip on backflip"],"gold_per_floor":[113,127,52,68,87,87,102,102,127,127,127,147,167,193,193,291,291,310,310,130,110,122,122,132,132,132,132,132],"floor_reached":27,"playtime":792,"items_purged":["Strike_B","Strike_B"],"score":282,"play_id":"326b1cd1-087b-4664-a54b-d421392edd82","local_time":"20201224222715","is_ascension_mode":true,"campfire_choices":[{"data":"Dualcast","floor":6.0,"key":"SMITH"},{"data":"Chaos","floor":8.0,"key":"SMITH"},{"data":"Hologram","floor":11.0,"key":"SMITH"},{"floor":15.0,"key":"REST"},{"floor":23.0,"key":"REST"},{"floor":25,"key":"REST"}],"circlet_count":0,"master_deck":["Strike_B","Defend_B","Defend_B","Defend_B","Zap","Dualcast+1","Darkness","White Noise","Chaos+1","Hologram+1","Redo","Seek","Doom and Gloom","Biased Cognition","Self Repair","Loop"],"relics":["Cracked Core","Orichalcum","Oddly Smooth Stone","PreservedInsect","SacredBark","The Courier"],"acts_visited":["Exordium","TheCity"],"potions_floor_usage":[27],"damage_taken":[{"damage":1.0,"enemies":"Cultist","floor":1.0,"turns":3.0},{"damage":4.0,"enemies":"2 Louse","floor":2.0,"turns":3.0},{"damage":4.0,"enemies":"Jaw Worm","floor":4.0,"turns":4.0},{"damage":19.0,"enemies":"Blue Slaver","floor":5.0,"turns":4.0},{"damage":7.0,"enemies":"Exordium Wildlife","floor":7.0,"turns":3.0},{"damage":16.0,"enemies":"Lots of Slimes","floor":12.0,"turns":5.0},{"damage":0.0,"enemies":"2 Fungi Beasts","floor":13.0,"turns":3.0},{"damage":14.0,"enemies":"Lagavulin","floor":14.0,"turns":6.0},{"damage":12.0,"enemies":"The Guardian","floor":16.0,"turns":8.0},{"damage":23.0,"enemies":"3 Byrds","floor":18.0,"turns":5.0},{"damage":9.0,"enemies":"2 Thieves","floor":21.0,"turns":4.0},{"damage":36.0,"enemies":"Sentry and Sphere","floor":22.0,"turns":6.0},{"damage":19,"enemies":"Centurion and Healer","floor":24,"turns":5},{"damage":56,"enemies":"Gremlin Leader","floor":27,"turns":6}],"seed_played":"-4156250802472147424","potions_obtained":[{"floor":1.0,"key":"SteroidPotion"},{"floor":13.0,"key":"ColorlessPotion"},{"floor":14.0,"key":"BlessingOfTheForge"},{"floor":16.0,"key":"SteroidPotion"},{"floor":24,"key":"DuplicationPotion"}],"is_trial":false,"path_per_floor":["M","M","$","M","M","R","M","R","T","?","R","M","M","E","R","B",null,"M","?","$","M","M","R","M","R","T","E"],"character_chosen":"DEFECT","items_purchased":["Loop"],"campfire_rested":3,"item_purchase_floors":[20],"current_hp_per_floor":[74,70,70,66,47,47,40,40,40,33,33,17,17,3,27,15,65,42,42,42,40,11,35,23,47,47,0,0],"gold":132,"neow_bonus":"TEN_PERCENT_HP_BONUS","is_daily":false,"chose_seed":false,"campfire_upgraded":3,"win_rate":0.0,"timestamp":1608816435,"path_taken":["M","M","$","?","M","R","M","R","T","?","R","M","M","E","R","BOSS","M","?","$","M","M","R","M","R","T","E"],"items_purchased_type":["Card"],"build_version":"2020-12-22","purchased_purges":2,"victory":false,"max_hp_per_floor":[82,82,82,82,82,82,82,82,82,82,82,82,82,82,82,82,82,82,82,82,82,82,82,82,82,82,82,82],"card_choices":[{"not_picked":["Cold Snap","BootSequence"],"picked":"Darkness","floor":1.0},{"not_picked":["Ball Lightning","Heatsinks"],"picked":"White Noise","floor":2.0},{"not_picked":["FTL","Coolheaded"],"picked":"Chaos","floor":4.0},{"not_picked":["Steam","Go for the Eyes"],"picked":"Hologram","floor":5.0},{"not_picked":["Undo","Reprogram","Consume"],"picked":"SKIP","floor":7.0},{"not_picked":["Chill","Turbo"],"picked":"Redo","floor":12.0},{"not_picked":["Streamline","Chill","Hologram"],"picked":"SKIP","floor":13.0},{"not_picked":["Gash","Meteor Strike","Ball Lightning"],"picked":"SKIP","floor":14.0},{"not_picked":["Creative AI","Amplify"],"picked":"Seek","floor":16.0},{"not_picked":["Double Energy","Lockon"],"picked":"Doom and Gloom","floor":18.0},{"not_picked":["Skim","Beam Cell","Reinforced Body"],"picked":"SKIP","floor":21.0},{"not_picked":["Cold Snap+1","Ball Lightning","Barrage+1"],"picked":"SKIP","floor":22.0},{"not_picked":["Steam","Turbo","Lockon"],"picked":"SKIP","floor":24}],"player_experience":360077,"relics_obtained":[{"floor":9.0,"key":"Orichalcum"},{"floor":14.0,"key":"PreservedInsect"},{"floor":26,"key":"The Courier"}],"event_choices":[{"damage_healed":0.0,"max_hp_gain":0.0,"max_hp_loss":0.0,"gold_gain":0.0,"event_name":"Scrap Ooze","player_choice":"Success","floor":10.0,"gold_loss":0.0,"damage_taken":7.0,"relics_obtained":["Oddly Smooth Stone"]},{"damage_healed":0.0,"max_hp_gain":0.0,"max_hp_loss":0.0,"gold_gain":0.0,"cards_transformed":["Strike_B","Defend_B"],"event_name":"Drug Dealer","player_choice":"Became Test Subject","floor":19.0,"gold_loss":0.0,"damage_taken":0.0,"cards_obtained":["Biased Cognition","Self Repair"]}],"is_beta":false,"boss_relics":[{"not_picked":["Calling Bell","Black Star"],"picked":"SacredBark"}],"items_purged_floors":[3,20],"is_endless":false,"potions_floor_spawned":[1,13,14,16,24],"killed_by":"Gremlin Leader","ascension_level":6}}