{"host":"rwzz6mk6bpmb57ql","time":1608777888,"event":{"mods":["AchievementEnabler","BaseMod","BetterRewards","Colored Map","Highlight Path","Hubris","Minty Spire (QoL Compilation)","Replay The Spire","StSLib"],"gold_per_floor":[6617,6013,5901,5918,5938,5973,5988,5988,5988,6023,6023,6037,6069,6069,6069,6174,6274,6291,6308,6308,6319,6335,6368,6368,6368,6368,6368,6368,6387,5558,5572,5572,5672,5672,5691,5691,5706,5784,5135,5165,4325,4325,4325,4325,3287,3297,3297,3005,3005,3005,3005,3005,2805,2836,2836],"floor_reached":56,"playtime":3165,"items_purged":["Strike_G","Strike_G+1","Strike_G+1"],"score":2001,"play_id":"7d56a6ce-e9d8-4891-9ef8-83cc43870a0e","local_time":"20201223204448","is_ascension_mode":true,"campfire_choices":[{"floor":8,"key":"RECALL"},{"data":"Footwork","floor":11,"key":"SMITH"},{"data":"Outmaneuver","floor":15,"key":"SMITH"},{"data":"JustLucky","floor":25,"key":"SMITH"},{"data":"Replay:Bag of Tricks","floor":28,"key":"SMITH"},{"data":"Dodge and Roll","floor":32,"key":"SMITH"},{"data":"Toxin Wave","floor":42,"key":"SMITH"},{"data":"Replay:Poison Smokescreen","floor":47,"key":"SMITH"},{"floor":49,"key":"REST"},{"floor":52,"key":"DIG"}],"circlet_count":0,"master_deck":["Defend_G+1","Defend_G+1","Defend_G+1","Defend_G+1","Defend_G+1","Survivor","Neutralize+1","Flying Knee","Footwork+1","Poisoned Stab+1","Deadly Poison+1","PiercingWail","Dodge and Roll","Outmaneuver+1","Replay:Bag of Tricks+1","Dodge and Roll+1","Deflect","ReplayTheSpireMod:Speed Training","JustLucky+1","After Image+1","Footwork+1","Burst","Deadly Poison","Toxin Wave+1","Noxious Fumes+1","Replay:Poison Smokescreen+1","hubris:EnhanceAbility+1","Footwork+1","Noxious Fumes+1","hubris:EnhanceAbility+1","ReplayTheSpireMod:Brewmster+1","Fluid Movement+1","Deadly Poison","Deadly Poison","Replay:Poison Smokescreen+1","Crippling Poison","Burst"],"relics":["Ring of the Snake","Potion Belt","Potion Belt","The Specimen","Frozen Egg 2","Chameleon Ring","SacredBark","Shuriken","Omamori","Oddly Smooth Stone","Replay:Wanted Poster","Replay:Accelerometer","Meat on the Bone","Question Card","Orichalcum","Sling","hubris:TerracottaHorce","PreservedInsect","ReplayTheSpireMod:ShopPack","Whetstone","War Paint","hubris:TinFlute","OrangePellets","ReplayFunnel","Shovel","hubris:Towel","hubris:SphereOfDissonance","hubris:DeckOfHolding","Medical Kit","Membership Card","ReplayTheSpireMod:TigerMarble","Letter Opener","BargainBundle","Replay:Rubber Ducky","Blue Candle"],"acts_visited":["Exordium","TheCity","TheBeyond","TheEnding"],"potions_floor_usage":[6,6,7,12,22,23,31,33,33,33,35,40,46,46,46,46,46,50,50,50,50,50,50,50,50,50,50,50,50,50,50,54,54,55,55,55,55,55,55,55,55,55,55,55,55,55,55,55,55,55],"damage_taken":[{"damage":3,"enemies":"Cultist","floor":1,"turns":4},{"damage":9,"enemies":"Jaw Worm","floor":4,"turns":6},{"damage":1,"enemies":"2 Louse","floor":5,"turns":4},{"damage":28,"enemies":"Gremlin Nob","floor":6,"turns":4},{"damage":0,"enemies":"Gremlin Gang","floor":7,"turns":1},{"damage":37,"enemies":"Lagavulin","floor":10,"turns":8},{"damage":0,"enemies":"Looter","floor":12,"turns":1},{"damage":22,"enemies":"3 Sentries","floor":13,"turns":11},{"damage":39,"enemies":"The Guardian","floor":16,"turns":12},{"damage":1,"enemies":"Chosen","floor":18,"turns":6},{"damage":4,"enemies":"Shell Parasite","floor":19,"turns":6},{"damage":3,"enemies":"Centurion and Healer","floor":21,"turns":8},{"damage":0,"enemies":"Snake Plant","floor":22,"turns":5},{"damage":24,"enemies":"Gremlin Leader","floor":23,"turns":9},{"damage":8,"enemies":"Sentry and Sphere","floor":29,"turns":7},{"damage":0,"enemies":"Snecko","floor":31,"turns":5},{"damage":33,"enemies":"Collector","floor":33,"turns":12},{"damage":0,"enemies":"3 Shapes","floor":35,"turns":8},{"damage":0,"enemies":"3 Darklings","floor":37,"turns":2},{"damage":0,"enemies":"R_Hoarder","floor":40,"turns":7},{"damage":0,"enemies":"Transient","floor":46,"turns":5},{"damage":15,"enemies":"Awakened One","floor":50,"turns":10},{"damage":4,"enemies":"Shield and Spear","floor":54,"turns":5},{"damage":7,"enemies":"The Heart","floor":55,"turns":8}],"seed_played":"6581960982784362703","potions_obtained":[{"floor":4,"key":"Explosive Potion"},{"floor":12,"key":"FairyPotion"},{"floor":16,"key":"SneckoOil"},{"floor":19,"key":"ColorlessPotion"},{"floor":21,"key":"DuplicationPotion"},{"floor":29,"key":"Weak Potion"},{"floor":31,"key":"Milkshake"},{"floor":40,"key":"LiquidBronze"},{"floor":46,"key":"Block Potion"},{"floor":54,"key":"AttackPotion"}],"is_trial":false,"path_per_floor":["M","$","?","M","M","E","M","R","T","E","R","M","E","?","R","B",null,"M","M","?","M","M","E","?","R","T","?","R","M","$","M","R","B",null,"M","?","M","?","$","E","$","R","T","?","$","M","R","$","R_BF","B",null,"R","$","E","B",null],"character_chosen":"THE_SILENT","items_purchased":["Footwork","The Specimen","Explosive Potion","FearPotion","Adrenaline Potion","Question Card","Orichalcum","Sling","DistilledChaos","FearPotion","Swift Potion","Replay:Poison Smokescreen","ReplayTheSpireMod:ShopPack","Whetstone","Reflective Coating","Adrenaline Potion","PowerPotion","Noxious Fumes+1","hubris:EnhanceAbility+1","hubris:TinFlute","OrangePellets","ReplayFunnel","PowerPotion","hubris:SphereOfDissonance","ReplayTheSpireMod:Brewmster+1","hubris:DeckOfHolding","Medical Kit","Fluid Movement+1","Deadly Poison","Replay:Poison Smokescreen","Swift Potion","Membership Card","ReplayTheSpireMod:TigerMarble","Crippling Poison","Poison Potion","AttackPotion","BargainBundle","Replay:Rubber Ducky","Burst"],"campfire_rested":1,"item_purchase_floors":[2,2,2,2,2,30,30,30,30,30,30,39,39,39,39,39,39,41,41,41,41,41,41,45,45,45,45,45,45,45,45,48,48,48,48,53,53,53,53],"current_hp_per_floor":[130,130,130,121,120,92,92,92,92,55,55,55,33,33,33,123,136,135,131,131,128,128,104,104,104,104,104,104,96,96,96,96,75,124,124,124,124,89,89,89,89,89,89,89,89,89,89,89,131,116,134,134,134,130,123],"gold":2836,"neow_bonus":"RANDOM_EVENT","is_daily":false,"chose_seed":false,"campfire_upgraded":7,"win_rate":0.0,"timestamp":1608777888,"path_taken":["M","$","?","M","M","E","?","R","T","E","R","M","E","?","R","BOSS","M","?","?","?","M","E","?","R","T","?","R","M","$","M","R","BOSS","M","?","M","?","$","E","$","R","T","?","$","?","R","?","R_BF","BOSS","R","$","E","BOSS"],"items_purchased_type":["Card","Relic","Potion","Potion","Potion","Relic","Relic","Relic","Potion","Potion","Potion","Card","Relic","Relic","Potion","Potion","Potion","Card","Card","Relic","Relic","Relic","Potion","Relic","Card","Relic","Relic","Card","Card","Card","Potion","Relic","Relic","Card","Potion","Potion","Relic","Relic","Card"],"build_version":"2020-12-22","purchased_purges":3,"victory":true,"max_hp_per_floor":[140,140,140,140,140,140,140,140,140,140,140,140,140,140,140,140,140,140,140,140,140,140,140,140,140,140,140,140,140,140,140,140,140,140,140,140,140,140,140,140,140,140,140,140,140,140,140,140,140,140,140,140,140,140,140],"card_choices":[{"not_picked":["Blade Dance","Prepared"],"picked":"Flying Knee","floor":1},{"not_picked":["Hidden Blade","Dodge and Roll"],"picked":"Poisoned Stab","floor":4},{"not_picked":["Underhanded Strike","ReplayTheSpireMod:Shiv Toss"],"picked":"Deadly Poison","floor":5},{"not_picked":["Unload","Flechettes"],"picked":"PiercingWail","floor":6},{"not_picked":["Acrobatics","hubris:SlightOfHand","Backstab"],"picked":"SKIP","floor":7},{"not_picked":["Fluid Movement+1","Flying Knee"],"picked":"Dodge and Roll","floor":10},{"not_picked":["Blade Dance","hubris:SlightOfHand"],"picked":"Outmaneuver","floor":12},{"not_picked":["hubris:SlightOfHand","Sucker Punch","Quick Slash"],"picked":"SKIP","floor":13},{"not_picked":["ReplayTheSpireMod:From All Sides","Glass Knife"],"picked":"Replay:Bag of Tricks","floor":16},{"not_picked":["Sucker Punch+1","Outmaneuver"],"picked":"Dodge and Roll","floor":18},{"not_picked":["Poisoned Stab","Concentrate+1"],"picked":"Deflect","floor":19},{"not_picked":["Flying Knee+1","Prepared","Sucker Punch"],"picked":"SKIP","floor":21},{"not_picked":["Predator","Sucker Punch","Distraction"],"picked":"SKIP","floor":22},{"not_picked":["Expertise","ReplayTheSpireMod:Exploit Weakness"],"picked":"ReplayTheSpireMod:Speed Training","floor":23},{"not_picked":["Deflect+1","PiercingWail"],"picked":"After Image+1","floor":29},{"not_picked":["Dash","Backflip+1","Poisoned Stab"],"picked":"Footwork+1","floor":31},{"not_picked":["Glass Knife","Wraith Form v2+1","Grand Finale"],"picked":"Burst","floor":33},{"not_picked":["Prepared+1","Quick Slash","Accuracy+1"],"picked":"Deadly Poison","floor":35},{"not_picked":["Cloak And Dagger","Bane+1","Slice"],"picked":"Toxin Wave","floor":37},{"not_picked":["Hidden Blade","Setup","Acrobatics"],"picked":"Noxious Fumes+1","floor":38},{"not_picked":["Secret Technique","Panache","Master of Strategy"],"picked":"hubris:EnhanceAbility","floor":39},{"not_picked":["Concentrate","Acrobatics+1","Outmaneuver"],"picked":"Footwork+1","floor":40},{"not_picked":["Dodge and Roll","Dagger Spray","Outmaneuver","Bane+1"],"picked":"SKIP","floor":46},{"not_picked":["Choke","Dagger Spray","hubris:TrickCloak","Eviscerate+1"],"picked":"SKIP","floor":54}],"player_experience":128390,"relics_obtained":[{"floor":6,"key":"Shuriken"},{"floor":10,"key":"Omamori"},{"floor":13,"key":"Oddly Smooth Stone"},{"floor":23,"key":"Replay:Accelerometer"},{"floor":26,"key":"Meat on the Bone"},{"floor":38,"key":"PreservedInsect"},{"floor":40,"key":"War Paint"},{"floor":43,"key":"Shovel"},{"floor":52,"key":"Letter Opener"},{"floor":54,"key":"Blue Candle"}],"event_choices":[{"cards_removed":["Strike_G"],"damage_healed":0,"gold_gain":0,"player_choice":"Forget","damage_taken":0,"max_hp_gain":0,"max_hp_loss":0,"event_name":"Living Wall","floor":0,"gold_loss":0},{"damage_healed":0,"gold_gain":0,"player_choice":"Paid Gold","damage_taken":0,"relics_obtained":["Frozen Egg 2"],"max_hp_gain":0,"max_hp_loss":0,"event_name":"WeMeetAgain","floor":3,"gold_loss":112},{"cards_removed":["Strike_G"],"damage_healed":0,"gold_gain":0,"player_choice":"Card Removal","damage_taken":0,"max_hp_gain":0,"max_hp_loss":0,"event_name":"Wheel of Change","floor":14,"gold_loss":0},{"damage_healed":0,"gold_gain":0,"player_choice":"0 cards matched","damage_taken":0,"max_hp_gain":0,"max_hp_loss":0,"event_name":"Match and Keep!","floor":20,"gold_loss":0,"cards_obtained":[]},{"damage_healed":0,"gold_gain":0,"player_choice":"Read","damage_taken":0,"max_hp_gain":0,"max_hp_loss":0,"event_name":"The Library","floor":24,"gold_loss":0,"cards_obtained":["JustLucky"]},{"damage_healed":0,"gold_gain":0,"player_choice":"Simplicity","damage_taken":0,"max_hp_gain":0,"max_hp_loss":0,"event_name":"Back to Basics","floor":27,"gold_loss":0,"cards_upgraded":["Strike_G","Strike_G","Defend_G","Defend_G","Defend_G","Defend_G","Defend_G"]}],"is_beta":false,"boss_relics":[{"not_picked":["Velvet Choker","ChewingGum"],"picked":"Replay:Wanted Poster"},{"not_picked":["hubris:BlackHole","hubris:GrandSneckoEye"],"picked":"hubris:TerracottaHorce"}],"items_purged_floors":[2,30,39],"is_endless":false,"potions_floor_spawned":[4,12,16,19,21,29,31,40,46,54],"ascension_level":12}}