{"host":"ged1bqtamtf4sn4x","time":1608817376,"event":{"mods":["BaseMod","Colored Map","DeckTracker","Highlight Path","Keyboard Shortcuts","Minty Spire (QoL Compilation)","Permanent Neow","Quick Restart","SuperFastMode","everything is the same but u backflip on backflip"],"gold_per_floor":[19,39,57,7,24,24,41,57,57,57,132,151,151,151,151,255,255,274,214,214],"floor_reached":19,"playtime":1262,"items_purged":[],"score":161,"play_id":"870982ec-45ad-4d1a-8eb8-67f18d1751d3","local_time":"20201224224256","is_ascension_mode":false,"campfire_choices":[{"data":"Flechettes","floor":6.0,"key":"SMITH"},{"data":"Neutralize","floor":10.0,"key":"SMITH"},{"data":"Footwork","floor":15.0,"key":"SMITH"}],"circlet_count":0,"master_deck":["Strike_G","Strike_G","Strike_G","Strike_G+1","Defend_G","Defend_G+1","Defend_G","Defend_G","Defend_G","Survivor","Neutralize+1","Footwork+1","Flechettes+1","Blur","Deflect","PiercingWail+1","Well Laid Plans","Caltrops","Envenom","CurseOfTheBell","Catalyst"],"relics":["Ring of the Snake","The Specimen","Girya","Calling Bell","PreservedInsect","Kunai","Gambling Chip"],"acts_visited":["Exordium","TheCity"],"potions_floor_usage":[19],"damage_taken":[{"damage":0.0,"enemies":"Small Slimes","floor":1.0,"turns":5.0},{"damage":0.0,"enemies":"2 Louse","floor":2.0,"turns":4.0},{"damage":4.0,"enemies":"Jaw Worm","floor":3.0,"turns":5.0},{"damage":2.0,"enemies":"Looter","floor":5.0,"turns":5.0},{"damage":0.0,"enemies":"Blue Slaver","floor":7.0,"turns":8.0},{"damage":5.0,"enemies":"Large Slime","floor":8.0,"turns":9.0},{"damage":0.0,"enemies":"2 Fungi Beasts","floor":12.0,"turns":4.0},{"damage":15.0,"enemies":"The Guardian","floor":16.0,"turns":15.0},{"damage":10,"enemies":"Chosen","floor":18,"turns":7},{"damage":9,"enemies":"2 Thieves","floor":19,"turns":3}],"seed_played":"-4542995616025192500","potions_obtained":[{"floor":2.0,"key":"Poison Potion"},{"floor":5.0,"key":"LiquidMemories"},{"floor":7.0,"key":"LiquidMemories"}],"is_trial":false,"path_per_floor":["M","M","M","?","M","R","M","M","T","R","?","M","?","?","R","B",null,"M","M"],"character_chosen":"THE_SILENT","items_purchased":[],"campfire_rested":0,"item_purchase_floors":[],"current_hp_per_floor":[70,70,66,66,64,64,64,59,59,59,48,48,34,34,34,19,70,60,51,51],"gold":214,"neow_bonus":"ONE_RARE_RELIC","is_daily":false,"chose_seed":false,"campfire_upgraded":3,"win_rate":0.0,"timestamp":1608817376,"path_taken":["M","M","M","?","M","R","M","M","T","R","?","M","?","?","R","BOSS","M","M"],"items_purchased_type":[],"build_version":"2020-12-22","purchased_purges":0,"victory":false,"max_hp_per_floor":[70,70,70,70,70,70,70,70,70,70,70,70,70,70,70,70,70,70,70,70],"card_choices":[{"not_picked":["Underhanded Strike","Accuracy"],"picked":"Footwork","floor":1.0},{"not_picked":["Dagger Throw","Heel Hook"],"picked":"Flechettes","floor":2.0},{"not_picked":["Distraction","Dagger Spray"],"picked":"Blur","floor":3.0},{"not_picked":["Underhanded Strike","Sucker Punch"],"picked":"Deflect","floor":5.0},{"not_picked":["Finisher","Reflex"],"picked":"PiercingWail","floor":7.0},{"not_picked":["Sucker Punch","Accuracy"],"picked":"Well Laid Plans","floor":8.0},{"not_picked":["Riddle With Holes","Accuracy"],"picked":"Caltrops","floor":12.0},{"not_picked":["Malaise","Wraith Form v2"],"picked":"Envenom","floor":16.0},{"not_picked":["Bane+1","Underhanded Strike"],"picked":"Catalyst","floor":18}],"player_experience":398540,"relics_obtained":[{"floor":9.0,"key":"Girya"},{"floor":17,"key":"PreservedInsect"},{"floor":17,"key":"Kunai"},{"floor":17,"key":"Gambling Chip"}],"event_choices":[{"cards_removed":["Strike_G"],"damage_healed":0.0,"max_hp_gain":0.0,"max_hp_loss":0.0,"gold_gain":0.0,"event_name":"The Cleric","player_choice":"Card Removal","floor":4.0,"gold_loss":50.0,"damage_taken":0.0},{"damage_healed":0.0,"max_hp_gain":0.0,"max_hp_loss":0.0,"gold_gain":75.0,"event_name":"World of Goop","player_choice":"Gather Gold","floor":11.0,"gold_loss":0.0,"damage_taken":11.0},{"damage_healed":0.0,"max_hp_gain":0.0,"max_hp_loss":0.0,"gold_gain":0.0,"event_name":"Shining Light","player_choice":"Entered Light","floor":13.0,"gold_loss":0.0,"damage_taken":14.0,"cards_upgraded":["Defend_G","Strike_G"]},{"damage_healed":0.0,"max_hp_gain":0.0,"max_hp_loss":0.0,"gold_gain":0.0,"event_name":"Living Wall","player_choice":"Grow","floor":14.0,"gold_loss":0.0,"damage_taken":0.0,"cards_upgraded":["PiercingWail"]}],"is_beta":false,"boss_relics":[{"not_picked":["WristBlade","Runic Dome"],"picked":"Calling Bell"}],"items_purged_floors":[],"is_endless":false,"potions_floor_spawned":[2,5,7],"killed_by":"2 Thieves","ascension_level":0}}