{"host":"55yei7x27djrlaep","time":1608813924,"event":{"mods":["Act Like it!","BaseMod","Better Altar","Better Match","Better Note","Better Sensory Stone","Better Skull","Better Third Choice","BetterRewards","Colored Map","Downfall","Friendly Minions","GifTheSpireLib","JesterMod","Minty Spire (QoL Compilation)","Replay The Spire","StSLib","The Cursed","The Marked","TheSwordswoman"],"gold_per_floor":[119,131,131,146,146,146,187,446,527,542,556,91,91,14,14,140,140,160,179,193,212,172,172,172,72,72,91,112,112,112,112],"floor_reached":30,"playtime":1593,"items_purged":["ReplayTheSpireMod:Splinters","theMarked:UnarmedFury"],"score":232,"play_id":"04d5bfda-905d-409f-b31b-52a9445700f1","local_time":"20201224154524","is_ascension_mode":false,"campfire_choices":[{"data":"theMarked:SoldierOfQuellstein","floor":6,"key":"SMITH"},{"floor":13,"key":"REST"},{"floor":23,"key":"REST"},{"data":"theMarked:ComboAttacks","floor":29,"key":"SMITH"}],"circlet_count":0,"master_deck":["theMarked:Strike","theMarked:Strike","theMarked:Strike","theMarked:Strike","theMarked:Defend+1","theMarked:Defend","theMarked:Defend","theMarked:Defend","theMarked:SoldierOfQuellstein+1","theMarked:ParalyzingBlade+1","theMarked:RepellingDischarge","theMarked:StartUp+1","theMarked:Parkour","theMarked:ComboAttacks+1","theMarked:SelfDefenseTraining","theMarked:SoldierForm","theMarked:RepellingDischarge+1","theMarked:Generate","theMarked:Static+1","theMarked:Overcharge+1","theMarked:Polarize+1","theMarked:Generate"],"relics":["theMarked:ArtifactOfAir","NeowsBlessing","Golden Idol","Bronze Scales","Kunai","ChewingGum","Replay:Kaleidoscope"],"acts_visited":["Exordium","TheCity"],"potions_floor_usage":[11,21,27,28,30],"damage_taken":[{"damage":0,"enemies":"Jaw Worm","floor":1,"turns":1},{"damage":0,"enemies":"2 Louse","floor":2,"turns":1},{"damage":0,"enemies":"Cultist","floor":4,"turns":1},{"damage":43,"enemies":"Gremlin Nob","floor":7,"turns":6},{"damage":0,"enemies":"3 Louse","floor":10,"turns":3},{"damage":0,"enemies":"2 Fungi Beasts","floor":11,"turns":3},{"damage":42,"enemies":"The Guardian","floor":16,"turns":12},{"damage":19,"enemies":"Spheric Guardian","floor":18,"turns":4},{"damage":14,"enemies":"3 Byrds","floor":19,"turns":5},{"damage":19,"enemies":"Snake Plant","floor":20,"turns":4},{"damage":14,"enemies":"Cultist and Chosen","floor":21,"turns":7},{"damage":12,"enemies":"Chosen and Byrds","floor":27,"turns":6},{"damage":8,"enemies":"Sentry and Sphere","floor":28,"turns":4},{"damage":9,"enemies":"Replay:Snechameleon","floor":30,"turns":2}],"seed_played":"6553772171568688936","potions_obtained":[{"floor":4,"key":"sneckomod:MuddlingPotion"},{"floor":10,"key":"PowerPotion"},{"floor":18,"key":"SpeedPotion"},{"floor":20,"key":"Weak Potion"},{"floor":27,"key":"LiquidBronze"},{"floor":28,"key":"Toxic Potion"}],"is_trial":false,"path_per_floor":["M","M","?","M","?","R","E","?","T","M","M","$","R","$","R_BF","B",null,"M","M","M","M","?","R","?","$","T","M","M","R","E"],"character_chosen":"THE_DEFAULT","items_purchased":["Kunai","theMarked:UnarmedFury","theMarked:SelfDefenseTraining"],"campfire_rested":2,"item_purchase_floors":[12,12,14],"current_hp_per_floor":[70,70,53,53,46,46,3,3,3,3,3,3,24,24,45,3,70,51,37,18,4,4,25,25,25,25,13,5,5,0,0],"gold":112,"neow_bonus":"THREE_ENEMY_KILL","is_daily":false,"chose_seed":false,"campfire_upgraded":2,"win_rate":0.0,"timestamp":1608813924,"path_taken":["M","M","?","M","?","R","E","?","T","M","M","$","R","$","R_BF","BOSS","M","M","M","?","?","R","?","$","T","M","M","R","E"],"items_purchased_type":["Relic","Card","Card"],"build_version":"2020-12-22","purchased_purges":2,"victory":false,"max_hp_per_floor":[70,70,70,70,70,70,70,70,70,70,70,70,70,70,70,70,70,70,70,70,70,70,70,70,70,70,70,70,70,70,70],"card_choices":[{"not_picked":["theMarked:Electrocute","theMarked:Parkour"],"picked":"theMarked:ParalyzingBlade","floor":1},{"not_picked":["theMarked:ChainLightning","theMarked:WardOff"],"picked":"theMarked:RepellingDischarge","floor":2},{"not_picked":["theMarked:CreepingChasm","theMarked:EnhancedHearing"],"picked":"theMarked:StartUp","floor":4},{"not_picked":["theMarked:WardOff","theMarked:WastefulDefense"],"picked":"theMarked:Parkour","floor":7},{"not_picked":["theMarked:Improvise","theMarked:ElectricStrings"],"picked":"theMarked:ComboAttacks","floor":10},{"not_picked":["theMarked:WastefulAttack","theMarked:WardOff","theMarked:Electrocute"],"picked":"SKIP","floor":11},{"not_picked":["theMarked:DispelDoubt","theMarked:SummonStrength"],"picked":"theMarked:SoldierForm","floor":16},{"not_picked":["theMarked:HeritageOfTheMarked","theMarked:EmpowerWeapon"],"picked":"theMarked:RepellingDischarge+1","floor":18},{"not_picked":["theMarked:SwordAndMagic+1","theMarked:ChainLightning"],"picked":"theMarked:Generate","floor":19},{"not_picked":["theMarked:EmpowerWeapon","theMarked:ResourceFulStrike"],"picked":"theMarked:Static+1","floor":20},{"not_picked":["theMarked:HeritageOfTheMarked","theMarked:WardOff"],"picked":"theMarked:Overcharge+1","floor":21},{"not_picked":["theMarked:HeritageOfTheMarked","theMarked:Parkour"],"picked":"theMarked:Polarize+1","floor":27},{"not_picked":["theMarked:SoldierForm","theMarked:TakeCover"],"picked":"theMarked:Generate","floor":28}],"player_experience":343930,"relics_obtained":[{"floor":7,"key":"Bronze Scales"},{"floor":26,"key":"Replay:Kaleidoscope"}],"event_choices":[{"damage_healed":0,"gold_gain":0,"player_choice":"Take Damage","damage_taken":17,"relics_obtained":["Golden Idol"],"max_hp_gain":0,"max_hp_loss":0,"event_name":"Golden Idol","floor":3,"gold_loss":0},{"cards_removed":["theMarked:Strike"],"damage_healed":0,"gold_gain":0,"player_choice":"Card Removal","damage_taken":7,"max_hp_gain":0,"max_hp_loss":0,"event_name":"Golden Wing","floor":5,"gold_loss":0},{"damage_healed":0,"gold_gain":0,"player_choice":"Upgraded Two","damage_taken":0,"max_hp_gain":0,"max_hp_loss":0,"event_name":"Designer","floor":22,"gold_loss":40,"cards_upgraded":["theMarked:StartUp","theMarked:Defend"]},{"cards_removed":["theMarked:UnarmedFury"],"damage_healed":0,"gold_gain":0,"player_choice":"Give","damage_taken":0,"max_hp_gain":0,"max_hp_loss":0,"event_name":"betterNote:BetterNote","floor":24,"gold_loss":0,"cards_obtained":["None"]}],"is_beta":false,"boss_relics":[{"not_picked":["ReplayTheSpireMod:DimensionalGlitch","Honey Jar"],"picked":"ChewingGum"}],"items_purged_floors":[12,25],"is_endless":false,"potions_floor_spawned":[4,10,18,20,27,28],"killed_by":"Replay:Snechameleon","ascension_level":0}}