{"host":"fne7yx97fnz7kq05","time":1608842036,"event":{"mods":["BaseMod","Colored Map","Colored Powertips","Highlight Path","Minty Spire (QoL Compilation)","Relic Stats"],"gold_per_floor":[11,11,34,46,63,63,63,63,115,32,32,49,77,91,91,165,165,175,175,175,26,34,34,65,114,161,161,193,193,223,236,236,307,307,326,326,251,274,291,324,324,344,344,344,56,56,56,68,68,68,68,68,18,18,18],"floor_reached":54,"playtime":2794,"items_purged":["Strike_G+1"],"score":1247,"play_id":"acd887ac-306d-412a-84f7-0882b321d6d5","local_time":"20201224143356","is_ascension_mode":true,"campfire_choices":[{"data":"Venomology","floor":6,"key":"SMITH"},{"data":"Noxious Fumes","floor":8,"key":"SMITH"},{"data":"Bouncing Flask","floor":11,"key":"SMITH"},{"data":"Terror","floor":15,"key":"SMITH"},{"floor":23,"key":"REST"},{"data":"Catalyst","floor":27,"key":"SMITH"},{"data":"Wraith Form v2","floor":29,"key":"SMITH"},{"floor":32,"key":"REST"},{"floor":41,"key":"RECALL"},{"floor":44,"key":"REST"},{"floor":49,"key":"REST"},{"data":"Apotheosis","floor":52,"key":"SMITH"}],"circlet_count":0,"master_deck":["AscendersBane","Strike_G+1","Strike_G+1","Defend_G+1","Defend_G+1","Defend_G+1","Defend_G+1","Survivor","Neutralize","Noxious Fumes+1","Venomology+1","Bane","Bouncing Flask+1","Blade Dance","Terror+1","Wraith Form v2+1","Dash+1","Catalyst+1","Acrobatics","PiercingWail","Acrobatics","Malaise","Prepared+1","Night Terror+1","Cloak And Dagger+1","Dodge and Roll+1","Blur+1","Glass Knife","Outmaneuver+1","Blur","Apotheosis+1","Discovery","Flash of Steel"],"relics":["Ring of the Snake","Du-Vu Doll","Blood Vial","Tiny Chest","Strawberry","SacredBark","Orrery","Question Card","Bag of Marbles","Toy Ornithopter","Orichalcum","Dream Catcher","Astrolabe","Nunchaku","Thread and Needle","TungstenRod"],"acts_visited":["Exordium","TheCity","TheBeyond","TheEnding"],"potions_floor_usage":[12,13,16,18,24,24,24,28,28,30,33,33,39,40,42,48,48,50,54],"damage_taken":[{"damage":0,"enemies":"2 Louse","floor":1,"turns":4},{"damage":1,"enemies":"Jaw Worm","floor":4,"turns":5},{"damage":0,"enemies":"Cultist","floor":5,"turns":5},{"damage":0,"enemies":"Blue Slaver","floor":12,"turns":2},{"damage":12,"enemies":"Gremlin Nob","floor":13,"turns":4},{"damage":0,"enemies":"Large Slime","floor":14,"turns":3},{"damage":21,"enemies":"The Guardian","floor":16,"turns":6},{"damage":15,"enemies":"3 Byrds","floor":18,"turns":5},{"damage":12,"enemies":"2 Thieves","floor":22,"turns":4},{"damage":13,"enemies":"Book of Stabbing","floor":24,"turns":3},{"damage":13,"enemies":"Gremlin Leader","floor":28,"turns":6},{"damage":24,"enemies":"Book of Stabbing","floor":30,"turns":6},{"damage":15,"enemies":"Centurion and Healer","floor":31,"turns":6},{"damage":42,"enemies":"Champ","floor":33,"turns":12},{"damage":5,"enemies":"3 Shapes","floor":35,"turns":7},{"damage":5,"enemies":"Orb Walker","floor":39,"turns":6},{"damage":47,"enemies":"Nemesis","floor":40,"turns":7},{"damage":0,"enemies":"Sphere and 2 Shapes","floor":42,"turns":4},{"damage":18,"enemies":"Jaw Worm Horde","floor":48,"turns":4},{"damage":80,"enemies":"Awakened One","floor":50,"turns":21},{"damage":77,"enemies":"Shield and Spear","floor":54,"turns":8}],"seed_played":"9156066833543926358","potions_obtained":[{"floor":28,"key":"Fruit Juice"},{"floor":40,"key":"SkillPotion"}],"is_trial":false,"path_per_floor":["M","?","T","M","M","R","?","R","T","$","R","M","E","M","R","B",null,"M","?","?","$","M","R","E","T","T","R","E","R","E","M","R","B",null,"M","?","$","T","M","E","R","M","T","R","$","?","?","M","R","B",null,"R","$","E"],"character_chosen":"THE_SILENT","items_purchased":["Bouncing Flask","Blade Dance","Orrery","TungstenRod","Dexterity Potion"],"campfire_rested":4,"item_purchase_floors":[10,10,21,45,53],"current_hp_per_floor":[59,59,59,60,62,62,62,62,62,62,62,64,61,63,63,44,66,53,40,40,40,30,53,42,42,42,42,88,88,69,56,82,52,79,76,76,76,76,78,38,38,45,45,71,71,62,62,56,82,9,68,68,68,0,0],"gold":18,"neow_bonus":"ONE_RARE_RELIC","is_daily":false,"chose_seed":false,"campfire_upgraded":7,"win_rate":0.0,"timestamp":1608842036,"path_taken":["M","?","?","M","M","R","?","R","T","$","R","?","E","M","R","BOSS","M","?","?","$","M","R","E","?","T","R","E","R","E","?","R","BOSS","M","?","?","?","M","E","R","M","T","R","$","?","?","M","R","BOSS","R","$","E"],"items_purchased_type":["Card","Card","Relic","Relic","Potion"],"build_version":"2020-12-22","purchased_purges":1,"victory":false,"max_hp_per_floor":[66,66,66,66,66,66,66,66,66,66,66,66,73,73,73,73,73,73,78,78,78,78,78,78,78,78,78,88,88,88,88,88,88,88,88,88,88,88,88,88,88,88,88,88,88,88,88,88,88,88,88,88,88,88,88],"relic_stats":{"Blood Vial":38,"Dream Catcher":3,"Nunchaku":[7],"counters":[21,128],"Astrolabe":["Cloak And Dagger","Dodge and Roll","Blur"],"Tiny Chest":2,"Orichalcum":[174],"Question Card":15,"obtain_stats":[{"SacredBark":17,"Astrolabe":34,"Thread and Needle":40,"Orichalcum":28,"Question Card":24,"Du-Vu Doll":0,"Blood Vial":3,"Dream Catcher":30,"Nunchaku":38,"Strawberry":13,"Orrery":21,"Tiny Chest":9,"Bag of Marbles":25,"Toy Ornithopter":26,"TungstenRod":45,"Ring of the Snake":0},{"SacredBark":7,"Astrolabe":14,"Thread and Needle":17,"Orichalcum":11,"Question Card":10,"Du-Vu Doll":0,"Blood Vial":1,"Dream Catcher":12,"Nunchaku":15,"Strawberry":5,"Orrery":8,"Tiny Chest":3,"Bag of Marbles":10,"Toy Ornithopter":10,"TungstenRod":18,"Ring of the Snake":0},{"SacredBark":29,"Astrolabe":71,"Thread and Needle":91,"Orichalcum":47,"Question Card":41,"Du-Vu Doll":0,"Blood Vial":4,"Dream Catcher":53,"Nunchaku":78,"Strawberry":20,"Orrery":34,"Tiny Chest":14,"Bag of Marbles":41,"Toy Ornithopter":41,"TungstenRod":95,"Ring of the Snake":0}],"Toy Ornithopter":55,"TungstenRod":25,"Ring of the Snake":[42]},"card_choices":[{"not_picked":["Outmaneuver","Flechettes"],"picked":"Noxious Fumes","floor":1},{"not_picked":["Flying Knee","Caltrops"],"picked":"Bane","floor":4},{"not_picked":["Slice","Deflect","Finisher"],"picked":"SKIP","floor":5},{"not_picked":["Slice","Distraction","Expertise"],"picked":"SKIP","floor":12},{"not_picked":["Finisher","Envenom"],"picked":"Terror","floor":13},{"not_picked":["Slice","Cloak And Dagger","Expertise"],"picked":"SKIP","floor":14},{"not_picked":["Phantasmal Killer","Die Die Die"],"picked":"Wraith Form v2","floor":16},{"not_picked":["Bane","Accuracy"],"picked":"Dash+1","floor":18},{"not_picked":["Bouncing Flask","Expertise"],"picked":"Catalyst","floor":21},{"not_picked":["Infinite Blades+1","Dodge and Roll"],"picked":"Acrobatics","floor":21},{"not_picked":["Masterful Stab","Choke"],"picked":"Grand Finale","floor":21},{"not_picked":["Bane","Terror"],"picked":"PiercingWail","floor":22},{"not_picked":["Poisoned Stab","Predator"],"picked":"Acrobatics","floor":24},{"not_picked":["Accuracy","All Out Attack","Bane"],"picked":"Malaise","floor":28},{"not_picked":["Bane+1","Cloak And Dagger","Storm of Steel","Infinite Blades"],"picked":"SKIP","floor":30},{"not_picked":["Slice","Deflect","Tactician"],"picked":"Prepared+1","floor":31},{"not_picked":["Corpse Explosion","Unload","Die Die Die"],"picked":"Night Terror","floor":33},{"not_picked":["Dodge and Roll","Quick Slash","Slice","Sucker Punch"],"picked":"SKIP","floor":35},{"not_picked":["Underhanded Strike+1","Cloak And Dagger","Crippling Poison+1"],"picked":"Glass Knife","floor":39},{"not_picked":["Slice","Eviscerate+1","Tactician"],"picked":"Outmaneuver+1","floor":40},{"not_picked":["Outmaneuver","Caltrops","Backflip+1"],"picked":"Blur","floor":42},{"not_picked":["Flash of Steel","Madness","Good Instincts"],"picked":"Apotheosis","floor":46},{"not_picked":["Panacea","Mind Blast","Swift Strike"],"picked":"Discovery","floor":46},{"not_picked":["HandOfGreed","Forethought","Deep Breath"],"picked":"Flash of Steel","floor":46},{"not_picked":["All Out Attack","Prepared","Backstab+1","Dash+1"],"picked":"SKIP","floor":48}],"player_experience":188658,"relics_obtained":[{"floor":3,"key":"Blood Vial"},{"floor":9,"key":"Tiny Chest"},{"floor":13,"key":"Strawberry"},{"floor":24,"key":"Question Card"},{"floor":25,"key":"Bag of Marbles"},{"floor":26,"key":"Toy Ornithopter"},{"floor":28,"key":"Orichalcum"},{"floor":30,"key":"Dream Catcher"},{"floor":38,"key":"Nunchaku"},{"floor":40,"key":"Thread and Needle"}],"event_choices":[{"damage_healed":0,"gold_gain":0,"cards_transformed":["Strike_G"],"player_choice":"Change","damage_taken":0,"max_hp_gain":0,"max_hp_loss":0,"event_name":"Living Wall","floor":2,"gold_loss":0,"cards_obtained":["Venomology"]},{"damage_healed":0,"gold_gain":0,"cards_transformed":["Defend_G"],"player_choice":"Transformed","damage_taken":0,"max_hp_gain":0,"max_hp_loss":0,"event_name":"Transmorgrifier","floor":7,"gold_loss":0,"cards_obtained":["Concentrate"]},{"damage_healed":0,"gold_gain":0,"player_choice":"Shed Blood","damage_taken":18,"max_hp_gain":5,"max_hp_loss":0,"event_name":"Forgotten Altar","floor":19,"gold_loss":0},{"damage_healed":0,"gold_gain":0,"player_choice":"Simplicity","damage_taken":0,"max_hp_gain":0,"max_hp_loss":0,"event_name":"Back to Basics","floor":20,"gold_loss":0,"cards_upgraded":["Strike_G","Strike_G","Strike_G","Strike_G","Defend_G","Defend_G","Defend_G","Defend_G"]},{"damage_healed":0,"gold_gain":0,"player_choice":"Upgraded","damage_taken":0,"max_hp_gain":0,"max_hp_loss":0,"event_name":"Upgrade Shrine","floor":36,"gold_loss":0,"cards_upgraded":["Night Terror"]},{"damage_healed":0,"gold_gain":0,"player_choice":"Memory 3","damage_taken":10,"max_hp_gain":0,"max_hp_loss":0,"event_name":"SensoryStone","floor":46,"gold_loss":0},{"damage_healed":0,"gold_gain":0,"player_choice":"Ignored","damage_taken":0,"max_hp_gain":0,"max_hp_loss":0,"event_name":"Mysterious Sphere","floor":47,"gold_loss":0}],"is_beta":false,"boss_relics":[{"not_picked":["SlaversCollar","Tiny House"],"picked":"SacredBark"},{"not_picked":["Black Star","Sozu"],"picked":"Astrolabe"}],"items_purged_floors":[37],"is_endless":false,"potions_floor_spawned":[12,16,28,31,35,40],"killed_by":"Shield and Spear","ascension_level":14}}