{"host":"cmxkjr0hek4mqvmn","time":1608771177,"event":{"mods":["BaseMod","Beaked The Cultist","Better Match","Better Skull","Better Third Choice","BetterRewards","Clawfect","Colored Map","Displayed Cursed Tome","Duelist Mod","GifTheSpireLib","Hermit","Hubris","JesterMod","Mimic Mod","Minty Spire (QoL Compilation)","Quick Restart","Robot Space Explorer","StSLib","The Bladedancer","The Blue Laboratory","The Cursed","Thieving Mod","Waifu the Spire"],"gold_per_floor":[111,286,298,313,324,354,19,49,49,49,49,49,49],"floor_reached":12,"playtime":1161,"items_purged":[],"score":117,"play_id":"5ca2a63a-40f2-455a-8b80-c34f038f1376","local_time":"20201223195257","is_ascension_mode":true,"campfire_choices":[{"floor":10.0,"key":"REST"}],"circlet_count":0,"master_deck":["Gash+1","Gash","Gash","Gash","Gash","Defend_B","Defend_B","Defend_B","Defend_B","Defend_B","Clawfect:ClawForTheEyes","Doubt","Capacitor","Madness","Clawfect:ClawingBeam","Stack","Master of Strategy","Capacitor","Madness","Clawfect:Clawrage"],"relics":["Clawfect:DRClaw","Mercury Hourglass","Boot","Golden Idol"],"acts_visited":["Exordium"],"potions_floor_usage":[],"damage_taken":[{"damage":2.0,"enemies":"2 Louse","floor":1.0,"turns":4.0},{"damage":0.0,"enemies":"Small Slimes","floor":3.0,"turns":4.0},{"damage":4.0,"enemies":"Jaw Worm","floor":4.0,"turns":4.0},{"damage":3.0,"enemies":"Exordium Thugs","floor":5.0,"turns":5.0},{"damage":21.0,"enemies":"Lagavulin","floor":6.0,"turns":6.0},{"damage":28.0,"enemies":"3 Sentries","floor":8.0,"turns":7.0},{"damage":28,"enemies":"Gremlin Nob","floor":12,"turns":5}],"seed_played":"5309837761101675883","potions_obtained":[{"floor":1.0,"key":"blueLaboratory:HorrorPotion"},{"floor":6.0,"key":"blueLaboratory:BiasPotion"}],"is_trial":false,"path_per_floor":["M","?","M","M","M","E","$","E","T","R","?","E"],"character_chosen":"DEFECT","items_purchased":["Master of Strategy","Capacitor","FTL"],"campfire_rested":1,"item_purchase_floors":[7,7,7],"current_hp_per_floor":[73,73,73,69,66,45,45,17,17,39,39,11,11],"gold":49,"neow_bonus":"UPGRADE_CARD","is_daily":false,"chose_seed":false,"campfire_upgraded":0,"win_rate":0.0,"timestamp":1608771177,"path_taken":["M","?","M","M","M","E","$","E","T","R","?","E"],"items_purchased_type":["Card","Card","Undefined"],"build_version":"2020-12-22","purchased_purges":0,"victory":false,"max_hp_per_floor":[75,75,75,75,75,75,75,75,75,75,69,69,69],"card_choices":[{"not_picked":["Undo","Clawfect:Clawline"],"picked":"Clawfect:ClawForTheEyes","floor":1.0},{"not_picked":["hubris:PowerSurge","Stack"],"picked":"Capacitor","floor":3.0},{"not_picked":["Clawfect:ClawCell","Coolheaded"],"picked":"FTL","floor":4.0},{"not_picked":["Sunder","Rainbow"],"picked":"Clawfect:ClawingBeam","floor":5.0},{"not_picked":["Redo","Double Energy"],"picked":"Stack","floor":6.0},{"not_picked":["Clawfect:ScrapingClaw","Turbo"],"picked":"Clawfect:Clawrage","floor":8.0}],"player_experience":536356,"relics_obtained":[{"floor":6.0,"key":"Mercury Hourglass"},{"floor":8.0,"key":"Boot"}],"event_choices":[{"damage_healed":0.0,"max_hp_gain":0.0,"max_hp_loss":0.0,"gold_gain":175.0,"event_name":"betterThird:BetterSerpent","player_choice":"AGREE","floor":2.0,"gold_loss":0.0,"damage_taken":111.0},{"damage_healed":0.0,"max_hp_gain":0.0,"max_hp_loss":6.0,"gold_gain":0.0,"event_name":"Golden Idol","player_choice":"Lose Max HP","floor":11.0,"gold_loss":0.0,"damage_taken":0.0,"relics_obtained":["Golden Idol"]}],"is_beta":false,"boss_relics":[],"items_purged_floors":[],"is_endless":false,"potions_floor_spawned":[1,6],"killed_by":"Gremlin Nob","ascension_level":1}}