{"host":"irqpc5dtltfquxh7","time":1608797340,"event":{"mods":["2.2 Compatiblity","AchievementEnabler","Act Like it!","Aspiration","BaseMod","Better Third Choice","BetterRewards","CapriCore","Colored Map","Colored Powertips","Conspire","Friendly Minions","Halation","Highlight Path","Hubris","Infinite Spire","Jedi Mod","Marisa????????","Minty Spire (QoL Compilation)","MostiFishMod","Permanent Neow","Replay The Spire","RumiaBox-????????","Shop Mod","Spicy Shops","Spikes Relics","StSLib","Strawberry Spire","Unknown Chances","Waifu the Spire","vexMod"],"gold_per_floor":[112,126,74,84,95,95,129,47,124,143,175,175,186,186,186,186,186],"floor_reached":16,"playtime":718,"items_purged":[],"score":112,"play_id":"cbb6e7e4-eb0f-4170-9ef0-4b955ff61e14","local_time":"20201224140900","is_ascension_mode":false,"campfire_choices":[{"data":"DoubleSpark","floor":6,"key":"SMITH"},{"floor":15,"key":"REST"}],"circlet_count":0,"master_deck":["Strike_MRS","Strike_MRS","Strike_MRS","Strike_MRS","Defend_MRS","Defend_MRS","Defend_MRS","Defend_MRS","MasterSpark","UpSweep","DoubleSpark","DoubleSpark+1","ManaRampage","PropBag","PowerUp","DoubleSpark"],"relics":["MiniHakkero","DaveBox","PlanX","SynthV:TestCard","jedi:arcanewood","halation:LostSnail","Iron Hammer","strawberrySpire:MawJerky","halation:EternalFortune","hubris:Icosahedron","Sundial"],"acts_visited":["Exordium"],"potions_floor_usage":[7,10,16],"damage_taken":[{"damage":2,"enemies":"Jaw Worm","floor":1,"turns":4},{"damage":5,"enemies":"Small Slimes","floor":2,"turns":4},{"damage":0,"enemies":"2 Louse","floor":4,"turns":2},{"damage":5,"enemies":"Looter","floor":5,"turns":2},{"damage":15,"enemies":"strawberrySpire:EnergyPylons","floor":7,"turns":4},{"damage":0,"enemies":"Large Slime","floor":10,"turns":3},{"damage":16,"enemies":"Replay:BlueRogue","floor":11,"turns":3},{"damage":0,"enemies":"3 Louse","floor":13,"turns":2},{"damage":53,"enemies":"The Guardian","floor":16,"turns":7}],"seed_played":"4631094932302011490","potions_obtained":[{"floor":4,"key":"BlessingOfTheForge"},{"floor":5,"key":"Block Potion"},{"floor":13,"key":"Death Potion"}],"is_trial":false,"path_per_floor":["M","M","$","M","M","R","E","$","T","M","E","?","M","?","R","B"],"character_chosen":"MARISA","items_purchased":["DoubleSpark","halation:LostSnail"],"campfire_rested":1,"item_purchase_floors":[3,8],"current_hp_per_floor":[52,47,47,47,42,42,27,27,27,27,11,14,26,26,49,0,0],"gold":186,"neow_bonus":"ONE_RARE_RELIC","is_daily":false,"chose_seed":false,"campfire_upgraded":1,"win_rate":0.0,"timestamp":1608797340,"path_taken":["M","M","$","M","M","R","E","$","T","M","E","?","?","?","R","BOSS"],"items_purchased_type":["Card","Relic"],"build_version":"2020-12-22","purchased_purges":0,"victory":false,"max_hp_per_floor":[75,75,75,75,75,75,75,75,75,75,75,78,78,78,78,78,78],"card_choices":[{"not_picked":["EarthLightRay","UnstableBomb"],"picked":"DoubleSpark","floor":1},{"not_picked":["GalacticHalo","EnergyFlow","PulseMagic","IllusionStar","NonDirectionalLaser"],"picked":"SKIP","floor":2},{"not_picked":["Acceleration","BinaryStars","DragonMeteor","GasGiant","AsteroidBelt"],"picked":"SKIP","floor":4},{"not_picked":["Acceleration","BinaryStars","DragonMeteor","GasGiant","AsteroidBelt"],"picked":"SKIP","floor":4},{"not_picked":["ShootingEcho","SporeBomb","EventHorizon","MachineGunSpark","SuperPerseids"],"picked":"SKIP","floor":5},{"not_picked":["MagicAbsorber","EarthLightRay","6A","WitchLeyline"],"picked":"ManaRampage","floor":7},{"not_picked":["OpenUniverse","MilkyWay","LuminesStrike","WitchOfGreed"],"picked":"PropBag","floor":10},{"not_picked":["DragonMeteor","LuminesStrike","OneTimeOff","DarkSpark"],"picked":"PowerUp","floor":11},{"not_picked":["ShootingEcho","UnstableBomb","Orbital","SuperPerseids"],"picked":"DoubleSpark","floor":13}],"player_experience":414878,"relics_obtained":[{"floor":1,"key":"SynthV:TestCard"},{"floor":7,"key":"jedi:arcanewood"},{"floor":9,"key":"Iron Hammer"},{"floor":11,"key":"strawberrySpire:MawJerky"}],"event_choices":[],"is_beta":false,"boss_relics":[],"items_purged_floors":[],"is_endless":false,"potions_floor_spawned":[4,5,13],"killed_by":"The Guardian","ascension_level":0}}