{"host":"h7xtspmc2x3i8s2i","time":1608803051,"event":{"mods":["2.2 Compatiblity","AchievementEnabler","Act Like it!","AlwaysNeverKeys","Aspiration","Astrologer","BaseMod","Beaked The Cultist","Bestiary","Better Match","Better Sensory Stone","Better Third Choice","Better Vampires","BetterRewards","Challenge The Spire","Colored Map","Colored Powertips","Colorless Booster Pack","Curses Come First","Defuse TimeMaze Blight","Dio Mod","Downfall","Duelist Mod","EXCEPTION","Energized Spire","Friendly Minions","GifTheSpireLib","Gold Saver","Gremlin Skip","Halation","Hubris","Jedi Mod","Key Reminder","Marked Mod","Minty Spire (QoL Compilation)","Permanent Neow","Random Character Button","Random Character Mod","Rare Cards Sparkle","Relic Filter","Relic Stats","Replay The Spire","SacredBarkPlus","Shop Mod","Somnambulant","Spicy Shops","Spikes Relics","Spire Birthday Party","StSLib","Steal the Spire","Stuff the Spire","SuperFastMode","The Awakened One except there are too many feathers","The Blue Laboratory","The Cursed","The Death Knight","The Dragon Tamer","The Edgeheg","The Hierophant","The Problem Sleuth","The Wild Card","Transform Curses","Unceasing Turn Reminder","everything is the same but u backflip on backflip","slay the spire mod where everything is the same but ironclad has a cowboy hat","vexMod"],"gold_per_floor":[1264,1278,1378,1391,1404,1404,1404,1404,1414,1433,1358,1385,1405,1555,1569,1666,1666,1591,1605,1615,1628,1628,1663,1663,1675,1689,1614,227,7,37,37,48,151,151,151,162,176,276,35,55,79,106,118,132,132,142,57,70,84,84,84,110,64,64,64],"floor_reached":56,"playtime":2995,"items_purged":["champ:Strike","champ:Strike"],"score":1402,"play_id":"6c5b0d0b-928a-4f50-bde1-c3f53a030c6b","local_time":"20201224044411","is_ascension_mode":false,"campfire_choices":[{"floor":1,"key":"RECALL"},{"floor":11,"key":"REST"},{"data":"champ:Control","floor":18,"key":"SMITH"},{"floor":27,"key":"REST"},{"data":"champ:Backstep","floor":35,"key":"SMITH"},{"data":"champ:Backstep","floor":54,"key":"SMITH"}],"circlet_count":0,"master_deck":["champ:Strike","champ:Strike+1","champ:Defend","champ:Defend+1","champ:Defend+1","champ:Defend","champ:Execute","champ:Taunt+1","champ:Backstep+1","champ:GutPunch","champ:Control+1","champ:FlashCut","champ:DefensiveShout","champ:GutPunch","champ:DefensiveShout+1","champ:SteelEdge+1","champ:CalledShot+1","champ:GutPunch","champ:SteelEdge+1","champ:Backstep+1","champ:FanOfKnives","champ:DefensiveStyle+1","champ:Backstep","champ:IronFortress+1","Hallucinations","champ:FlashCut+1","champ:GladiatorsShout+1","champ:FaceSlap","champ:FaceSlap","champ:FanOfKnives+1","champ:FanOfKnives+1","champ:GutPunch","champ:FanOfKnives+1","champ:IronFortress+1","champ:GutPunch"],"relics":["champ:ChampionCrown","jedi:bottledfury","Frozen Egg 2","Bronze Scales","downfall:HeartBlessingRed","sneckomod:SneckoTalon","downfall:HeartBlessingGreen","Oddly Smooth Stone","downfall:HeartBlessingBlue","Matryoshka","BicycleWheel","Blood Vial","champ:BerserkersGuideToSlaughter","Guide Book","MerchantsRug","CrustySpines","Replay:Accelerometer","Ring of Hypnosis","hubris:ScarierMask","hubris:SlimyHat","War Paint","champ:FightingForDummies","HornCleat","Pantograph","halation:AfternoonTea","Whetstone"],"acts_visited":["Exordium","TheCity","TheBeyond","TheEnding"],"potions_floor_usage":[12,19,21,33,39,44,48,55],"damage_taken":[{"damage":5,"enemies":"2 Louse","floor":2,"turns":3},{"damage":12,"enemies":"Cultist","floor":4,"turns":5},{"damage":18,"enemies":"Jaw Worm","floor":5,"turns":3},{"damage":11,"enemies":"3 Louse","floor":9,"turns":3},{"damage":5,"enemies":"2 Fungi Beasts","floor":10,"turns":3},{"damage":43,"enemies":"Gremlin Nob","floor":12,"turns":4},{"damage":23,"enemies":"Gremlin Gang","floor":13,"turns":2},{"damage":12,"enemies":"3 Louse","floor":15,"turns":3},{"damage":49,"enemies":"downfall:Silent","floor":16,"turns":4},{"damage":5,"enemies":"3 Byrds","floor":19,"turns":2},{"damage":25,"enemies":"Shell Parasite","floor":20,"turns":4},{"damage":32,"enemies":"Snake Plant","floor":21,"turns":3},{"damage":49,"enemies":"Slavers","floor":23,"turns":8},{"damage":26,"enemies":"Shelled Parasite and Fungi","floor":25,"turns":4},{"damage":18,"enemies":"Snecko","floor":26,"turns":4},{"damage":18,"enemies":"downfall:FleeingMerchant","floor":28,"turns":4},{"damage":8,"enemies":"downfall:FleeingMerchant","floor":29,"turns":4},{"damage":15,"enemies":"Gremlin Leader","floor":30,"turns":7},{"damage":24,"enemies":"Centurion and Healer","floor":32,"turns":7},{"damage":20,"enemies":"downfall:Watcher","floor":33,"turns":7},{"damage":0,"enemies":"Orb Walker","floor":36,"turns":4},{"damage":3,"enemies":"3 Darklings","floor":37,"turns":5},{"damage":13,"enemies":"downfall:FleeingMerchant","floor":39,"turns":4},{"damage":5,"enemies":"Sphere and 2 Shapes","floor":40,"turns":2},{"damage":9,"enemies":"Reptomancer","floor":42,"turns":7},{"damage":21,"enemies":"Maw","floor":43,"turns":7},{"damage":8,"enemies":"Transient","floor":44,"turns":5},{"damage":0,"enemies":"3 Darklings","floor":46,"turns":4},{"damage":4,"enemies":"downfall:FleeingMerchant","floor":47,"turns":3},{"damage":11,"enemies":"Jaw Worm Horde","floor":48,"turns":3},{"damage":12,"enemies":"Maw","floor":49,"turns":5},{"damage":25,"enemies":"downfall:Defect","floor":50,"turns":8},{"damage":50,"enemies":"downfall:CharBossMerchant","floor":52,"turns":7},{"damage":99,"enemies":"downfall:NeowBoss","floor":55,"turns":25}],"seed_played":"6424563724643901931","potions_obtained":[{"floor":4,"key":"Strength Potion"},{"floor":9,"key":"SteroidPotion"},{"floor":13,"key":"SmokeBomb"},{"floor":16,"key":"Explosive Potion"},{"floor":19,"key":"blueLaboratory:HeartbeatPotion"},{"floor":20,"key":"FearPotion"},{"floor":30,"key":"Explosive Potion"},{"floor":32,"key":"Block Potion"},{"floor":33,"key":"Strength Potion"},{"floor":37,"key":"champ:OpenerPotion"},{"floor":44,"key":"Energy Potion"},{"floor":48,"key":"Languid Potion"},{"floor":52,"key":"jedi:wingpotion"}],"is_trial":false,"path_per_floor":["R","M","?","M","M","?","T","?","M","M","R","E","M","?","M","B",null,"R_BF","M","M","M","?","E","T","M","M","R","$","$","E","?","M","B",null,"R","M","M","?","$","M","T","E","M","M","?","M","$","M","M","B",null,"E","$","R","B",null],"character_chosen":"THE_CHAMP","items_purchased":["champ:FanOfKnives","champ:DefensiveStyle+1","Matryoshka","BicycleWheel","Blood Vial","champ:BerserkersGuideToSlaughter","Guide Book","MerchantsRug","CrustySpines","champ:IronFortress+1","champ:FaceSlap","hubris:SlimyHat","champ:GutPunch","Pantograph","halation:AfternoonTea","champ:GutPunch"],"campfire_rested":2,"item_purchase_floors":[28,28,28,28,28,28,28,28,28,29,39,39,47,47,47,53],"current_hp_per_floor":[90,90,90,83,75,72,72,65,62,62,89,64,64,64,57,44,90,90,90,80,68,68,40,40,40,32,72,72,84,96,96,100,100,100,100,100,100,100,100,100,100,100,100,100,92,100,99,100,100,99,100,79,79,79,79],"gold":64,"neow_bonus":"UPGRADE_CARD","is_daily":false,"chose_seed":false,"campfire_upgraded":3,"win_rate":0.0,"timestamp":1608803051,"path_taken":["R","M","?","?","M","?","T","?","M","M","R","E","M","?","M","BOSS","R_BF","M","M","?","?","E","T","M","M","R","?","$","E","?","M","BOSS","R","M","M","?","$","M","T","E","M","?","?","?","$","M","M","BOSS","E","$","R","BOSS"],"items_purchased_type":["Card","Card","Relic","Relic","Relic","Relic","Relic","Relic","Relic","Card","Card","Relic","Card","Relic","Relic","Card"],"build_version":"2020-12-22","purchased_purges":2,"victory":true,"max_hp_per_floor":[90,90,90,90,90,90,90,90,90,90,90,90,90,90,90,90,90,90,90,90,90,90,90,90,90,90,100,100,100,100,100,100,100,100,100,100,100,100,100,100,100,100,100,100,100,100,100,100,100,100,100,100,100,100,100],"relic_stats":{"Blood Vial":9,"counters":[34,173],"Bronze Scales":[435],"Pantograph":21,"Whetstone":["champ:FanOfKnives","champ:FlashCut"],"War Paint":["champ:Defend","champ:DefensiveShout"],"obtain_stats":[{"Replay:Accelerometer":30,"champ:ChampionCrown":0,"downfall:HeartBlessingGreen":18,"hubris:SlimyHat":39,"jedi:bottledfury":6,"Whetstone":52,"Blood Vial":28,"Matryoshka":28,"HornCleat":42,"downfall:HeartBlessingBlue":27,"Pantograph":47,"hubris:ScarierMask":34,"champ:BerserkersGuideToSlaughter":28,"champ:FightingForDummies":41,"BicycleWheel":28,"MerchantsRug":28,"downfall:HeartBlessingRed":11,"Ring of Hypnosis":31,"Guide Book":28,"Oddly Smooth Stone":23,"Frozen Egg 2":7,"War Paint":41,"sneckomod:SneckoTalon":17,"Akabeko":12,"keyreminder:keyreminder":1,"Bronze Scales":8,"halation:AfternoonTea":47,"CrustySpines":28},{"Replay:Accelerometer":18,"champ:ChampionCrown":0,"downfall:HeartBlessingGreen":9,"hubris:SlimyHat":23,"jedi:bottledfury":3,"Whetstone":33,"Blood Vial":16,"Matryoshka":16,"HornCleat":25,"downfall:HeartBlessingBlue":15,"Pantograph":29,"hubris:ScarierMask":20,"champ:BerserkersGuideToSlaughter":16,"champ:FightingForDummies":24,"BicycleWheel":16,"MerchantsRug":16,"downfall:HeartBlessingRed":5,"Ring of Hypnosis":18,"Guide Book":16,"Oddly Smooth Stone":13,"Frozen Egg 2":3,"War Paint":24,"sneckomod:SneckoTalon":9,"Akabeko":6,"keyreminder:keyreminder":0,"Bronze Scales":3,"halation:AfternoonTea":29,"CrustySpines":16},{"Replay:Accelerometer":70,"champ:ChampionCrown":0,"downfall:HeartBlessingGreen":30,"hubris:SlimyHat":97,"jedi:bottledfury":11,"Whetstone":148,"Blood Vial":59,"Matryoshka":59,"HornCleat":106,"downfall:HeartBlessingBlue":55,"Pantograph":125,"hubris:ScarierMask":84,"champ:BerserkersGuideToSlaughter":59,"champ:FightingForDummies":99,"BicycleWheel":59,"MerchantsRug":59,"downfall:HeartBlessingRed":17,"Ring of Hypnosis":70,"Guide Book":59,"Oddly Smooth Stone":47,"Frozen Egg 2":11,"War Paint":99,"sneckomod:SneckoTalon":30,"Akabeko":21,"keyreminder:keyreminder":0,"Bronze Scales":11,"halation:AfternoonTea":125,"CrustySpines":59}]},"card_choices":[{"not_picked":["champ:IronFortress","champ:DefensiveShout"],"picked":"champ:Backstep","floor":2},{"not_picked":["champ:SkillfulDodge","champ:BerserkersShout"],"picked":"champ:GutPunch","floor":4},{"not_picked":["champ:StanceDance","champ:RecklessLeap"],"picked":"champ:Control","floor":5},{"not_picked":["champ:CrookedStrike","champ:Haymaker"],"picked":"champ:FlashCut","floor":9},{"not_picked":["champ:RisingSlash","champ:EndlessRage+1"],"picked":"champ:DefensiveShout","floor":10},{"not_picked":["champ:BringItOn","champ:SwordThrow"],"picked":"champ:GutPunch","floor":12},{"not_picked":["champ:Haymaker","champ:CrookedStrike"],"picked":"champ:DefensiveShout","floor":13},{"not_picked":["champ:SkillfulDodge","champ:PerfectedStrike","champ:CrookedStrike"],"picked":"SKIP","floor":15},{"not_picked":["champ:HoldFirm","champ:CrownThrow"],"picked":"champ:SteelEdge","floor":16},{"not_picked":["champ:ShieldSigil","champ:RapidStrikes+1","champ:Duel+1"],"picked":"SKIP","floor":19},{"not_picked":["champ:RageSigil","champ:DefensiveShout+1"],"picked":"champ:CalledShot+1","floor":20},{"not_picked":["champ:AdrenalArmor","champ:TornadoPunch","champ:BladeFlurry"],"picked":"SKIP","floor":21},{"not_picked":["champ:DefensiveShout","champ:HeartStrike+1"],"picked":"champ:GutPunch","floor":23},{"not_picked":["champ:Duel","champ:CrookedStrike"],"picked":"champ:SteelEdge","floor":25},{"not_picked":["champ:SwordSigil+1","champ:ShieldSigil"],"picked":"champ:Backstep","floor":26},{"not_picked":["champ:FalseCounter","champ:EnGarde","champ:HeartStrike"],"picked":"SKIP","floor":28},{"not_picked":["champ:GladiatorsShout","champ:ArenaPreparation+1"],"picked":"champ:Backstep","floor":29},{"not_picked":["champ:FalseCounter","champ:EnragedBash","champ:SwordSigil+1"],"picked":"SKIP","floor":30},{"not_picked":["champ:CalledShot+1","champ:PreciseThrust"],"picked":"champ:FlashCut","floor":32},{"not_picked":["champ:BerserkersShout","champ:AdrenalArmor","champ:FocusedGladiator"],"picked":"SKIP","floor":36},{"not_picked":["champ:BladeFlurry+1","champ:Haymaker+1"],"picked":"champ:GladiatorsShout+1","floor":37},{"not_picked":["champ:Circumvent+1","champ:HeartStrike+1"],"picked":"champ:FaceSlap","floor":39},{"not_picked":["champ:CrownThrow","champ:EndlessRage+1","champ:BerserkersShout+1"],"picked":"SKIP","floor":40},{"not_picked":["champ:SwordSigil","champ:FocusedDefense+1","champ:Haymaker"],"picked":"SKIP","floor":42},{"not_picked":["champ:RageSigil","champ:EnGarde+1","champ:CrookedStrike"],"picked":"SKIP","floor":43},{"not_picked":["champ:SwordThrow","champ:CrookedStrike+1","champ:TornadoPunch"],"picked":"SKIP","floor":44},{"not_picked":["champ:FightOn","champ:CalledShot+1"],"picked":"champ:FanOfKnives","floor":46},{"not_picked":["champ:CrookedStrike+1","champ:Backstep+1"],"picked":"champ:FanOfKnives+1","floor":47},{"not_picked":["champ:EndlessRage+1","champ:TornadoPunch+1","champ:GladiatorsShout"],"picked":"SKIP","floor":48},{"not_picked":["champ:RageSigil","champ:AdrenalArmor"],"picked":"champ:FanOfKnives+1","floor":49},{"not_picked":["champ:SwordThrow","champ:DeathBlow+1"],"picked":"champ:IronFortress+1","floor":52}],"player_experience":560100,"relics_obtained":[{"floor":7,"key":"Frozen Egg 2"},{"floor":12,"key":"Akabeko"},{"floor":23,"key":"Oddly Smooth Stone"},{"floor":30,"key":"Replay:Accelerometer"},{"floor":31,"key":"Ring of Hypnosis"},{"floor":41,"key":"War Paint"},{"floor":41,"key":"champ:FightingForDummies"},{"floor":42,"key":"HornCleat"},{"floor":52,"key":"Whetstone"}],"event_choices":[{"damage_healed":0,"gold_gain":0,"player_choice":"Relic ","damage_taken":7,"max_hp_gain":0,"max_hp_loss":0,"event_name":"betterThird:BetterScrap","floor":8,"gold_loss":0,"cards_obtained":["Bouncing Flask"]}],"is_beta":false,"boss_relics":[{"not_picked":["energizedSpire:MagnifyingGlass","hubris:Stopwatch"],"picked":"sneckomod:SneckoTalon"},{"not_picked":["aspiration:WatcherSkillbook","Velvet Choker"],"picked":"hubris:ScarierMask"}],"items_purged_floors":[28,29],"is_endless":false,"potions_floor_spawned":[4,9,13,16,19,20,30,32,33,36,37,44,48,52],"ascension_level":0}}