{"host":"zjh67scmpoerk5lt","time":1608781426,"event":{"mods":["BaseMod","Infinite Spire","Minty Spire (QoL Compilation)","Quick Restart","Replay The Spire","StSLib","The Animator","The Bug Knight","The Cursed","The IronCluck","The Servant 0.9.4"],"gold_per_floor":[113,63,163,183,31,31,57,57,57,57,72,72,150,186,186,285,285,326,358,358,373,423,423,461,461,514,584,584,634,684,10,10,141,141,176,526,576,598,598,600,600],"floor_reached":40,"playtime":5356,"items_purged":["Strike_B","Defend_B","Strike_B+1"],"score":452,"play_id":"20438642-aedb-4462-95e1-52e884df5a90","local_time":"20201223204346","is_ascension_mode":false,"campfire_choices":[{"data":"Redo","floor":6.0,"key":"SMITH"},{"data":"ReplayTheSpireMod:Fabricate Wheel","floor":8.0,"key":"SMITH"},{"data":"Zap","floor":10.0,"key":"SMITH"},{"data":"Seek","floor":15,"key":"SMITH"},{"data":"Rainbow","floor":23,"key":"SMITH"},{"data":"Capacitor","floor":25,"key":"SMITH"},{"data":"ReplayTheSpireMod:Omega Cannon","floor":28,"key":"SMITH"},{"data":"Strike_B","floor":32,"key":"PURGE"}],"circlet_count":0,"master_deck":["Defend_B+1","Defend_B+1","Defend_B+1","Zap+1","Dualcast+1","Redo+1","Self Repair+1","ReplayTheSpireMod:Omega Cannon+1","Time Bomb+1","Coolheaded+1","Seek+1","Conserve Battery+1","Chill+1","Capacitor+1","Rainbow+1","Chaos+1","Redo+1","Cold Snap+1","ReplayTheSpireMod:System Scan+1","infinitespire:FutureSight+1","Buffer+1","Cold Snap+1","Electrodynamics+1","Crystallizer+1","BasicCrystalCard+1","Loop+1","ReplayTheSpireMod:Brewmster+1","Seek+1","ReplayTheSpireMod:Private Reserves+1","Creative AI+1","Tempest+1","Fusion+1","ReplayTheSpireMod:Calculation Training+1","infinitespire:Punishment"],"relics":["FrozenCore","NeowsBlessing","Replay:Frozen Program","Replay:Bandana","Bronze Scales","Prayer Wheel","SsserpentHead","Frozen Egg 2","Toxic Egg 2","Lantern","MutagenicStrength","Potion Belt","DollysMirror","Inserter","Old Coin","Mark of the Bloom","Replay:Multitool"],"acts_visited":["Exordium","TheCity","TheBeyond"],"potions_floor_usage":[27],"damage_taken":[{"damage":0.0,"enemies":"2 Louse","floor":1.0,"turns":1.0},{"damage":0.0,"enemies":"infinitespire:Voidling","floor":4.0,"turns":1.0},{"damage":0.0,"enemies":"Gremlin Nob","floor":7.0,"turns":1.0},{"damage":6.0,"enemies":"Cultist","floor":11.0,"turns":4.0},{"damage":7,"enemies":"3 Louse","floor":13,"turns":2},{"damage":0,"enemies":"Gremlin Gang","floor":14,"turns":1},{"damage":79,"enemies":"Fading Forest","floor":16,"turns":11},{"damage":0,"enemies":"3 Byrds","floor":18,"turns":3},{"damage":0,"enemies":"Spheric Guardian","floor":19,"turns":3},{"damage":10,"enemies":"Snake Plant","floor":21,"turns":4},{"damage":10,"enemies":"HollowMod:Nosk","floor":24,"turns":8},{"damage":0,"enemies":"Chosen and Byrds","floor":27,"turns":4},{"damage":22,"enemies":"Collector","floor":33,"turns":9},{"damage":0,"enemies":"3 Shapes","floor":35,"turns":1},{"damage":0,"enemies":"3 Darklings","floor":38,"turns":4},{"damage":81,"enemies":"Nightmare","floor":40,"turns":6}],"seed_played":"557220654744959953","potions_obtained":[{"floor":7.0,"key":"FairyPotion"},{"floor":11.0,"key":"BlessingOfTheForge"},{"floor":14,"key":"Block Potion"},{"floor":19,"key":"Fruit Juice"},{"floor":38,"key":"Fire Potion"}],"is_trial":false,"path_per_floor":["M","?","?","M","$","R","E","R","T","R","M","?","M","M","R","B",null,"M","M","AVR","M","?","R","E","R","T","M","R","?","?","$","R","B",null,"M","T","?","M","AVR","NM"],"character_chosen":"DEFECT","items_purchased":["Replay:Frozen Program","Loop+1","Potion Belt","ReplayTheSpireMod:Brewmster+1","DollysMirror","ReplayTheSpireMod:Private Reserves+1"],"campfire_rested":0,"item_purchase_floors":[5,31,31,31,31,31],"current_hp_per_floor":[75,75,75,75,75,75,75,75,75,75,75,75,68,68,68,11,75,75,75,75,72,75,75,72,72,72,80,80,80,80,80,80,65,80,80,80,80,80,80,0,0],"gold":600,"neow_bonus":"THREE_ENEMY_KILL","is_daily":false,"chose_seed":false,"campfire_upgraded":7,"win_rate":0.0,"timestamp":1608781426,"path_taken":["M","?","?","?","$","R","E","R","T","R","M","?","?","M","R","BOSS","M","M","AVR","M","?","R","E","R","T","?","R","?","?","?","R","BOSS","M","?","?","M","AVR","NM"],"items_purchased_type":["Relic","Card","Relic","Card","Relic","Card"],"build_version":"2020-12-22","purchased_purges":3,"victory":false,"max_hp_per_floor":[75,75,75,75,75,75,75,75,75,75,75,75,75,75,75,75,75,75,75,75,75,75,75,75,75,75,80,80,80,80,80,80,80,80,80,80,80,80,80,80,80],"card_choices":[{"not_picked":["Leap","Stack"],"picked":"Redo","floor":1.0},{"not_picked":["Go for the Eyes","Aggregate"],"picked":"Self Repair","floor":4.0},{"not_picked":["Go for the Eyes","Chaos"],"picked":"ReplayTheSpireMod:Fabricate Wheel","floor":7.0},{"not_picked":["Streamline","BasicCrystalCard"],"picked":"Time Bomb","floor":11.0},{"not_picked":["Stack","Redo"],"picked":"Coolheaded","floor":11.0},{"not_picked":["Ball Lightning","Hologram"],"picked":"Seek","floor":13},{"not_picked":["Hologram","Panic Button"],"picked":"Conserve Battery","floor":13},{"not_picked":["Hologram","Melter"],"picked":"Chill","floor":14},{"not_picked":["Streamline","ReplaySolidLightProjector"],"picked":"Capacitor","floor":14},{"not_picked":["Biased Cognition","Multi-Cast"],"picked":"Rainbow","floor":16},{"not_picked":["Hologram","ReplayGash"],"picked":"Chaos+1","floor":18},{"not_picked":["Hologram+1","Compile Driver"],"picked":"Redo+1","floor":18},{"not_picked":["Ball Lightning","Redo+1"],"picked":"Cold Snap","floor":19},{"not_picked":["Compile Driver","White Noise"],"picked":"ReplayTheSpireMod:System Scan","floor":19},{"not_picked":["Hologram","Coolheaded"],"picked":"Buffer+1","floor":21},{"not_picked":["Conserve Battery","Go for the Eyes+1"],"picked":"Cold Snap","floor":21},{"not_picked":["Multi-Cast+1","Gash"],"picked":"Electrodynamics+1","floor":24},{"not_picked":["Redo+1","Hologram+1"],"picked":"Crystallizer+1","floor":27},{"not_picked":["Cold Snap","Time Bomb+1"],"picked":"BasicCrystalCard+1","floor":27},{"not_picked":["ReplayRNGCard+1","Thunder Strike"],"picked":"Creative AI+1","floor":33},{"not_picked":["Sweeping Beam","Cold Snap+1"],"picked":"Tempest+1","floor":35},{"not_picked":["Leap+1","Conserve Battery+1"],"picked":"Fusion+1","floor":35},{"not_picked":["Panic Button+1","Go for the Eyes+1"],"picked":"ReplayTheSpireMod:Calculation Training+1","floor":38},{"not_picked":["Compile Driver+1","Panic Button+1","Beam Cell"],"picked":"SKIP","floor":38}],"player_experience":16535,"relics_obtained":[{"floor":7.0,"key":"Replay:Bandana"},{"floor":9.0,"key":"Bronze Scales"},{"floor":24,"key":"Toxic Egg 2"},{"floor":26,"key":"Lantern"},{"floor":36,"key":"Old Coin"}],"event_choices":[{"cards_removed":["Strike_B"],"damage_healed":0.0,"max_hp_gain":0.0,"max_hp_loss":0.0,"gold_gain":0.0,"event_name":"The Cleric","player_choice":"Card Removal","floor":2.0,"gold_loss":50.0,"damage_taken":0.0},{"damage_healed":0.0,"max_hp_gain":0.0,"max_hp_loss":0.0,"gold_gain":100.0,"event_name":"Golden Shrine","player_choice":"Pray","floor":3.0,"gold_loss":0.0,"damage_taken":0.0},{"damage_healed":0,"gold_gain":0,"player_choice":"Trade","damage_taken":0,"relics_obtained":["SsserpentHead"],"max_hp_gain":0,"max_hp_loss":0,"event_name":"FaceTrader","floor":12,"gold_loss":0},{"damage_healed":3,"gold_gain":0,"player_choice":"Full Heal","damage_taken":0,"max_hp_gain":0,"max_hp_loss":0,"event_name":"Wheel of Change","floor":22,"gold_loss":0},{"damage_healed":0,"gold_gain":0,"player_choice":"Ignored","damage_taken":0,"max_hp_gain":0,"max_hp_loss":0,"event_name":"Vampires","floor":29,"gold_loss":0},{"damage_healed":0,"gold_gain":0,"player_choice":"Inject Mutagens","damage_taken":0,"relics_obtained":["MutagenicStrength"],"max_hp_gain":0,"max_hp_loss":0,"event_name":"Drug Dealer","floor":30,"gold_loss":0},{"damage_healed":0,"gold_gain":0,"player_choice":"Upgrade","damage_taken":0,"relics_obtained":["Mark of the Bloom"],"max_hp_gain":0,"max_hp_loss":0,"event_name":"MindBloom","floor":37,"gold_loss":0,"cards_upgraded":["Strike_B","Defend_B","Defend_B","Defend_B","Dualcast","Self Repair","Time Bomb","Coolheaded","Conserve Battery","Chill","Cold Snap","ReplayTheSpireMod:System Scan","infinitespire:FutureSight","Cold Snap"]}],"is_beta":false,"boss_relics":[{"not_picked":["Replay:Drink Me","Cursed Key"],"picked":"FrozenCore"},{"not_picked":["Replay:Ancient Bell","Kintsugi"],"picked":"Inserter"}],"items_purged_floors":[20,31,39],"is_endless":false,"potions_floor_spawned":[7,11,14,19,24,33,38],"killed_by":"Nightmare","ascension_level":0}}