{"host":"28bpuzdckreop5i0","time":1608842844,"event":{"mods":["Act Like it!","BaseMod","Best Route Mod","BetterRewards","Challenge The Spire","Conspire","Defuse TimeMaze Blight","Downfall","Energized Spire","Googly Eyes","Hubris","Infinite Spire","Lobotomy","Mimic Mod","Minty Spire (QoL Compilation)","Relic Stats","Spicy Shops","StSLib","The Awakened One except there are too many feathers","The Cursed","The Hierophant","The IronCluck","The Jungle","Thieving Mod","Transform Curses","Wandering Minibosses","slay the spire mod where everything is the same but ironclad has a cowboy hat"],"gold_per_floor":[111,111,111,124,162,197,197,229,229,229,247,265,118,130,130,233,233,249,249,263,283,95,122,122,133,133,133,133,33,52,62,62,160,160,173,21,21,21,21,21,34,49,72,85,103,114,124,124,124,124],"floor_reached":51,"playtime":1694,"items_purged":["Amplify","Multi-Cast","conspire:Rain"],"score":731,"play_id":"6cbd7f47-7185-4a9a-9c0d-bc7d3b1a774c","local_time":"20201224144724","is_ascension_mode":false,"campfire_choices":[{"data":"Zap","floor":7,"key":"SMITH"},{"floor":10,"key":"REST"},{"floor":15,"key":"REST"},{"data":"Zap","floor":24,"key":"SMITH"},{"floor":32,"key":"REST"},{"data":"hubris:Rewind","floor":40,"key":"SMITH"},{"floor":49,"key":"REST"}],"circlet_count":0,"master_deck":["conspire:GhostlyStrike+1","conspire:GhostlyStrike+1","conspire:GhostlyStrike+1","conspire:GhostlyStrike+1","conspire:GhostlyDefend+1","conspire:GhostlyDefend+1","conspire:GhostlyDefend+1","conspire:GhostlyDefend+1","Zap+1","Dualcast","Streamline","Zap+1","Steam","Conserve Battery","hubris:PowerSurge","Thunder Strike","Electrodynamics","infinitespire:Execution","FTL","Thunder Strike","Steam","Loop","hubris:Rewind+1","Redo","Redo+1","Seek","Conserve Battery"],"relics":["Cracked Core","infinitespire:Freezer","Symbiotic Virus","infinitespire:Lucky Rock","infinitespire:EmpoweringShard","infinitespire:Cupcake","Anchor","infinitespire:PuzzleCube","Potion Belt","HornCleat","energizedSpire:SpiderWeb","Emotion Chip","Strawberry"],"acts_visited":["Exordium","TheCity","TheBeyond"],"potions_floor_usage":[16,33,42,46,50,50,50,50,50,50],"damage_taken":[{"damage":0,"enemies":"2 Louse","floor":1,"turns":2},{"damage":0,"enemies":"Small Slimes","floor":4,"turns":3},{"damage":6,"enemies":"Cultist","floor":5,"turns":5},{"damage":14,"enemies":"Lagavulin","floor":6,"turns":6},{"damage":25,"enemies":"Gremlin Nob","floor":8,"turns":5},{"damage":0,"enemies":"Cultist","floor":11,"turns":2},{"damage":6,"enemies":"Exordium Thugs","floor":12,"turns":4},{"damage":7,"enemies":"Lots of Slimes","floor":14,"turns":4},{"damage":28,"enemies":"Hexaghost","floor":16,"turns":7},{"damage":0,"enemies":"3 Byrds","floor":18,"turns":3},{"damage":8,"enemies":"Shell Parasite","floor":20,"turns":4},{"damage":3,"enemies":"Cultist and Chosen","floor":21,"turns":4},{"damage":14,"enemies":"Book of Stabbing","floor":23,"turns":4},{"damage":5,"enemies":"Snake Plant","floor":25,"turns":3},{"damage":6,"enemies":"3 Cultists","floor":30,"turns":4},{"damage":0,"enemies":"Centurion and Healer","floor":31,"turns":3},{"damage":14,"enemies":"Automaton","floor":33,"turns":6},{"damage":6,"enemies":"Orb Walker","floor":35,"turns":4},{"damage":7,"enemies":"3 Shapes","floor":41,"turns":4},{"damage":6,"enemies":"Transient","floor":42,"turns":5},{"damage":0,"enemies":"4 Shapes","floor":44,"turns":3},{"damage":2,"enemies":"Jaw Worm Horde","floor":45,"turns":2},{"damage":15,"enemies":"Writhing Mass","floor":46,"turns":4},{"damage":0,"enemies":"Sphere and 2 Shapes","floor":47,"turns":3},{"damage":40,"enemies":"Awakened One","floor":50,"turns":8}],"seed_played":"4300923734954149042","potions_obtained":[{"floor":6,"key":"EntropicBrew"},{"floor":8,"key":"BlessingOfTheForge"},{"floor":11,"key":"SpeedPotion"},{"floor":20,"key":"PowerPotion"},{"floor":23,"key":"Swift Potion"},{"floor":41,"key":"champ:CounterPotion"},{"floor":45,"key":"Swift Potion"},{"floor":46,"key":"LiquidBronze"}],"is_trial":false,"path_per_floor":["M","?","?","M","MIM","E","R","E","T","R","M","M","$","M","R","B",null,"M","AVR","M","M","$","E","R","M","T","?","?","$","M","M","R","B",null,"M","$","?","?","$","R","M","M","T","M","M","M","M","?","R","B",null],"character_chosen":"DEFECT","items_purchased":["Defragment","infinitespire:PuzzleCube","FTL","Emotion Chip","Loop"],"campfire_rested":4,"item_purchase_floors":[13,22,22,36,36],"current_hp_per_floor":[75,75,75,75,69,55,55,30,30,52,52,46,46,39,61,33,75,75,75,67,64,64,50,50,45,45,45,45,45,39,39,61,47,75,69,69,69,50,50,50,43,37,44,44,42,27,27,27,51,11],"gold":124,"neow_bonus":"ONE_RANDOM_RARE_CARD","is_daily":false,"chose_seed":false,"campfire_upgraded":3,"win_rate":0.0,"timestamp":1608842844,"path_taken":["M","?","?","?","?","E","R","E","T","R","M","M","$","M","R","BOSS","M","AVR","M","M","$","E","R","M","T","?","?","$","M","M","R","BOSS","M","$","?","?","?","R","M","M","T","M","M","M","?","?","R","BOSS"],"items_purchased_type":["Card","Relic","Card","Relic","Card"],"build_version":"2020-12-22","purchased_purges":3,"victory":true,"max_hp_per_floor":[75,75,75,75,75,75,75,75,75,75,75,75,75,75,75,75,75,75,75,75,75,75,75,75,75,75,75,75,75,75,75,75,75,75,75,75,75,75,75,75,75,75,82,82,82,82,82,82,82,82],"relic_stats":{"Emotion Chip":[22,22,0,0,0],"counters":[25,102],"obtain_stats":[{"Potion Belt":23,"infinitespire:Lucky Rock":8,"energizedSpire:SpiderWeb":34,"Anchor":19,"Emotion Chip":36,"HornCleat":26,"Strawberry":43,"infinitespire:EmpoweringShard":9,"Cracked Core":0,"Symbiotic Virus":6,"infinitespire:PuzzleCube":22,"infinitespire:Freezer":5,"infinitespire:Cupcake":17},{"Potion Belt":13,"infinitespire:Lucky Rock":5,"energizedSpire:SpiderWeb":17,"Anchor":10,"Emotion Chip":18,"HornCleat":14,"Strawberry":20,"infinitespire:EmpoweringShard":5,"Cracked Core":0,"Symbiotic Virus":4,"infinitespire:PuzzleCube":12,"infinitespire:Freezer":3,"infinitespire:Cupcake":9},{"Potion Belt":53,"infinitespire:Lucky Rock":21,"energizedSpire:SpiderWeb":69,"Anchor":41,"Emotion Chip":73,"HornCleat":56,"Strawberry":82,"infinitespire:EmpoweringShard":21,"Cracked Core":0,"Symbiotic Virus":16,"infinitespire:PuzzleCube":49,"infinitespire:Freezer":10,"infinitespire:Cupcake":38}]},"card_choices":[{"not_picked":["Barrage","Cold Snap"],"picked":"Streamline","floor":1},{"not_picked":["Cold Snap","Steam","Hologram"],"picked":"SKIP","floor":4},{"not_picked":["Cold Snap","Hologram"],"picked":"Steam","floor":4},{"not_picked":["Cold Snap","Redo"],"picked":"Conserve Battery","floor":5},{"not_picked":["Reboot","Barrage","Reinforced Body"],"picked":"SKIP","floor":6},{"not_picked":["Heatsinks","Steam","Leap"],"picked":"SKIP","floor":8},{"not_picked":["FTL","Coolheaded"],"picked":"conspire:Rain","floor":11},{"not_picked":["Go for the Eyes","Sweeping Beam"],"picked":"hubris:PowerSurge","floor":12},{"not_picked":["Scrape","Steam"],"picked":"Thunder Strike","floor":14},{"not_picked":["Thunder Strike","hubris:Prefetch"],"picked":"Electrodynamics","floor":16},{"not_picked":["Sweeping Beam","Conserve Battery","Coolheaded"],"picked":"SKIP","floor":18},{"not_picked":["Go for the Eyes","Chaos","Coolheaded"],"picked":"SKIP","floor":20},{"not_picked":["Auto Shields","Sunder","Streamline"],"picked":"SKIP","floor":21},{"not_picked":["Gash+1","All For One","Rebound"],"picked":"SKIP","floor":23},{"not_picked":["Defragment","Aggregate","Streamline+1"],"picked":"SKIP","floor":25},{"not_picked":["Skim","Go for the Eyes+1","Cold Snap+1"],"picked":"SKIP","floor":30},{"not_picked":["Hologram+1","Compile Driver+1","Storm"],"picked":"SKIP","floor":31},{"not_picked":["Biased Cognition","hubris:SpecializedCircuitry"],"picked":"Thunder Strike","floor":33},{"not_picked":["Beam Cell+1","Sweeping Beam+1"],"picked":"Steam","floor":35},{"not_picked":["hubris:Fate","infinitespire:FinalStrike"],"picked":"hubris:Rewind","floor":38},{"not_picked":["Hologram+1","Go for the Eyes+1"],"picked":"Redo","floor":41},{"not_picked":["Skim+1","Aggregate","Steam+1"],"picked":"SKIP","floor":42},{"not_picked":["Hello World","Sweeping Beam+1"],"picked":"Redo+1","floor":44},{"not_picked":["Gash+1","Compile Driver+1","Cold Snap"],"picked":"SKIP","floor":45},{"not_picked":["Heatsinks+1","Leap"],"picked":"Seek","floor":46},{"not_picked":["Hologram","Sweeping Beam"],"picked":"Conserve Battery","floor":47}],"player_experience":893397,"relics_obtained":[{"floor":5,"key":"infinitespire:Freezer"},{"floor":6,"key":"Symbiotic Virus"},{"floor":8,"key":"infinitespire:Lucky Rock"},{"floor":9,"key":"infinitespire:EmpoweringShard"},{"floor":23,"key":"Potion Belt"},{"floor":26,"key":"HornCleat"},{"floor":43,"key":"Strawberry"}],"event_choices":[{"damage_healed":0,"gold_gain":0,"player_choice":"Agree","damage_taken":0,"max_hp_gain":0,"max_hp_loss":0,"event_name":"conspire:LoneGhost","floor":2,"gold_loss":0},{"damage_healed":0,"gold_gain":0,"player_choice":"2 cards matched","damage_taken":0,"max_hp_gain":0,"max_hp_loss":0,"event_name":"Match and Keep!","floor":3,"gold_loss":0,"cards_obtained":["Multi-Cast","Zap"]},{"damage_healed":0,"gold_gain":0,"player_choice":"2 cards matched","damage_taken":0,"max_hp_gain":0,"max_hp_loss":0,"event_name":"Match and Keep!","floor":3,"gold_loss":0,"cards_obtained":["Multi-Cast","Zap"]},{"damage_healed":0,"gold_gain":0,"player_choice":"Simplicity","damage_taken":0,"max_hp_gain":0,"max_hp_loss":0,"event_name":"Back to Basics","floor":28,"gold_loss":0,"cards_upgraded":["conspire:GhostlyStrike","conspire:GhostlyStrike","conspire:GhostlyStrike","conspire:GhostlyStrike","conspire:GhostlyDefend","conspire:GhostlyDefend","conspire:GhostlyDefend","conspire:GhostlyDefend"]},{"damage_healed":0,"gold_gain":0,"player_choice":"Leave","damage_taken":0,"max_hp_gain":0,"max_hp_loss":0,"event_name":"conspire:Investor","floor":37,"gold_loss":0},{"cards_removed":["Defragment"],"damage_healed":0,"gold_gain":0,"player_choice":"Removed Power","damage_taken":0,"max_hp_gain":0,"max_hp_loss":0,"event_name":"Falling","floor":48,"gold_loss":0}],"is_beta":false,"boss_relics":[{"not_picked":["energizedSpire:DeadBattery","hubris:Stopwatch"],"picked":"infinitespire:Cupcake"},{"not_picked":["conspire:SeveredTorchhead","Velvet Choker"],"picked":"energizedSpire:SpiderWeb"}],"items_purged_floors":[13,19,29],"is_endless":false,"potions_floor_spawned":[6,8,11,12,20,21,23,41,45,46,47],"ascension_level":0}}