{"host":"baymyijz6sxaqj5s","time":1608791306,"event":{"mods":["AchievementEnabler","BaseMod","Colored Map","Colored Powertips","DeckTracker","KOR Keyword Fix","Keyboard Shortcuts","Minty Spire (QoL Compilation)","Quick Restart","StSLib","SuperFastMode"],"gold_per_floor":[116,128,143,161,138,138,151,151,151,151,167,167,183,201,201,297,297,317,242,242,242],"floor_reached":20,"playtime":628,"items_purged":[],"score":176,"play_id":"bd4e7900-e4a5-4c0e-a6c8-4ae3c905c557","local_time":"20201224152826","is_ascension_mode":true,"campfire_choices":[{"data":"Body Slam","floor":6,"key":"SMITH"},{"data":"Heavy Blade","floor":8,"key":"SMITH"},{"data":"Armaments","floor":10,"key":"SMITH"},{"data":"Body Slam","floor":15,"key":"SMITH"}],"circlet_count":0,"master_deck":["Strike_R","Strike_R","Strike_R","Strike_R","Strike_R","Defend_R","Defend_R","Defend_R","Defend_R","Bash","Armaments+1","Body Slam+1","Thunderclap","Heavy Blade+1","Body Slam+1","Power Through","Barricade","Shrug It Off"],"relics":["Black Blood","InkBottle","SsserpentHead"],"acts_visited":["Exordium","TheCity"],"potions_floor_usage":[16,16,16],"damage_taken":[{"damage":4,"enemies":"2 Louse","floor":1,"turns":4},{"damage":8,"enemies":"Cultist","floor":2,"turns":5},{"damage":6,"enemies":"Jaw Worm","floor":3,"turns":5},{"damage":16,"enemies":"Exordium Wildlife","floor":4,"turns":6},{"damage":20,"enemies":"Large Slime","floor":7,"turns":8},{"damage":0,"enemies":"3 Louse","floor":11,"turns":2},{"damage":4,"enemies":"Blue Slaver","floor":13,"turns":4},{"damage":11,"enemies":"Red Slaver","floor":14,"turns":4},{"damage":3,"enemies":"Hexaghost","floor":16,"turns":9},{"damage":75,"enemies":"Spheric Guardian","floor":18,"turns":12},{"damage":15,"enemies":"2 Thieves","floor":19,"turns":5},{"damage":33,"enemies":"Cultist and Chosen","floor":20,"turns":8}],"seed_played":"-6489116627975344693","potions_obtained":[{"floor":1,"key":"HeartOfIron"},{"floor":3,"key":"Strength Potion"},{"floor":13,"key":"SkillPotion"},{"floor":16,"key":"GamblersBrew"}],"is_trial":false,"path_per_floor":["M","M","M","M","$","R","M","R","T","R","M","?","M","M","R","B",null,"M","M","M"],"character_chosen":"IRONCLAD","items_purchased":["Thunderclap"],"campfire_rested":0,"item_purchase_floors":[5],"current_hp_per_floor":[88,86,86,76,76,76,62,62,62,62,68,68,70,65,65,68,88,25,22,0,0],"gold":242,"neow_bonus":"TEN_PERCENT_HP_BONUS","is_daily":false,"chose_seed":false,"campfire_upgraded":4,"win_rate":0.0,"timestamp":1608791306,"path_taken":["M","M","M","M","$","R","M","R","T","R","M","?","M","M","R","BOSS","M","M","M"],"items_purchased_type":["Card"],"build_version":"2020-12-22","purchased_purges":0,"victory":false,"max_hp_per_floor":[88,88,88,88,88,88,88,88,88,88,88,88,88,88,88,88,88,88,88,88,88],"card_choices":[{"not_picked":["Metallicize","Anger","Twin Strike"],"picked":"SKIP","floor":1},{"not_picked":["Flex","Rupture","Anger"],"picked":"SKIP","floor":2},{"not_picked":["Warcry","Wild Strike"],"picked":"Armaments","floor":3},{"not_picked":["Disarm","Cleave"],"picked":"Body Slam","floor":4},{"not_picked":["Intimidate","Rage"],"picked":"Heavy Blade","floor":7},{"not_picked":["Sword Boomerang","Berserk"],"picked":"Body Slam","floor":11},{"not_picked":["Pommel Strike","Armaments","Wild Strike"],"picked":"SKIP","floor":13},{"not_picked":["Shockwave","Evolve"],"picked":"Power Through","floor":14},{"not_picked":["Exhume","Fiend Fire"],"picked":"Barricade","floor":16},{"not_picked":["Twin Strike","Havoc"],"picked":"Shrug It Off","floor":18},{"not_picked":["Pommel Strike+1","Uppercut","Feel No Pain"],"picked":"SKIP","floor":19}],"player_experience":210305,"relics_obtained":[{"floor":9,"key":"InkBottle"}],"event_choices":[{"damage_healed":0,"gold_gain":0,"player_choice":"Trade","damage_taken":0,"relics_obtained":["SsserpentHead"],"max_hp_gain":0,"max_hp_loss":0,"event_name":"FaceTrader","floor":12,"gold_loss":0}],"is_beta":false,"boss_relics":[{"not_picked":["Busted Crown","Runic Pyramid"],"picked":"Black Blood"}],"items_purged_floors":[],"is_endless":false,"potions_floor_spawned":[1,3,13,14,16],"killed_by":"Cultist and Chosen","ascension_level":1}}