{"host":"qc1sjgtdjonvdsd8","time":1608805180,"event":{"mods":["BaseMod","Colored Map","Colored Powertips","Minty Spire (QoL Compilation)","Replay The Spire","StSLib"],"gold_per_floor":[213,227,227,244,419,419,438,438,493,507,351,351,351,369,369,465,465,475,488,498,413,432,432,460,479,547,155,172,189,189,208,208,304,304,320,333,333,353,373,403,403,414,414,414,414,434,155,165,165,165,165,165,16,46,46],"floor_reached":56,"playtime":7788,"items_purged":["Doubt","Defend_B","Overencumbered"],"score":1227,"play_id":"cd46193b-5b68-4784-b1c2-84749b6090f1","local_time":"20201224021940","is_ascension_mode":false,"campfire_choices":[{"data":"ReplayTheSpireMod:Calculation Training","floor":6,"key":"SMITH"},{"floor":8,"key":"REST"},{"data":"Chill","floor":15,"key":"SMITH"},{"data":"Hello World","floor":23,"key":"SMITH"},{"data":"Buffer","floor":32,"key":"SMITH"},{"floor":41,"key":"RECALL"},{"data":"Apotheosis","floor":45,"key":"SMITH"},{"floor":49,"key":"DIG"},{"floor":52,"key":"DIG"}],"circlet_count":0,"master_deck":["Defend_B+1","Zap+1","Heatsinks","ReplayTheSpireMod:Calculation Training+1","Steam","Cold Snap","Chill+1","Hello World+1","CommonCold","Conserve Battery","Melter","BasicCrystalCard+1","Compile Driver","BasicCrystalCard","Cold Snap","Biased Cognition","ReplaySort+1","Buffer+1","Seek","Skim+1","Chaos+1","Panacea","Blind","Apotheosis+1","Sweeping Beam+1","Heatsinks","Biased Cognition","Compile Driver+1","ReplayTheSpireMod:Splinters","Force Field","White Noise+1","Fusion"],"relics":["Cracked Core","Geode","Regal Pillow","Painkiller Herb","Cursed Key","Ring of Chaos","Kintsugi","Omamori","Shovel","Divine Protection","PreservedInsect","Nloth\u0027s Gift","Honey Jar","ReplayTheSpireMod:Lightbulb","DataDisk","Replay:Bottled Steam","HornCleat","Replay:Frozen Program","Gambling Chip"],"acts_visited":["Exordium","TheCity","TheBeyond","TheEnding"],"potions_floor_usage":[55,55],"damage_taken":[{"damage":1,"enemies":"Jaw Worm","floor":1,"turns":3},{"damage":1,"enemies":"2 Louse","floor":2,"turns":3},{"damage":0,"enemies":"Small Slimes","floor":4,"turns":3},{"damage":13,"enemies":"2 Fungi Beasts","floor":7,"turns":4},{"damage":9,"enemies":"Exordium Thugs","floor":10,"turns":6},{"damage":0,"enemies":"Lots of Slimes","floor":14,"turns":5},{"damage":17,"enemies":"Hexaghost","floor":16,"turns":10},{"damage":5,"enemies":"Chosen","floor":18,"turns":5},{"damage":0,"enemies":"Shell Parasite","floor":19,"turns":5},{"damage":0,"enemies":"Sentry and Sphere","floor":20,"turns":4},{"damage":9,"enemies":"Centurion and Healer","floor":22,"turns":9},{"damage":4,"enemies":"Snake Plant","floor":25,"turns":5},{"damage":0,"enemies":"Shelled Parasite and Fungi","floor":28,"turns":7},{"damage":12,"enemies":"3 Cultists","floor":29,"turns":4},{"damage":0,"enemies":"Chosen and Byrds","floor":31,"turns":5},{"damage":0,"enemies":"Collector","floor":33,"turns":9},{"damage":0,"enemies":"3 Shapes","floor":35,"turns":5},{"damage":0,"enemies":"3 Darklings","floor":36,"turns":5},{"damage":2,"enemies":"Jaw Worm Horde","floor":38,"turns":4},{"damage":0,"enemies":"Transient","floor":39,"turns":5},{"damage":0,"enemies":"Giant Head","floor":40,"turns":6},{"damage":0,"enemies":"Writhing Mass","floor":42,"turns":6},{"damage":6,"enemies":"3 Darklings","floor":46,"turns":5},{"damage":0,"enemies":"Maw","floor":48,"turns":6},{"damage":1,"enemies":"Time Eater","floor":50,"turns":12},{"damage":0,"enemies":"Shield and Spear","floor":54,"turns":4},{"damage":5,"enemies":"The Heart","floor":55,"turns":7}],"seed_played":"6485967458313489077","potions_obtained":[{"floor":1,"key":"FearPotion"},{"floor":4,"key":"Adrenaline Potion"},{"floor":7,"key":"FairyPotion"},{"floor":19,"key":"DuplicationPotion"},{"floor":38,"key":"Strength Potion"},{"floor":39,"key":"AttackPotion"},{"floor":40,"key":"Adrenaline Potion"},{"floor":46,"key":"BlessingOfTheForge"},{"floor":54,"key":"PowerPotion"}],"is_trial":false,"path_per_floor":["M","M","?","M","?","R","M","R","T","M","$","?","?","M","R","B",null,"?","?","?","?","?","T","?","?","T","T","?","?","?","?","T","B",null,"?","?","?","?","?","E","T","?","T","?","T","?","T","?","T","B",null,"T","T","E","B",null],"character_chosen":"DEFECT","items_purchased":["Hello World","Biased Cognition","PreservedInsect","DataDisk","Replay:Frozen Program"],"campfire_rested":1,"item_purchase_floors":[11,27,27,47,53],"current_hp_per_floor":[74,73,58,58,58,58,45,67,67,58,58,55,55,55,55,38,75,70,70,70,70,61,61,61,57,57,57,57,45,45,45,45,45,75,75,75,65,63,63,63,63,63,63,63,63,57,57,57,57,56,75,75,75,75,70],"gold":46,"neow_bonus":"HUNDRED_GOLD","is_daily":false,"chose_seed":false,"campfire_upgraded":5,"win_rate":0.0,"timestamp":1608805180,"path_taken":["M","M","?","M","?","R","M","R","T","M","$","?","?","M","R","BOSS","?","?","?","?","?","T","?","?","T","?","?","?","?","?","T","BOSS","?","?","?","?","?","E","T","?","T","?","T","?","T","?","T","BOSS","T","T","E","BOSS"],"items_purchased_type":["Card","Card","Relic","Relic","Relic"],"build_version":"2020-12-22","purchased_purges":3,"victory":true,"max_hp_per_floor":[75,75,75,75,75,75,75,75,75,75,75,75,75,75,75,75,75,75,75,75,75,75,75,75,75,75,75,75,75,75,75,75,75,75,75,75,75,75,75,75,75,75,75,75,75,75,75,75,75,75,75,75,75,75,75],"card_choices":[{"not_picked":["BasicCrystalCard","Steam"],"picked":"Heatsinks","floor":1},{"not_picked":["Go for the Eyes","Barrage"],"picked":"ReplayTheSpireMod:Calculation Training","floor":2},{"not_picked":["Redo","Barrage"],"picked":"Steam","floor":4},{"not_picked":["Redo","Gash"],"picked":"Cold Snap","floor":7},{"not_picked":["Ball Lightning","Static Discharge"],"picked":"Chill","floor":10},{"not_picked":["Beam Cell","Stack","Barrage"],"picked":"SKIP","floor":14},{"not_picked":["Ball Lightning","Reprogram"],"picked":"Conserve Battery","floor":18},{"not_picked":["Streamline","Panic Button+1"],"picked":"Melter","floor":19},{"not_picked":["Streamline","Compile Driver"],"picked":"BasicCrystalCard+1","floor":20},{"not_picked":["Beam Cell+1","Sunder"],"picked":"Compile Driver","floor":22},{"not_picked":["Gash","Beam Cell"],"picked":"BasicCrystalCard","floor":24},{"not_picked":["Leap","Rebound+1"],"picked":"Cold Snap","floor":25},{"not_picked":["Gash+1","Conserve Battery"],"picked":"ReplaySort+1","floor":28},{"not_picked":["Sweeping Beam+1","Double Energy"],"picked":"Buffer","floor":29},{"not_picked":["Steam Power","BootSequence+1","Conserve Battery+1"],"picked":"SKIP","floor":31},{"not_picked":["Mirror Shield","All For One"],"picked":"Seek","floor":33},{"not_picked":["Turbo+1","Chill+1","FTL+1"],"picked":"Skim+1","floor":35},{"not_picked":["ReplayTheSpireMod:System Scan+1","Cold Snap+1","Ball Lightning"],"picked":"Chaos+1","floor":36},{"not_picked":["Bandage Up","Thinking Ahead","Replay:Sssssssssstrike"],"picked":"Panacea","floor":37},{"not_picked":["Replay:Sssssssssstrike","Swift Strike","ReplayTheSpireMod:Brewmster"],"picked":"Blind","floor":37},{"not_picked":["Impatience","Dramatic Entrance","Purity"],"picked":"Apotheosis","floor":37},{"not_picked":["Chill+1","Capacitor","Conserve Battery+1"],"picked":"Sweeping Beam+1","floor":38},{"not_picked":["Stack","Streamline","Rebound"],"picked":"Heatsinks","floor":39},{"not_picked":["Barrage","Aggregate","Doom and Gloom+1"],"picked":"Biased Cognition","floor":40},{"not_picked":["Doom and Gloom","BootSequence+1","ReplaySort+1"],"picked":"Compile Driver+1","floor":42},{"not_picked":["Hologram+1","Undo","Redo"],"picked":"Force Field","floor":46},{"not_picked":["Gash+1","Conserve Battery","Beam Cell+1"],"picked":"White Noise+1","floor":48},{"not_picked":["Conserve Battery+1","Compile Driver+1","Sweeping Beam+1"],"picked":"Fusion","floor":54}],"player_experience":139807,"relics_obtained":[{"floor":9,"key":"Geode"},{"floor":24,"key":"Shovel"},{"floor":26,"key":"Divine Protection"},{"floor":40,"key":"ReplayTheSpireMod:Lightbulb"},{"floor":49,"key":"Replay:Bottled Steam"},{"floor":52,"key":"HornCleat"},{"floor":54,"key":"Gambling Chip"}],"event_choices":[{"damage_healed":0,"gold_gain":0,"player_choice":"Entered Light","damage_taken":15,"max_hp_gain":0,"max_hp_loss":0,"event_name":"Shining Light","floor":3,"gold_loss":0,"cards_upgraded":["Zap","Defend_B"]},{"damage_healed":0,"gold_gain":175,"player_choice":"AGREE","damage_taken":0,"max_hp_gain":0,"max_hp_loss":0,"event_name":"Liars Game","floor":5,"gold_loss":0,"cards_obtained":["Doubt"]},{"damage_healed":0,"gold_gain":0,"player_choice":"Success","damage_taken":3,"relics_obtained":["Regal Pillow"],"max_hp_gain":0,"max_hp_loss":0,"event_name":"Scrap Ooze","floor":12,"gold_loss":0},{"damage_healed":0,"gold_gain":0,"player_choice":"Obtained Relic","damage_taken":0,"relics_obtained":["Omamori"],"max_hp_gain":0,"max_hp_loss":0,"event_name":"Addict","floor":21,"gold_loss":85},{"damage_healed":0,"gold_gain":0,"player_choice":"Traded Relic","damage_taken":0,"relics_obtained":["Nloth\u0027s Gift"],"max_hp_gain":0,"max_hp_loss":0,"event_name":"N\u0027loth","floor":30,"relics_lost":["Replay:Grab Bag"],"gold_loss":0},{"damage_healed":0,"gold_gain":0,"player_choice":"Memory 3","damage_taken":10,"max_hp_gain":0,"max_hp_loss":0,"event_name":"SensoryStone","floor":37,"gold_loss":0},{"cards_removed":["Dualcast"],"damage_healed":0,"gold_gain":0,"player_choice":"Removed Skill","damage_taken":0,"max_hp_gain":0,"max_hp_loss":0,"event_name":"Falling","floor":44,"gold_loss":0}],"is_beta":false,"boss_relics":[{"not_picked":["Replay:Ancient Bell","Replay:Wanted Poster"],"picked":"Replay:Grab Bag"},{"not_picked":["Ectoplasm","ReplayTheSpireMod:DimensionalGlitch"],"picked":"Painkiller Herb"},{"not_picked":["ChewingGum","Philosopher\u0027s Stone"],"picked":"Cursed Key"},{"not_picked":["Black Star","FrozenCore"],"picked":"Ring of Chaos"},{"not_picked":["Replay:Drink Me","SacredBark"],"picked":"Kintsugi"},{"not_picked":["Runic Dome","Replay:Bronze Core"],"picked":"Honey Jar"}],"items_purged_floors":[11,27,47],"is_endless":false,"potions_floor_spawned":[1,4,7,19,28,29,31,38,39,40,46,54],"ascension_level":0}}