{"host":"30jsp143e4v19aze","time":1608779397,"event":{"mods":["BaseMod","Colored Map","Colored Powertips","Curses Come First","DeckTracker","Highlight Path","Minty Spire (QoL Compilation)","Quick Restart","Relic Stats","StSLib"],"gold_per_floor":[109,16,28,28,28,28,58,58,133,133,147,172,38,55,55,131,131,150,160,160,160,210,210,244,244,244,272,283,283,293,305,305,377,377,392,392,408,14,24,24,49,80,131,131,131,146,146,156,156,156,156,156,156,25,51,51],"floor_reached":57,"playtime":4311,"items_purged":["Regret"],"score":2781,"play_id":"93d028c2-2135-4f55-a7ed-2bd8afd58c63","local_time":"20201224040957","is_ascension_mode":true,"campfire_choices":[{"data":"Poisoned Stab","floor":6,"key":"SMITH"},{"data":"PiercingWail","floor":8,"key":"SMITH"},{"data":"Strike_G","floor":15,"key":"PURGE"},{"data":"Shame","floor":23,"key":"PURGE"},{"data":"Writhe","floor":25,"key":"PURGE"},{"data":"Strike_G","floor":29,"key":"PURGE"},{"data":"Strike_G","floor":32,"key":"PURGE"},{"data":"Strike_G","floor":40,"key":"PURGE"},{"floor":45,"key":"RECALL"},{"data":"Strike_G","floor":47,"key":"PURGE"},{"data":"Grand Finale+1","floor":49,"key":"PURGE"},{"data":"Dagger Spray+1","floor":53,"key":"PURGE"}],"circlet_count":0,"master_deck":["AscendersBane","Defend_G","Defend_G","Defend_G","Defend_G","Defend_G","Survivor","Neutralize","PiercingWail+1","Noxious Fumes+1","Poisoned Stab+1","Terror+1","Bane+1","Backflip+1","Glass Knife+1","Acrobatics+1","Backflip+1","Acrobatics+1","Backflip+1","Prepared+1","Malaise+1","Backflip+1","Leg Sweep+1","PiercingWail+1","Well Laid Plans","Master of Strategy+1","Crippling Poison+1","Catalyst+1","Poisoned Stab+1","Panacea+1","Noxious Fumes","Venomology+1"],"relics":["Ring of the Snake","NeowsBlessing","Peace Pipe","Toxic Egg 2","Molten Egg 2","Thread and Needle","Mercury Hourglass","Fusion Hammer","Blue Candle","Eternal Feather","Toy Ornithopter","Ninja Scroll","Kunai","Omamori","Philosopher\u0027s Stone","Snake Skull","Incense Burner","Anchor","Ice Cream"],"acts_visited":["Exordium","TheCity","TheBeyond","TheEnding"],"potions_floor_usage":[12,24,33,56,56],"damage_taken":[{"damage":0,"enemies":"Cultist","floor":1,"turns":1},{"damage":0,"enemies":"2 Louse","floor":3,"turns":1},{"damage":0,"enemies":"3 Sentries","floor":7,"turns":2},{"damage":3,"enemies":"Small Slimes","floor":11,"turns":3},{"damage":36,"enemies":"Gremlin Nob","floor":12,"turns":6},{"damage":0,"enemies":"3 Louse","floor":14,"turns":3},{"damage":3,"enemies":"The Guardian","floor":16,"turns":8},{"damage":0,"enemies":"Spheric Guardian","floor":18,"turns":4},{"damage":0,"enemies":"Chosen","floor":19,"turns":3},{"damage":1,"enemies":"Gremlin Leader","floor":24,"turns":5},{"damage":16,"enemies":"Book of Stabbing","floor":27,"turns":5},{"damage":0,"enemies":"Snecko","floor":28,"turns":5},{"damage":1,"enemies":"3 Cultists","floor":30,"turns":3},{"damage":0,"enemies":"Centurion and Healer","floor":31,"turns":5},{"damage":33,"enemies":"Automaton","floor":33,"turns":11},{"damage":2,"enemies":"3 Darklings","floor":35,"turns":4},{"damage":0,"enemies":"Orb Walker","floor":37,"turns":2},{"damage":2,"enemies":"Spire Growth","floor":39,"turns":5},{"damage":0,"enemies":"Mind Bloom Boss Battle","floor":41,"turns":6},{"damage":0,"enemies":"Nemesis","floor":42,"turns":7},{"damage":23,"enemies":"Writhing Mass","floor":46,"turns":6},{"damage":0,"enemies":"Jaw Worm Horde","floor":48,"turns":3},{"damage":21,"enemies":"Time Eater","floor":50,"turns":13},{"damage":16,"enemies":"Donu and Deca","floor":51,"turns":11},{"damage":2,"enemies":"Shield and Spear","floor":55,"turns":6},{"damage":34,"enemies":"The Heart","floor":56,"turns":11}],"seed_played":"-2378152694103774772","potions_obtained":[{"floor":1,"key":"BlessingOfTheForge"},{"floor":3,"key":"GamblersBrew"},{"floor":7,"key":"Block Potion"},{"floor":14,"key":"Weak Potion"},{"floor":18,"key":"LiquidMemories"},{"floor":27,"key":"FairyPotion"},{"floor":28,"key":"Poison Potion"},{"floor":39,"key":"CultistPotion"}],"is_trial":false,"path_per_floor":["M","$","M","?","?","R","E","R","T","?","M","E","$","M","R","B",null,"M","M","?","?","T","R","E","R","T","E","M","R","M","M","R","B",null,"M","?","M","$","M","R","?","E","T","?","R","M","R","M","R","B","B",null,"R","$","E","B",null],"character_chosen":"THE_SILENT","items_purchased":["Noxious Fumes","Poisoned Stab","Backflip+1","Well Laid Plans","Snake Skull","Master of Strategy+1","Panacea+1","Noxious Fumes"],"campfire_rested":0,"item_purchase_floors":[2,2,13,38,38,38,54,54],"current_hp_per_floor":[59,59,59,59,54,54,54,54,54,54,51,15,15,15,15,12,53,53,53,53,53,53,65,66,66,66,50,50,65,64,64,66,38,59,57,52,52,52,50,66,66,66,66,63,63,40,58,58,63,42,26,54,63,63,61,29],"gold":51,"neow_bonus":"THREE_ENEMY_KILL","is_daily":false,"chose_seed":false,"campfire_upgraded":2,"win_rate":0.0,"timestamp":1608779397,"path_taken":["M","$","?","?","?","R","E","R","T","?","M","E","$","M","R","BOSS","M","M","?","?","?","R","E","R","T","E","M","R","M","M","R","BOSS","M","?","M","$","M","R","?","E","T","?","R","M","R","M","R","BOSS","BOSS","R","$","E","BOSS"],"items_purchased_type":["Card","Card","Card","Card","Relic","Card","Card","Card"],"build_version":"2020-12-22","purchased_purges":1,"victory":true,"max_hp_per_floor":[66,66,66,66,66,66,66,66,66,66,66,66,66,66,66,66,66,66,66,66,66,66,66,66,66,66,66,66,66,66,66,66,66,66,66,66,66,66,66,66,66,66,66,63,63,63,63,63,63,63,63,63,63,63,63,63],"relic_stats":{"Peace Pipe":9,"counters":[26,136],"Blue Candle":[3],"Eternal Feather":77,"Snake Skull":[113],"Kunai":[34],"obtain_stats":[{"Ice Cream":55,"NeowsBlessing":0,"Blue Candle":20,"Thread and Needle":10,"Eternal Feather":21,"Snake Skull":38,"Omamori":27,"Incense Burner":41,"Mercury Hourglass":12,"Peace Pipe":5,"Anchor":42,"Ninja Scroll":24,"Molten Egg 2":9,"Philosopher\u0027s Stone":34,"Fusion Hammer":17,"Kunai":26,"Toxic Egg 2":7,"Toy Ornithopter":22,"Ring of the Snake":0},{"Ice Cream":25,"NeowsBlessing":0,"Blue Candle":9,"Thread and Needle":3,"Eternal Feather":9,"Snake Skull":17,"Omamori":11,"Incense Burner":19,"Mercury Hourglass":5,"Peace Pipe":2,"Anchor":20,"Ninja Scroll":10,"Molten Egg 2":3,"Philosopher\u0027s Stone":15,"Fusion Hammer":7,"Kunai":10,"Toxic Egg 2":3,"Toy Ornithopter":9,"Ring of the Snake":0},{"Ice Cream":125,"NeowsBlessing":0,"Blue Candle":30,"Thread and Needle":4,"Eternal Feather":30,"Snake Skull":69,"Omamori":40,"Incense Burner":79,"Mercury Hourglass":13,"Peace Pipe":2,"Anchor":86,"Ninja Scroll":35,"Molten Egg 2":4,"Philosopher\u0027s Stone":63,"Fusion Hammer":23,"Kunai":35,"Toxic Egg 2":4,"Toy Ornithopter":30,"Ring of the Snake":0}],"Toy Ornithopter":9,"Ring of the Snake":[52],"Mercury Hourglass":[430]},"card_choices":[{"not_picked":["Catalyst","Eviscerate"],"picked":"PiercingWail","floor":1},{"not_picked":["Caltrops","Distraction","Masterful Stab"],"picked":"SKIP","floor":3},{"not_picked":["Outmaneuver+1","Masterful Stab"],"picked":"Terror+1","floor":7},{"not_picked":["Deflect+1","Distraction+1","Riddle With Holes+1"],"picked":"SKIP","floor":11},{"not_picked":["Dash+1","Flying Knee+1"],"picked":"Bane+1","floor":12},{"not_picked":["Underhanded Strike+1","Prepared+1"],"picked":"Dagger Spray+1","floor":14},{"not_picked":["Bullet Time+1","Storm of Steel+1"],"picked":"Glass Knife+1","floor":16},{"not_picked":["Slice+1","Flechettes+1"],"picked":"Acrobatics+1","floor":18},{"not_picked":["Blade Dance+1","Reflex+1"],"picked":"Backflip+1","floor":19},{"not_picked":["Deadly Poison+1","Dagger Spray+1"],"picked":"Acrobatics+1","floor":24},{"not_picked":["Outmaneuver+1","Underhanded Strike+1"],"picked":"Backflip+1","floor":27},{"not_picked":["Underhanded Strike+1","Dagger Throw+1"],"picked":"Prepared+1","floor":28},{"not_picked":["Dagger Spray+1","Poisoned Stab+1"],"picked":"Malaise+1","floor":30},{"not_picked":["Blade Dance+1","Outmaneuver+1"],"picked":"Backflip+1","floor":31},{"not_picked":["Tools of the Trade","Glass Knife+1"],"picked":"Grand Finale+1","floor":33},{"not_picked":["Deadly Poison+1","Blade Dance+1"],"picked":"Leg Sweep+1","floor":35},{"not_picked":["Blade Dance+1","Slice+1"],"picked":"PiercingWail+1","floor":37},{"not_picked":["Eviscerate+1","Setup+1"],"picked":"Crippling Poison+1","floor":39},{"not_picked":["Backstab+1","Acrobatics+1"],"picked":"Catalyst+1","floor":42},{"not_picked":["Dagger Spray+1","Infinite Blades","Prepared+1"],"picked":"SKIP","floor":46},{"not_picked":["Predator+1","Flechettes+1"],"picked":"Poisoned Stab+1","floor":48},{"not_picked":["Prepared+1","Poisoned Stab+1"],"picked":"Venomology+1","floor":55}],"player_experience":3130634,"relics_obtained":[{"floor":7,"key":"Toxic Egg 2"},{"floor":9,"key":"Molten Egg 2"},{"floor":12,"key":"Mercury Hourglass"},{"floor":22,"key":"Toy Ornithopter"},{"floor":24,"key":"Ninja Scroll"},{"floor":26,"key":"Kunai"},{"floor":27,"key":"Omamori"},{"floor":41,"key":"Incense Burner"},{"floor":42,"key":"Anchor"},{"floor":55,"key":"Ice Cream"}],"event_choices":[{"damage_healed":0,"gold_gain":0,"player_choice":"Grow","damage_taken":0,"max_hp_gain":0,"max_hp_loss":0,"event_name":"Living Wall","floor":4,"gold_loss":0,"cards_upgraded":["Noxious Fumes"]},{"damage_healed":0,"gold_gain":0,"player_choice":"Success","damage_taken":5,"relics_obtained":["Peace Pipe"],"max_hp_gain":0,"max_hp_loss":0,"event_name":"Scrap Ooze","floor":5,"gold_loss":0},{"damage_healed":0,"gold_gain":0,"player_choice":"Box","damage_taken":0,"relics_obtained":["Thread and Needle"],"max_hp_gain":0,"max_hp_loss":0,"event_name":"Big Fish","floor":10,"gold_loss":0,"cards_obtained":["Regret"]},{"damage_healed":0,"gold_gain":0,"player_choice":"Opened","damage_taken":0,"relics_obtained":["Blue Candle"],"max_hp_gain":0,"max_hp_loss":0,"event_name":"The Mausoleum","floor":20,"gold_loss":0,"cards_obtained":["Writhe"]},{"damage_healed":0,"gold_gain":0,"player_choice":"Stole Relic","damage_taken":0,"relics_obtained":["Eternal Feather"],"max_hp_gain":0,"max_hp_loss":0,"event_name":"Addict","floor":21,"gold_loss":0,"cards_obtained":["Shame"]},{"damage_healed":0,"gold_gain":0,"player_choice":"Memory 2","damage_taken":5,"max_hp_gain":0,"max_hp_loss":0,"event_name":"SensoryStone","floor":36,"gold_loss":0},{"damage_healed":0,"gold_gain":0,"player_choice":"Fight","damage_taken":0,"max_hp_gain":0,"max_hp_loss":0,"event_name":"MindBloom","floor":41,"gold_loss":0},{"damage_healed":0,"gold_gain":0,"player_choice":"Max HP","damage_taken":0,"max_hp_gain":0,"max_hp_loss":3,"event_name":"Winding Halls","floor":44,"gold_loss":0}],"is_beta":false,"boss_relics":[{"not_picked":["Runic Dome","Pandora\u0027s Box"],"picked":"Fusion Hammer"},{"not_picked":["Astrolabe","Tiny House"],"picked":"Philosopher\u0027s Stone"}],"items_purged_floors":[13],"is_endless":false,"potions_floor_spawned":[1,3,7,14,18,27,28,39,42],"ascension_level":20}}