{"host":"373g0ui1bgeshz9m","time":1608850679,"event":{"mods":["Act Like it!","Aspiration","BaseMod","Beaked The Cultist","Better Third Choice","Colored Map","Conspire","Downfall","Halation","Hermit","Hubris","Infinite Spire","Jorbs\u0027s Wanderer Trilogy","Minty Spire (QoL Compilation)","Pale of the Ancients","Permanent Neow","Quick Restart","Replay The Spire","Shade Mod","Shop Mod","Spikes Relics","StSLib","The Animator","The Bladedancer","The Bug Knight","The Construct","The Cursed","The Factory","The Florist","The Jungle","The Necromancer","The Sage","The Wild Card","Trackpad","vexMod"],"gold_per_floor":[112,112,41,56,10,41,41,69,146,146,164,183,245,256,256,356,356,366,399,399,399,417,417,447,447,472,129,129,161,161,174,174,279,279,293,293,293,308,324,324,324,324,347,347,419,449,464,480,480,508],"floor_reached":51,"playtime":2580,"items_purged":[],"score":905,"play_id":"7cf9b698-5d71-48fd-a90e-40b8ddb4c178","local_time":"20201224175759","is_ascension_mode":true,"campfire_choices":[{"data":"Blood_Curse","floor":7.0,"key":"SMITH"},{"data":"Vampiric_Strike","floor":10.0,"key":"SMITH"},{"data":"Summon_Undead","floor":15.0,"key":"SMITH"},{"floor":23.0,"key":"REST"},{"data":"Summon_Undead","floor":25.0,"key":"SMITH"},{"floor":28.0,"key":"REST"},{"data":"Cloudkill","floor":40,"key":"SMITH"},{"floor":49,"key":"DIG"}],"circlet_count":0,"master_deck":["Strike_W","Strike_W","Strike_W","Defend_W","Defend_W","Defend_W","Negative_Energy_Arrows","Bone_Wall","Plague_Bolt","Vampiric_Strike+1","Negative_Energy_Sphere","Shackles_Of_Pain+1","Necrotic_Claws","Blood_Curse+1","Bone_Spikes","Spectral_Armor","Summon_Undead+1","Grasp_Heart+1","Negative_Energy_Shield+1","Summon_Undead+1","Spectral_Walk","Siphon_Strength","Cloudkill+1","Summon_Undead","Negative_Energy_Burst+1","Spectral_Armor+1","Summon_Undead+1"],"relics":["Vampire_Amulet","Omamori","hubris:TinFlute","Ornamental Fan","vexMod:MysteryBossChallenge","construct:WeddingRing","Red Mask","aspiration:TomeofQuesting","aspiration:Lifesprig","infinitespire:WardingShard","Oddly Smooth Stone","Quantum Egg","hubris:Backtick","m_ByrdBlood","hubris:DeckOfHolding","Smiling Mask","Pear","halation:PenCase","halation:IllGainedPizza"],"acts_visited":["Exordium","TheCity","TheBeyond"],"potions_floor_usage":[50,50,50],"damage_taken":[{"damage":0.0,"enemies":"Small Slimes","floor":1.0,"turns":4.0},{"damage":0.0,"enemies":"Cultist","floor":4.0,"turns":3.0},{"damage":21.0,"enemies":"Gremlin Nob","floor":6.0,"turns":3.0},{"damage":26.0,"enemies":"3 Sentries","floor":8.0,"turns":7.0},{"damage":0.0,"enemies":"2 Louse","floor":11.0,"turns":3.0},{"damage":7.0,"enemies":"Exordium Thugs","floor":12.0,"turns":5.0},{"damage":10.0,"enemies":"3 Louse","floor":14.0,"turns":3.0},{"damage":21.0,"enemies":"Hexaghost","floor":16.0,"turns":9.0},{"damage":7.0,"enemies":"Spheric Guardian","floor":18.0,"turns":4.0},{"damage":24.0,"enemies":"Masked Bandits","floor":19.0,"turns":4.0},{"damage":21.0,"enemies":"2 Thieves","floor":22.0,"turns":4.0},{"damage":9.0,"enemies":"HollowMod:Nosk","floor":24.0,"turns":7.0},{"damage":28.0,"enemies":"Gremlin Leader","floor":29.0,"turns":6.0},{"damage":6.0,"enemies":"conspire:HollyBat","floor":31.0,"turns":7.0},{"damage":41,"enemies":"Automaton","floor":33,"turns":10},{"damage":28,"enemies":"3 Darklings","floor":35,"turns":6},{"damage":12,"enemies":"3 Shapes","floor":38,"turns":5},{"damage":33,"enemies":"Jaw Worm Horde","floor":39,"turns":5},{"damage":20,"enemies":"Nemesis","floor":46,"turns":7},{"damage":42,"enemies":"Writhing Mass","floor":47,"turns":6},{"damage":8,"enemies":"4 Shapes","floor":48,"turns":6},{"damage":48,"enemies":"conspire:OrnateMirror","floor":50,"turns":14}],"seed_played":"1519852278103649170","potions_obtained":[{"floor":8.0,"key":"LifebloodPotion"},{"floor":12.0,"key":"LiquidBronze"},{"floor":16.0,"key":"Fire Potion"}],"is_trial":false,"path_per_floor":["M","?","$","M","$","E","R","E","T","R","M","M","?","M","R","B",null,"M","?","?","?","M","R","E","R","T","$","R","E","AVR","M","R_BF","B",null,"M","?","?","M","M","R","?","T","T","?","T","E","M","M","R_BF","B",null],"character_chosen":"NECROMANCER","items_purchased":["Negative_Energy_Sphere","Shackles_Of_Pain","Blood_Curse","infinitespire:WardingShard","Spectral_Walk"],"campfire_rested":2,"item_purchase_floors":[3,3,5,27,27],"current_hp_per_floor":[75,75,75,75,75,56,56,40,40,40,46,49,49,48,48,54,75,70,54,54,54,40,62,59,59,59,59,75,61,61,57,75,40,75,56,56,64,70,75,75,75,75,75,75,85,77,77,85,85,75],"gold":508,"neow_bonus":"TRANSFORM_CARD","is_daily":false,"chose_seed":false,"campfire_upgraded":5,"win_rate":0.0,"timestamp":1608850679,"path_taken":["M","?","$","M","?","E","R","E","T","R","?","M","?","M","R","BOSS","M","?","?","?","?","R","E","R","T","$","R","E","AVR","M","R_BF","BOSS","M","?","?","?","?","R","?","?","T","?","?","E","?","M","R_BF","BOSS"],"items_purchased_type":["Card","Card","Card","Relic","Card"],"build_version":"2020-12-22","purchased_purges":0,"victory":true,"max_hp_per_floor":[75,75,75,75,75,75,75,75,75,75,75,75,75,75,75,75,75,75,75,75,75,75,75,75,75,75,75,75,75,75,75,75,75,75,75,75,75,75,75,75,75,75,75,75,85,85,85,85,85,85],"card_choices":[{"not_picked":["Negative_Energy_Mist","Epidemic"],"picked":"Vampiric_Strike","floor":1.0},{"not_picked":["Summon_Undead_Army","Blood_for_Blood"],"picked":"Necrotic_Claws","floor":4.0},{"not_picked":["Death_Knell","Bone_Shift"],"picked":"Bone_Spikes","floor":6.0},{"not_picked":["Bone_Armor","Finger_Of_Death","Chill_Blood"],"picked":"SKIP","floor":8.0},{"not_picked":["Whirlwind_of_Bones","Uncharnel","Death_Knell"],"picked":"SKIP","floor":11.0},{"not_picked":["Summon_Undead","Bone_Prison"],"picked":"Spectral_Armor","floor":12.0},{"not_picked":["Consume_Illness","Blood_Whip"],"picked":"Summon_Undead","floor":14.0},{"not_picked":["Detonate_Bones","Reap_The_Weak"],"picked":"Grasp_Heart","floor":16.0},{"not_picked":["Blood_Whip+1","Death_March_Dance","Bone_Shift"],"picked":"SKIP","floor":18.0},{"not_picked":["Negative_Energy_Javelin","Blood_Whip+1"],"picked":"Negative_Energy_Shield+1","floor":19.0},{"not_picked":["Pandemic+1","Blood_Whip","Scare"],"picked":"SKIP","floor":22.0},{"not_picked":["Plague_Bolt","Necromantic_Selection"],"picked":"Summon_Undead","floor":24.0},{"not_picked":["Chill_Blood+1","Bones_to_Steel"],"picked":"Siphon_Strength","floor":29.0},{"not_picked":["Finger_Of_Death+1","Negative_Energy_Shield","Bone_Spikes"],"picked":"SKIP","floor":31.0},{"not_picked":["Detonate_Bones","Skeleton_Dragon"],"picked":"Cloudkill","floor":33},{"not_picked":["Bone_Shift","Toxic_Smoke_Screen"],"picked":"Summon_Undead","floor":35},{"not_picked":["Negative_Energy_Javelin+1","Bone_Spikes"],"picked":"Negative_Energy_Burst+1","floor":38},{"not_picked":["Chill_Blood+1","Bone_Bullets"],"picked":"Spectral_Armor+1","floor":39},{"not_picked":["Vampiric_Strike","Bone_Shift"],"picked":"Summon_Undead+1","floor":46},{"not_picked":["Blood_Wake","Epidemic","Shackles_Of_Pain"],"picked":"SKIP","floor":47},{"not_picked":["Bone_Shift","Shade_Step+1","Bone_Armory+1"],"picked":"SKIP","floor":48}],"player_experience":348094,"relics_obtained":[{"floor":6.0,"key":"Omamori"},{"floor":8.0,"key":"hubris:TinFlute"},{"floor":9.0,"key":"Ornamental Fan"},{"floor":19.0,"key":"Red Mask"},{"floor":24.0,"key":"aspiration:TomeofQuesting"},{"floor":26.0,"key":"aspiration:Lifesprig"},{"floor":29.0,"key":"Oddly Smooth Stone"},{"floor":42,"key":"hubris:DeckOfHolding"},{"floor":43,"key":"Smiling Mask"},{"floor":45,"key":"Pear"},{"floor":46,"key":"halation:PenCase"},{"floor":49,"key":"halation:IllGainedPizza"}],"event_choices":[{"cards_removed":["Defend_W"],"damage_healed":0.0,"max_hp_gain":0.0,"max_hp_loss":0.0,"gold_gain":0.0,"event_name":"Bonfire Elementals","player_choice":"Offered Basic","floor":2.0,"gold_loss":0.0,"damage_taken":0.0},{"damage_healed":0.0,"max_hp_gain":0.0,"max_hp_loss":0.0,"gold_gain":62.0,"event_name":"Golden Wing","player_choice":"Gained Gold","floor":13.0,"gold_loss":0.0,"damage_taken":0.0},{"damage_healed":0.0,"max_hp_gain":0.0,"max_hp_loss":0.0,"gold_gain":0.0,"event_name":"Masked Bandits","player_choice":"Fought Bandits","floor":19.0,"gold_loss":0.0,"damage_taken":0.0},{"damage_healed":0.0,"max_hp_gain":0.0,"max_hp_loss":0.0,"gold_gain":0.0,"event_name":"Upgrade Shrine","player_choice":"Upgraded","floor":21.0,"gold_loss":0.0,"damage_taken":0.0,"cards_upgraded":["Grasp_Heart"]},{"damage_healed":0,"gold_gain":0,"player_choice":"Leave","damage_taken":0,"max_hp_gain":0,"max_hp_loss":0,"event_name":"conspire:Investor","floor":41,"gold_loss":0}],"is_beta":false,"boss_relics":[{"not_picked":["Empty Cage","ReplayTheSpireMod:DimensionalGlitch"],"picked":"vexMod:MysteryBossChallenge"},{"not_picked":["aspiration:RitualDagger","aspiration:PoetsPen_weak"],"picked":"hubris:Backtick"}],"items_purged_floors":[],"is_endless":false,"potions_floor_spawned":[8,12,16,24,29,31,33,38,46,47],"ascension_level":4}}