{"host":"agbyy69nq62afhwx","time":1608777774,"event":{"mods":["BaseMod","Colored Map","Highlight Path","Keyboard Shortcuts","Minty Spire (QoL Compilation)","Quick Restart","StSLib","SuperFastMode","everything is the same but u backflip on backflip"],"gold_per_floor":[118,128,145,73,148,148,181,181,181,223,223,268,268,74,74,200,200,246,264,179,26,26,26,26,26,94,114,114,158,206,256,256,384,384,396,146,146,48,92,147,212,212,212,274,354,354,354,354,354,354],"floor_reached":51,"playtime":1655,"items_purged":["Strike_P","Defend_P+1"],"score":987,"play_id":"f6cdd9a8-03ec-4c18-b135-d2fcba7aefd3","local_time":"20201224114254","is_ascension_mode":true,"campfire_choices":[{"data":"MentalFortress","floor":6.0,"key":"SMITH"},{"floor":8.0,"key":"REST"},{"data":"Halt","floor":11.0,"key":"SMITH"},{"data":"Wish","floor":15.0,"key":"SMITH"},{"data":"RitualDagger","floor":23.0,"key":"SMITH"},{"floor":25.0,"key":"REST"},{"floor":32.0,"key":"REST"},{"floor":42,"key":"REST"},{"floor":47,"key":"REST"},{"data":"ConjureBlade","floor":49,"key":"SMITH"}],"circlet_count":0,"master_deck":["Eruption+1","Vigilance","Halt+1","EmptyFist","MentalFortress+1","Wish+1","FlurryOfBlows","WaveOfTheHand","ConjureBlade+1","SashWhip+1","DevaForm+1","ReachHeaven+1","EmptyMind+1","RitualDagger+1","FollowUp+1","Scrawl","TalkToTheHand+1","FearNoEvil+1"],"relics":["PureWater","Mango","Incense Burner","Astrolabe","War Paint","Medical Kit","Letter Opener","Meat on the Bone","Empty Cage","Chemical X","WingedGreaves","HornCleat","Mercury Hourglass","Oddly Smooth Stone","Prayer Wheel"],"acts_visited":["Exordium","TheCity","TheBeyond"],"potions_floor_usage":[33,38],"damage_taken":[{"damage":2.0,"enemies":"Jaw Worm","floor":1.0,"turns":2.0},{"damage":0.0,"enemies":"2 Louse","floor":2.0,"turns":2.0},{"damage":9.0,"enemies":"Small Slimes","floor":3.0,"turns":4.0},{"damage":43.0,"enemies":"Gremlin Nob","floor":7.0,"turns":4.0},{"damage":0.0,"enemies":"Exordium Wildlife","floor":10.0,"turns":5.0},{"damage":2.0,"enemies":"Blue Slaver","floor":12.0,"turns":5.0},{"damage":17.0,"enemies":"Hexaghost","floor":16.0,"turns":11.0},{"damage":29.0,"enemies":"Spheric Guardian","floor":18.0,"turns":7.0},{"damage":3.0,"enemies":"Chosen","floor":19.0,"turns":4.0},{"damage":10.0,"enemies":"3 Cultists","floor":27.0,"turns":4.0},{"damage":40.0,"enemies":"Snake Plant","floor":29.0,"turns":9.0},{"damage":16.0,"enemies":"Centurion and Healer","floor":30.0,"turns":3.0},{"damage":0.0,"enemies":"3 Cultists","floor":31.0,"turns":4.0},{"damage":36,"enemies":"Collector","floor":33,"turns":10},{"damage":1,"enemies":"3 Shapes","floor":35,"turns":2},{"damage":13,"enemies":"Orb Walker","floor":39,"turns":3},{"damage":16,"enemies":"Nemesis","floor":40,"turns":7},{"damage":13,"enemies":"Giant Head","floor":41,"turns":7},{"damage":35,"enemies":"Reptomancer","floor":44,"turns":10},{"damage":0,"enemies":"Mind Bloom Boss Battle","floor":45,"turns":4},{"damage":20,"enemies":"Time Eater","floor":50,"turns":8}],"seed_played":"397640753005328968","potions_obtained":[{"floor":2.0,"key":"SneckoOil"},{"floor":12.0,"key":"SkillPotion"},{"floor":16.0,"key":"DistilledChaos"},{"floor":18.0,"key":"FearPotion"},{"floor":31.0,"key":"SpeedPotion"},{"floor":33,"key":"CultistPotion"},{"floor":39,"key":"Weak Potion"}],"is_trial":false,"path_per_floor":["M","M","M","$","?","R","E","R","T","M","R","M","?","$","R","B",null,"M","M","?","$","?","R","$","R","T","M","T","M","M","M","R","B",null,"M","$","?","$","M","E","E","R","T","E","?","?","R","?","R","B",null],"character_chosen":"WATCHER","items_purchased":["MentalFortress","FlurryOfBlows","WaveOfTheHand","Medical Kit","Chemical X","Fruit Juice"],"campfire_rested":5,"item_purchase_floors":[4,14,14,21,36,38],"current_hp_per_floor":[70,70,61,61,50,50,21,46,46,46,46,44,37,37,37,20,86,57,54,54,54,48,48,48,73,73,63,63,35,31,43,68,44,86,85,85,85,90,77,61,48,75,75,52,52,52,79,79,79,59],"gold":354,"neow_bonus":"UPGRADE_CARD","is_daily":false,"chose_seed":false,"campfire_upgraded":5,"win_rate":0.0,"timestamp":1608777774,"path_taken":["M","M","M","$","?","R","E","R","T","M","R","M","?","$","R","BOSS","M","M","?","$","?","R","?","R","T","M","?","M","M","M","R","BOSS","M","$","?","$","M","E","E","R","T","E","?","?","R","?","R","BOSS"],"items_purchased_type":["Card","Card","Card","Relic","Relic","Potion"],"build_version":"2020-12-22","purchased_purges":2,"victory":true,"max_hp_per_floor":[72,72,72,72,72,72,86,86,86,86,86,86,86,86,86,86,86,86,86,86,86,86,86,86,86,86,86,86,86,86,86,86,86,86,86,86,86,91,91,91,91,91,91,91,91,91,91,86,86,86],"card_choices":[{"not_picked":["CutThroughFate","JustLucky"],"picked":"PathToVictory","floor":1.0},{"not_picked":["Protect","SandsOfTime"],"picked":"Halt","floor":2.0},{"not_picked":["JustLucky","Consecrate"],"picked":"EmptyFist","floor":3.0},{"not_picked":["WheelKick","Halt"],"picked":"Wish","floor":7.0},{"not_picked":["ForeignInfluence","Prostrate","Nirvana"],"picked":"SKIP","floor":10.0},{"not_picked":["PathToVictory","SashWhip","Crescendo"],"picked":"SKIP","floor":12.0},{"not_picked":["MasterReality","SpiritShield"],"picked":"ConjureBlade","floor":16.0},{"not_picked":["SashWhip+1","SignatureMove","FlyingSleeves+1"],"picked":"SKIP","floor":18.0},{"not_picked":["CutThroughFate+1","WaveOfTheHand"],"picked":"EmptyMind","floor":19.0},{"not_picked":["Crescendo","SashWhip","Protect"],"picked":"SKIP","floor":27.0},{"not_picked":["Wireheading+1","ThirdEye"],"picked":"FollowUp+1","floor":29.0},{"not_picked":["Swivel","EmptyFist","BowlingBash"],"picked":"SKIP","floor":30.0},{"not_picked":["Swivel","Pray","WindmillStrike"],"picked":"SKIP","floor":31.0},{"not_picked":["DevaForm","Judgement"],"picked":"Scrawl","floor":33},{"not_picked":["Swivel+1","Indignation","Pray"],"picked":"SKIP","floor":35},{"not_picked":["FlyingSleeves+1","InnerPeace"],"picked":"TalkToTheHand+1","floor":39},{"not_picked":["SandsOfTime+1","FollowUp","Sanctity"],"picked":"SKIP","floor":40},{"not_picked":["Perseverance","Prostrate+1"],"picked":"FearNoEvil+1","floor":41},{"not_picked":["ThirdEye","Collect+1","Halt"],"picked":"SKIP","floor":44}],"player_experience":356861,"relics_obtained":[{"floor":7.0,"key":"Mango"},{"floor":9.0,"key":"Incense Burner"},{"floor":26.0,"key":"Letter Opener"},{"floor":28.0,"key":"Meat on the Bone"},{"floor":40,"key":"WingedGreaves"},{"floor":41,"key":"HornCleat"},{"floor":43,"key":"Mercury Hourglass"},{"floor":44,"key":"Oddly Smooth Stone"},{"floor":45,"key":"Prayer Wheel"}],"event_choices":[{"damage_healed":0.0,"max_hp_gain":0.0,"max_hp_loss":0.0,"gold_gain":75.0,"event_name":"World of Goop","player_choice":"Gather Gold","floor":5.0,"gold_loss":0.0,"damage_taken":11.0},{"cards_removed":["Strike_P"],"damage_healed":0.0,"max_hp_gain":0.0,"max_hp_loss":0.0,"gold_gain":0.0,"event_name":"Golden Wing","player_choice":"Card Removal","floor":13.0,"gold_loss":0.0,"damage_taken":7.0},{"damage_healed":0.0,"max_hp_gain":0.0,"max_hp_loss":0.0,"gold_gain":0.0,"event_name":"Addict","player_choice":"Obtained Relic","floor":20.0,"gold_loss":85.0,"damage_taken":0.0,"relics_obtained":["War Paint"]},{"damage_healed":0.0,"max_hp_gain":0.0,"max_hp_loss":0.0,"gold_gain":0.0,"event_name":"Nest","player_choice":"Joined the Cult","floor":22.0,"gold_loss":0.0,"damage_taken":6.0,"cards_obtained":["RitualDagger"]},{"damage_healed":0,"gold_gain":0,"player_choice":"Ignored","damage_taken":0,"max_hp_gain":0,"max_hp_loss":0,"event_name":"Tomb of Lord Red Mask","floor":37,"gold_loss":0},{"damage_healed":0,"gold_gain":0,"player_choice":"Fight","damage_taken":0,"max_hp_gain":0,"max_hp_loss":0,"event_name":"MindBloom","floor":45,"gold_loss":0},{"cards_removed":["PathToVictory"],"damage_healed":0,"gold_gain":0,"player_choice":"Removed Skill","damage_taken":0,"max_hp_gain":0,"max_hp_loss":0,"event_name":"Falling","floor":46,"gold_loss":0},{"damage_healed":0,"gold_gain":0,"player_choice":"Max HP","damage_taken":0,"max_hp_gain":0,"max_hp_loss":5,"event_name":"Winding Halls","floor":48,"gold_loss":0}],"is_beta":false,"boss_relics":[{"not_picked":["Runic Dome","Snecko Eye"],"picked":"Astrolabe"},{"not_picked":["Philosopher\u0027s Stone","Pandora\u0027s Box"],"picked":"Empty Cage"}],"items_purged_floors":[14,36],"is_endless":false,"potions_floor_spawned":[2,12,16,18,31,33,39,45],"ascension_level":3}}