{"host":"q9718omregw4er46","time":1608835610,"event":{"mods":["BaseMod","Colored Powertips","Minty Spire (QoL Compilation)","Quick Restart","Relic Stats"],"gold_per_floor":[116,126,126,146,171,211,231,74,125,145,145,184,184,202,202,298,298,318,318,243,268,29,72,72,97,167,167,4,37,37,68,68,164,164,177,198,217,232,250,283,283,317,362,362,385,426,450,469,469,469,469,469,469,70,114,114],"floor_reached":57,"playtime":2732,"items_purged":["Strike_R","Strike_R"],"score":2978,"play_id":"e8e613b7-9c14-4482-92ce-64dfa57c2a69","local_time":"20201224234650","is_ascension_mode":true,"campfire_choices":[{"floor":11.0,"key":"REST"},{"data":"Bash","floor":13.0,"key":"SMITH"},{"data":"Uppercut","floor":15.0,"key":"SMITH"},{"data":"Clothesline","floor":24,"key":"SMITH"},{"data":"Fiend Fire","floor":27,"key":"SMITH"},{"floor":32,"key":"RECALL"},{"data":"Flame Barrier","floor":41,"key":"SMITH"},{"data":"Inflame","floor":49,"key":"SMITH"},{"data":"Double Tap","floor":53,"key":"SMITH"}],"circlet_count":0,"master_deck":["AscendersBane","Defend_R","Defend_R","Defend_R+1","Bash+1","Cleave","Clothesline+1","Reaper","Uppercut+1","Disarm+1","Fiend Fire+1","Burning Pact","Reaper","Power Through","Shrug It Off","Double Tap+1","Dark Embrace+1","Burning Pact+1","Impervious+1","Flame Barrier+1","Barricade","Fiend Fire","Madness","Madness","Blood for Blood+1","Inflame+1","Feel No Pain+1","Flash of Steel","Dark Embrace","Demon Form"],"relics":["Snecko Eye","Golden Idol","Bronze Scales","Juzu Bracelet","PreservedInsect","Bag of Marbles","Sundial","Philosopher\u0027s Stone","Anchor","Eternal Feather","StrikeDummy","Sling","Pear","Potion Belt","Astrolabe","Regal Pillow","Blue Candle","War Paint","Bottled Lightning"],"acts_visited":["Exordium","TheCity","TheBeyond","TheEnding"],"potions_floor_usage":[33,33,45,51,51,56,56],"damage_taken":[{"damage":7.0,"enemies":"Jaw Worm","floor":1.0,"turns":4.0},{"damage":4.0,"enemies":"2 Louse","floor":2.0,"turns":2.0},{"damage":0.0,"enemies":"Cultist","floor":4.0,"turns":3.0},{"damage":19.0,"enemies":"Gremlin Nob","floor":6.0,"turns":4.0},{"damage":11.0,"enemies":"3 Louse","floor":7.0,"turns":3.0},{"damage":1.0,"enemies":"Looter","floor":10.0,"turns":2.0},{"damage":20.0,"enemies":"3 Sentries","floor":12.0,"turns":4.0},{"damage":0.0,"enemies":"Gremlin Gang","floor":14.0,"turns":1.0},{"damage":23.0,"enemies":"Slime Boss","floor":16.0,"turns":7.0},{"damage":22.0,"enemies":"2 Thieves","floor":18.0,"turns":3.0},{"damage":17.0,"enemies":"Shell Parasite","floor":21.0,"turns":2.0},{"damage":0,"enemies":"Gremlin Leader","floor":23,"turns":3},{"damage":17,"enemies":"Shelled Parasite and Fungi","floor":25,"turns":3},{"damage":21,"enemies":"Slavers","floor":29,"turns":4},{"damage":0,"enemies":"Gremlin Leader","floor":31,"turns":3},{"damage":97,"enemies":"Automaton","floor":33,"turns":7},{"damage":0,"enemies":"Orb Walker","floor":35,"turns":1},{"damage":18,"enemies":"3 Shapes","floor":36,"turns":7},{"damage":26,"enemies":"Maw","floor":37,"turns":7},{"damage":19,"enemies":"Transient","floor":38,"turns":6},{"damage":0,"enemies":"Sphere and 2 Shapes","floor":39,"turns":7},{"damage":0,"enemies":"Nemesis","floor":40,"turns":3},{"damage":9,"enemies":"Giant Head","floor":42,"turns":5},{"damage":9,"enemies":"Maw","floor":45,"turns":9},{"damage":0,"enemies":"Nemesis","floor":46,"turns":3},{"damage":7,"enemies":"Transient","floor":47,"turns":6},{"damage":35,"enemies":"Spire Growth","floor":48,"turns":5},{"damage":39,"enemies":"Awakened One","floor":50,"turns":13},{"damage":46,"enemies":"Donu and Deca","floor":51,"turns":8},{"damage":3,"enemies":"Shield and Spear","floor":55,"turns":8},{"damage":26,"enemies":"The Heart","floor":56,"turns":8}],"seed_played":"-7096606236326367913","potions_obtained":[{"floor":6.0,"key":"SkillPotion"},{"floor":10.0,"key":"SteroidPotion"},{"floor":12.0,"key":"ElixirPotion"},{"floor":14.0,"key":"Swift Potion"},{"floor":35,"key":"Regen Potion"},{"floor":40,"key":"Block Potion"},{"floor":42,"key":"FearPotion"},{"floor":45,"key":"Explosive Potion"},{"floor":47,"key":"GamblersBrew"}],"is_trial":true,"path_per_floor":["M","M","?","M","T","E","M","$","T","M","R","E","R","M","R","B",null,"M","?","?","M","$","E","R","M","T","R","$","E","$","E","R","B",null,"M","M","M","M","M","E","R","E","T","?","M","E","M","M","R","B","B",null,"R","$","E","B",null],"character_chosen":"IRONCLAD","items_purchased":["PreservedInsect","Anchor","Sling","SkillPotion","SkillPotion","Flash of Steel","Dark Embrace"],"campfire_rested":1,"item_purchase_floors":[8,22,28,54,54,54,54],"current_hp_per_floor":[61,57,31,31,31,12,12,12,12,11,33,24,24,48,48,33,65,53,53,53,42,42,50,59,62,62,71,71,71,71,85,85,2,64,64,83,63,62,84,84,85,76,76,61,76,85,84,67,82,53,29,71,85,85,82,61],"gold":114,"neow_bonus":"","is_daily":false,"chose_seed":false,"campfire_upgraded":7,"win_rate":0.0,"timestamp":1608835610,"path_taken":["M","M","?","M","?","E","M","$","T","M","R","E","R","M","R","BOSS","M","?","?","M","$","E","R","M","T","R","?","E","$","E","R","BOSS","M","M","M","M","M","E","R","E","T","?","M","E","M","M","R","BOSS","BOSS","R","$","E","BOSS"],"items_purchased_type":["Relic","Relic","Relic","Potion","Potion","Card","Card"],"build_version":"2020-12-22","purchased_purges":2,"victory":true,"max_hp_per_floor":[75,75,75,75,75,75,75,75,75,75,75,75,75,75,75,75,75,75,75,75,75,75,75,75,75,75,75,75,85,85,85,85,85,85,85,85,85,85,85,85,85,85,85,85,85,85,85,85,85,85,85,85,85,85,85,85],"relic_stats":{"Regal Pillow":0,"counters":[31,151],"Golden Idol":225,"Astrolabe":["Dark Embrace","Burning Pact","Impervious"],"Blue Candle":[1],"Eternal Feather":48,"PreservedInsect":478,"Juzu Bracelet":0,"War Paint":["Disarm","Defend_R"],"Sundial":[78],"Bronze Scales":[418],"Snecko Eye":[332,324,309,306],"obtain_stats":[{"Potion Belt":31,"Regal Pillow":40,"Pear":29,"Golden Idol":3,"Astrolabe":34,"Blue Candle":42,"Eternal Feather":23,"PreservedInsect":8,"Juzu Bracelet":6,"War Paint":46,"Sling":28,"Anchor":22,"Sundial":12,"Bronze Scales":5,"Snecko Eye":0,"Philosopher\u0027s Stone":17,"Bag of Marbles":9,"Bottled Lightning":55,"StrikeDummy":26},{"Potion Belt":15,"Regal Pillow":22,"Pear":14,"Golden Idol":2,"Astrolabe":16,"Blue Candle":23,"Eternal Feather":12,"PreservedInsect":5,"Juzu Bracelet":4,"War Paint":25,"Sling":13,"Anchor":11,"Sundial":7,"Bronze Scales":3,"Snecko Eye":0,"Philosopher\u0027s Stone":9,"Bag of Marbles":5,"Bottled Lightning":30,"StrikeDummy":13},{"Potion Belt":48,"Regal Pillow":86,"Pear":45,"Golden Idol":6,"Astrolabe":55,"Blue Candle":91,"Eternal Feather":38,"PreservedInsect":16,"Juzu Bracelet":13,"War Paint":103,"Sling":41,"Anchor":35,"Sundial":22,"Bronze Scales":9,"Snecko Eye":0,"Philosopher\u0027s Stone":30,"Bag of Marbles":16,"Bottled Lightning":143,"StrikeDummy":41}]},"card_choices":[{"not_picked":["Anger","Body Slam"],"picked":"Cleave","floor":1.0},{"not_picked":["Infernal Blade","Sword Boomerang"],"picked":"Clothesline","floor":2.0},{"not_picked":["Sword Boomerang","Rage","Body Slam"],"picked":"SKIP","floor":4.0},{"not_picked":["Shrug It Off","Ghostly Armor"],"picked":"Reaper","floor":6.0},{"not_picked":["Clothesline","Twin Strike"],"picked":"Uppercut","floor":7.0},{"not_picked":["Anger","Pommel Strike","Armaments"],"picked":"SKIP","floor":10.0},{"not_picked":["Ghostly Armor","Body Slam","Sword Boomerang"],"picked":"SKIP","floor":12.0},{"not_picked":["Havoc","Fire Breathing"],"picked":"Disarm","floor":14.0},{"not_picked":["Immolate","Feed"],"picked":"Fiend Fire","floor":16.0},{"not_picked":["Headbutt","Anger+1"],"picked":"Burning Pact","floor":18.0},{"not_picked":["Seeing Red","Clothesline","Wild Strike"],"picked":"SKIP","floor":21.0},{"not_picked":["Feed","Sword Boomerang"],"picked":"Reaper","floor":23},{"not_picked":["Whirlwind","Entrench"],"picked":"Power Through","floor":25},{"not_picked":["Searing Blow","Perfected Strike"],"picked":"Shrug It Off","floor":29},{"not_picked":["Perfected Strike","Clash","Hemokinesis"],"picked":"SKIP","floor":31},{"not_picked":["Immolate","Berserk"],"picked":"Double Tap","floor":33},{"not_picked":["Cleave+1","Flex","Headbutt"],"picked":"SKIP","floor":35},{"not_picked":["Iron Wave+1","Thunderclap+1"],"picked":"Flame Barrier","floor":36},{"not_picked":["Flex","Havoc+1","Cleave"],"picked":"SKIP","floor":37},{"not_picked":["Wild Strike","Twin Strike+1"],"picked":"Barricade","floor":38},{"not_picked":["Clash+1","Whirlwind+1","Body Slam"],"picked":"SKIP","floor":39},{"not_picked":["Armaments","Twin Strike"],"picked":"Fiend Fire","floor":40},{"not_picked":["Rampage","Whirlwind","Sword Boomerang+1"],"picked":"SKIP","floor":42},{"not_picked":["Body Slam","Seeing Red","Second Wind"],"picked":"SKIP","floor":45},{"not_picked":["Twin Strike+1","Wild Strike+1"],"picked":"Blood for Blood+1","floor":46},{"not_picked":["Pommel Strike","Wild Strike+1"],"picked":"Inflame","floor":47},{"not_picked":["Pummel+1","Body Slam"],"picked":"Feel No Pain+1","floor":48},{"not_picked":["Fire Breathing","Uppercut"],"picked":"Demon Form","floor":55}],"player_experience":1105574,"relics_obtained":[{"floor":5.0,"key":"Bronze Scales"},{"floor":6.0,"key":"Juzu Bracelet"},{"floor":9.0,"key":"Bag of Marbles"},{"floor":12.0,"key":"Sundial"},{"floor":23,"key":"Eternal Feather"},{"floor":26,"key":"StrikeDummy"},{"floor":29,"key":"Pear"},{"floor":31,"key":"Potion Belt"},{"floor":40,"key":"Regal Pillow"},{"floor":42,"key":"Blue Candle"},{"floor":46,"key":"War Paint"},{"floor":55,"key":"Bottled Lightning"}],"event_choices":[{"damage_healed":0.0,"max_hp_gain":0.0,"max_hp_loss":0.0,"gold_gain":0.0,"event_name":"Golden Idol","player_choice":"Take Damage","floor":3.0,"gold_loss":0.0,"damage_taken":26.0,"relics_obtained":["Golden Idol"]},{"damage_healed":0.0,"max_hp_gain":0.0,"max_hp_loss":0.0,"gold_gain":0.0,"event_name":"Ghosts","player_choice":"Ignored","floor":19.0,"gold_loss":0.0,"damage_taken":0.0},{"cards_removed":["Strike_R"],"damage_healed":0.0,"max_hp_gain":0.0,"max_hp_loss":0.0,"gold_gain":0.0,"event_name":"Beggar","player_choice":"Gave Gold","floor":20.0,"gold_loss":75.0,"damage_taken":0.0},{"damage_healed":0,"gold_gain":0,"player_choice":"Embrace Madness","damage_taken":15,"max_hp_gain":0,"max_hp_loss":0,"event_name":"Winding Halls","floor":44,"gold_loss":0,"cards_obtained":["Madness","Madness"]}],"is_beta":false,"boss_relics":[{"not_picked":["Busted Crown","Fusion Hammer"],"picked":"Philosopher\u0027s Stone"},{"not_picked":["Tiny House","Runic Cube"],"picked":"Astrolabe"}],"items_purged_floors":[22,54],"is_endless":false,"potions_floor_spawned":[6,10,12,14,16,18,23,25,35,40,42,45,47],"ascension_level":20}}