{"host":"qc1sjgtdjonvdsd8","time":1608825588,"event":{"mods":["BaseMod","Colored Map","Colored Powertips","Downfall","Minty Spire (QoL Compilation)","Replay The Spire","StSLib","The Disciple"],"gold_per_floor":[99,99,99,99,99,99,173,173,173,191,101,137,150,164,181,283,283,380,398,417,141,160,160,160,91,107,121,132,132,132,148,161,263,263,188,207,552,568,568,320,320,346,346,360,375,62,62,62,62],"floor_reached":47,"playtime":4791,"items_purged":["Slimebound:Strike_Slimebound","Slimebound:Defend_Slimebound","Guardian:Aged","ReplayTheSpireMod:Restless Dread"],"score":497,"play_id":"64dfa286-0369-4009-aead-bec858c3d444","local_time":"20201224075948","is_ascension_mode":false,"campfire_choices":[{"data":"Slimebound:Split","floor":1.0,"key":"SMITH"},{"data":"Slimebound:ProtectTheBoss","floor":6.0,"key":"SMITH"},{"floor":8.0,"key":"RECALL"},{"data":"Slimebound:MegaLick","floor":23.0,"key":"SMITH"},{"data":"Slimebound:SlimeBrawl","floor":30.0,"key":"SMITH"}],"circlet_count":0,"master_deck":["Slimebound:Split+1","Slimebound:CorrosiveSpit","Slimebound:ProtectTheBoss+1","Slimebound:GrowthPunch","Slimebound:SplitAcid","Slimebound:LeechingTouch","Slimebound:OozeBath","Slimebound:LevelUp","Slimebound:MassFeed","Slimebound:LeechEnergy+1","Slimebound:SamplingLick+1","Slimebound:LevelUp+1","Slimebound:Equalize","Slimebound:MegaLick+1","Slimebound:Schlurp+1","Slimebound:SplitAcid+1","Slimebound:GoopSpray","Slimebound:OneTwoCombo","Slimebound:SlimeBrawl+1","Slimebound:LevelUp","Slimebound:LeechEnergy","Slimebound:SamplingLick","Slimebound:MinionMaster","Slimebound:DisruptingSlam+1","Slimebound:HauntingLick+1","Slimebound:SplitMire+1","Slimebound:SpikyOuterGoop","Slimebound:SplitAcid","Slimebound:Teamwork","Slimebound:SplitMire","Slimebound:OneTwoCombo"],"relics":["m_BurningSludge","Slimebound:MaxSlimesRelic","Pocketwatch","Kintsugi","Slimebound:AggressiveSlimeRelic","Nloth\u0027s Gift","Astrolabe","downfall:HeartBlessingRed","Question Card"],"acts_visited":["Exordium","TheCity","TheBeyond"],"potions_floor_usage":[42,44,47],"damage_taken":[{"damage":0.0,"enemies":"Small Slimes","floor":2.0,"turns":1.0},{"damage":0.0,"enemies":"Jaw Worm","floor":3.0,"turns":1.0},{"damage":0.0,"enemies":"2 Louse","floor":9.0,"turns":1.0},{"damage":21.0,"enemies":"Lots of Slimes","floor":10.0,"turns":3.0},{"damage":19.0,"enemies":"downfall:FleeingMerchant","floor":11.0,"turns":4.0},{"damage":19.0,"enemies":"3 Louse","floor":13.0,"turns":3.0},{"damage":31.0,"enemies":"Exordium Thugs","floor":14.0,"turns":3.0},{"damage":19.0,"enemies":"Blue Slaver","floor":15.0,"turns":3.0},{"damage":18.0,"enemies":"downfall:Watcher","floor":16.0,"turns":9.0},{"damage":28.0,"enemies":"Spheric Guardian","floor":19.0,"turns":5.0},{"damage":37.0,"enemies":"3 Byrds","floor":20.0,"turns":4.0},{"damage":19.0,"enemies":"downfall:FleeingMerchant","floor":21.0,"turns":4.0},{"damage":16.0,"enemies":"Sentry and Sphere","floor":22.0,"turns":3.0},{"damage":22.0,"enemies":"downfall:FleeingMerchant","floor":25.0,"turns":4.0},{"damage":22.0,"enemies":"Chosen and Byrds","floor":26.0,"turns":4.0},{"damage":20.0,"enemies":"Centurion and Healer","floor":27.0,"turns":3.0},{"damage":30.0,"enemies":"Cultist and Chosen","floor":28.0,"turns":3.0},{"damage":22.0,"enemies":"Chosen and Byrds","floor":31.0,"turns":3.0},{"damage":24.0,"enemies":"Centurion and Healer","floor":32.0,"turns":3.0},{"damage":44.0,"enemies":"downfall:Defect","floor":33.0,"turns":5.0},{"damage":34.0,"enemies":"3 Shapes","floor":36.0,"turns":3.0},{"damage":43.0,"enemies":"downfall:FleeingMerchant","floor":37.0,"turns":4.0},{"damage":33,"enemies":"Orb Walker","floor":38,"turns":3},{"damage":63,"enemies":"Giant Head","floor":42,"turns":7},{"damage":24,"enemies":"Sphere and 2 Shapes","floor":44,"turns":3},{"damage":52,"enemies":"Jaw Worm Horde","floor":45,"turns":2},{"damage":63,"enemies":"Nemesis","floor":47,"turns":2}],"seed_played":"2602438956389957599","potions_obtained":[{"floor":10.0,"key":"LiquidMemories"},{"floor":13.0,"key":"EssenceOfSteel"},{"floor":15.0,"key":"Slimebound:SlimedPotion"},{"floor":16.0,"key":"Flashbang"},{"floor":22.0,"key":"EssenceOfSteel"},{"floor":26.0,"key":"Ancient Potion"},{"floor":28.0,"key":"DistilledChaos"},{"floor":31.0,"key":"SneckoOil"},{"floor":33.0,"key":"Reflective Coating"},{"floor":38,"key":"LifebloodPotion"},{"floor":42,"key":"Venom Potion"},{"floor":44,"key":"Explosive Potion"},{"floor":45,"key":"Death Potion"}],"is_trial":false,"path_per_floor":["R","M","M","?","?","R","T","R","M","M","$","?","M","M","M","B",null,"R_BF","M","M","$","M","R","T","$","M","M","M","?","R","M","M","B",null,"R_BF","M","?","M","?","$","T","E","?","M","M","$","E"],"character_chosen":"SLIMEBOUND","items_purchased":["Slimebound:Equalize","Slimebound:MegaLick","Slimebound:GoopSpray","Slimebound:SpikyOuterGoop","Slimebound:SplitAcid","Slimebound:OneTwoCombo"],"campfire_rested":0,"item_purchase_floors":[21,21,25,40,40,46],"current_hp_per_floor":[60,60,60,65,65,65,65,65,65,65,65,39,42,33,32,36,65,65,59,47,50,63,63,63,69,71,77,77,77,77,80,80,58,80,80,74,80,71,71,71,71,52,52,60,44,44,0,0,0],"gold":62,"neow_bonus":"THREE_ENEMY_KILL","is_daily":false,"chose_seed":false,"campfire_upgraded":4,"win_rate":0.0,"timestamp":1608825588,"path_taken":["R","M","M","?","?","R","T","R","M","M","$","?","M","?","M","BOSS","R_BF","M","M","$","M","R","T","?","M","M","M","?","R","?","M","BOSS","R_BF","M","?","M","?","$","T","E","?","M","?","?","E"],"items_purchased_type":["Card","Card","Card","Card","Card","Card"],"build_version":"2020-12-22","purchased_purges":4,"victory":false,"max_hp_per_floor":[60,60,60,65,65,65,65,65,65,65,65,65,65,65,65,65,65,65,65,68,68,71,71,71,71,71,77,77,77,77,80,80,80,80,80,80,80,80,80,80,80,80,80,80,80,80,80,80,80],"card_choices":[{"not_picked":["Slimebound:Schlurp","Slimebound:SamplingLick"],"picked":"Slimebound:ProtectTheBoss","floor":2.0},{"not_picked":["Slimebound:FinishingTackle","Slimebound:PressTheAttack"],"picked":"Slimebound:GrowthPunch","floor":3.0},{"not_picked":["Twin Strike","Slimebound:PressTheAttack"],"picked":"Slimebound:SplitAcid","floor":9.0},{"not_picked":["Slimebound:SplitAcid","Slimebound:GrowthPunch","Twin Strike"],"picked":"SKIP","floor":10.0},{"not_picked":["Slimebound:PressTheAttack","Twin Strike","Blood for Blood"],"picked":"SKIP","floor":11.0},{"not_picked":["Slimebound:ForwardTackle","Slimebound:FinishingTackle"],"picked":"Slimebound:LeechingTouch","floor":13.0},{"not_picked":["Slimebound:ProtectTheBoss","Slimebound:ViciousTackle"],"picked":"Slimebound:OozeBath","floor":14.0},{"not_picked":["Slimebound:RejuvenatingLick","Slimebound:SlimeSpikes"],"picked":"Slimebound:LevelUp","floor":15.0},{"not_picked":["Slimebound:DouseInSlime","Slimebound:PrepareCrush"],"picked":"Slimebound:MassFeed","floor":16.0},{"not_picked":["Slimebound:LeechingTouch","Slimebound:FinishingTackle"],"picked":"Slimebound:LeechEnergy","floor":19.0},{"not_picked":["Slimebound:ComboTackle","Slimebound:SlimeSpikes"],"picked":"Slimebound:SamplingLick+1","floor":20.0},{"not_picked":["Slimebound:ItLooksTasty+1","Slimebound:LeadByExample"],"picked":"Slimebound:LevelUp+1","floor":21.0},{"not_picked":["Slimebound:ViciousTackle+1","Slimebound:SlimeSpikes"],"picked":"Slimebound:Schlurp+1","floor":22.0},{"not_picked":["Slimebound:SplitMire","Slimebound:SplitBruiser"],"picked":"Slimebound:SplitAcid+1","floor":25.0},{"not_picked":["Slimebound:SplitMire+1","Slimebound:Schlurp"],"picked":"Slimebound:OneTwoCombo","floor":26.0},{"not_picked":["Slimebound:GoopSpray","Slimebound:Chomp+1"],"picked":"Slimebound:SlimeBrawl","floor":27.0},{"not_picked":["Slimebound:GoopSpray","Slimebound:RollThrough+1"],"picked":"Slimebound:LevelUp","floor":28.0},{"not_picked":["Slimebound:SplitMire","Slimebound:Grow+1"],"picked":"Slimebound:LeechEnergy","floor":31.0},{"not_picked":["Slimebound:DisruptingSlam","Slimebound:RainOfGoop"],"picked":"Slimebound:SamplingLick","floor":32.0},{"not_picked":["Slimebound:Overexert","Slimebound:OozeBath"],"picked":"Slimebound:MinionMaster","floor":33.0},{"not_picked":["Slimebound:GoopSpray","Slimebound:Schlurp+1"],"picked":"Slimebound:SplitBruiser","floor":36.0},{"not_picked":["Slimebound:Equalize","Slimebound:Repurpose"],"picked":"Slimebound:HauntingLick+1","floor":37},{"not_picked":["Slimebound:Prepare+1","Slimebound:TongueLash"],"picked":"Slimebound:SplitMire+1","floor":38},{"not_picked":["Slimebound:GoopTackle+1","Slimebound:SlimeSlap"],"picked":"Slimebound:Teamwork","floor":42},{"not_picked":["Slimebound:FormOfPuddle","Twin Strike+1","Slimebound:BestDefense+1"],"picked":"Slimebound:SplitMire","floor":44},{"not_picked":["Slimebound:SlimeSpikes","Slimebound:SplitAcid+1","Twin Strike+1","Slimebound:LeechingTouch"],"picked":"SKIP","floor":45}],"player_experience":160689,"relics_obtained":[{"floor":7.0,"key":"Slimebound:MaxSlimesRelic"},{"floor":12.0,"key":"Pocketwatch"},{"floor":24.0,"key":"Slimebound:AggressiveSlimeRelic"},{"floor":42,"key":"Question Card"}],"event_choices":[{"damage_healed":0.0,"max_hp_gain":5.0,"max_hp_loss":0.0,"gold_gain":0.0,"event_name":"Big Fish","player_choice":"Donut","floor":4.0,"gold_loss":0.0,"damage_taken":0.0},{"damage_healed":26,"gold_gain":0,"player_choice":"Banana","damage_taken":0,"max_hp_gain":0,"max_hp_loss":0,"event_name":"Big Fish","floor":37,"gold_loss":0},{"cards_removed":["Slimebound:SplitBruiser"],"damage_healed":0,"gold_gain":0,"player_choice":"Removed Skill","damage_taken":0,"max_hp_gain":0,"max_hp_loss":0,"event_name":"Falling","floor":39,"gold_loss":0},{"damage_healed":0,"gold_gain":0,"player_choice":"Ignored","damage_taken":0,"max_hp_gain":0,"max_hp_loss":0,"event_name":"Mysterious Sphere","floor":43,"gold_loss":0}],"is_beta":false,"boss_relics":[{"not_picked":["Replay:Wanted Poster","Abe\u0027s Treasure"],"picked":"Kintsugi"},{"not_picked":["Empty Cage","Replay:Ancient Bell"],"picked":"Astrolabe"}],"items_purged_floors":[11,21,40,46],"is_endless":false,"potions_floor_spawned":[10,13,15,16,22,26,28,31,33,38,42,44,45],"killed_by":"Nemesis","ascension_level":0}}