{"host":"svwqvw2il1zfkkg0","time":1608793485,"event":{"mods":["AchievementEnabler","BaseMod","BetterRewards","Colored Map","Colored Powertips","Custom Start","Downfall","GifTheSpireLib","Highlight Path","Hubris","Infinite Spire","Minty Spire (QoL Compilation)","Quick Restart","Replay The Spire","Shop Mod","StSLib","SuperFastMode"],"gold_per_floor":[111,125,125,200,213,246,246,272,272,291,310,310,335,351,351,449,449,460,474,494,508,508,508,519,537,537,20,20,20,39,39,59,83,83,190,190,221,247,52,52,65,97,97,97,123,149,149,172,203,234,234,234,234],"floor_reached":52,"playtime":2064,"items_purged":[],"score":652,"play_id":"ca53f904-1915-4b1c-9974-1a9f25b6dbea","local_time":"20201223230445","is_ascension_mode":false,"campfire_choices":[{"floor":7,"key":"REST"},{"floor":15,"key":"REST"},{"floor":23,"key":"REST"},{"floor":34,"key":"REST"},{"floor":43,"key":"REST"},{"floor":47,"key":"REST"}],"circlet_count":0,"master_deck":["Strike_G","Strike_G","Strike_G","Strike_G","Strike_G","Defend_G","Defend_G","Defend_G","Defend_G","Defend_G","Survivor","Neutralize","Dagger Spray","Deadly Poison","Bane","Flying Knee","Flechettes","Catalyst","Draining Mist","All Out Attack","Glass Knife","Poisoned Stab","Dagger Throw","Poisoned Stab","Venomology","All Out Attack","Corpse Explosion","Deflect","Prepared+1","Riddle With Holes+1","Bouncing Flask+1","Endless Agony+1"],"relics":["Ring of the Serpent","NeowsBlessing","Orichalcum","Oddly Smooth Stone","The Courier","Snack Pack","Replay:Baseball","TwistedFunnel","Pen Nib","Art of War","Bag of Marbles","Omamori","infinitespire:EvilPickle","ChewingGum","TheAbacus","hubris:MysteriousPyramids","hubris:SlimyHat"],"acts_visited":["Exordium","TheCity","TheBeyond"],"potions_floor_usage":[6,13,13,20,21,21,24,25,30,35,35,42,42,42,42,42,42,49,50,50,52,52,52],"damage_taken":[{"damage":0,"enemies":"2 Louse","floor":1,"turns":1},{"damage":0,"enemies":"Small Slimes","floor":2,"turns":1},{"damage":0,"enemies":"Jaw Worm","floor":5,"turns":1},{"damage":24,"enemies":"Gremlin Nob","floor":6,"turns":4},{"damage":6,"enemies":"Gremlin Gang","floor":10,"turns":3},{"damage":6,"enemies":"Exordium Wildlife","floor":11,"turns":3},{"damage":12,"enemies":"Replay:BlueRogue","floor":13,"turns":5},{"damage":0,"enemies":"Large Slime","floor":14,"turns":4},{"damage":27,"enemies":"Fading Forest","floor":16,"turns":11},{"damage":7,"enemies":"Shell Parasite","floor":18,"turns":5},{"damage":34,"enemies":"2 Thieves","floor":19,"turns":4},{"damage":32,"enemies":"Centurion and Healer","floor":20,"turns":6},{"damage":6,"enemies":"3 Cultists","floor":21,"turns":4},{"damage":16,"enemies":"Snecko","floor":24,"turns":4},{"damage":5,"enemies":"Shelled Parasite and Fungi","floor":25,"turns":5},{"damage":9,"enemies":"Snake Plant","floor":30,"turns":3},{"damage":6,"enemies":"Centurion and Healer","floor":32,"turns":3},{"damage":41,"enemies":"Pondfish","floor":35,"turns":10},{"damage":3,"enemies":"3 Shapes","floor":37,"turns":2},{"damage":10,"enemies":"3 Darklings","floor":38,"turns":3},{"damage":38,"enemies":"Maw","floor":41,"turns":7},{"damage":29,"enemies":"Nemesis","floor":42,"turns":7},{"damage":14,"enemies":"Transient","floor":46,"turns":5},{"damage":11,"enemies":"Jaw Worm Horde","floor":48,"turns":2},{"damage":4,"enemies":"Writhing Mass","floor":49,"turns":3},{"damage":11,"enemies":"3 Darklings","floor":50,"turns":2},{"damage":45,"enemies":"infinitespire:MassOfShapes","floor":52,"turns":1}],"seed_played":"-7219883500607847575","potions_obtained":[{"floor":2,"key":"SteroidPotion"},{"floor":5,"key":"Dexterity Potion"},{"floor":10,"key":"AttackPotion"},{"floor":16,"key":"LiquidMemories"},{"floor":18,"key":"BlessingOfTheForge"},{"floor":20,"key":"FearPotion"},{"floor":24,"key":"EssenceOfSteel"},{"floor":38,"key":"Dexterity Potion"},{"floor":41,"key":"Regen Potion"},{"floor":49,"key":"DuplicationPotion"},{"floor":51,"key":"Guardian:BlockOnCardUsePotion"},{"floor":51,"key":"LiquidMemories"}],"is_trial":false,"path_per_floor":["M","M","?","?","M","E","R","T","T","M","M","$","E","M","R","B",null,"M","M","M","M","?","R","M","M","T","$","PTL","PTL","M","?","M","T","R","B",null,"M","M","$","?","M","E","R","?","T","M","R","M","M","M","R_BF","B"],"character_chosen":"THE_SILENT","items_purchased":["TwistedFunnel","Pen Nib","Art of War","Bag of Marbles","Energy Potion","EntropicBrew","TheAbacus"],"campfire_rested":6,"item_purchase_floors":[27,27,27,27,27,39,39],"current_hp_per_floor":[70,70,70,59,59,35,56,56,56,50,44,44,32,34,55,50,70,66,34,10,12,12,33,21,22,22,22,22,22,15,38,36,36,57,26,70,67,59,59,59,31,23,44,44,44,38,57,48,48,39,39,0,0],"gold":234,"neow_bonus":"THREE_ENEMY_KILL","is_daily":false,"chose_seed":false,"campfire_upgraded":0,"win_rate":0.0,"timestamp":1608793485,"path_taken":["M","M","?","?","M","E","R","?","T","?","?","$","E","M","R","BOSS","M","M","M","M","?","R","M","M","T","$","PTL","PTL","M","?","M","?","R","BOSS","M","M","?","?","M","E","R","?","T","M","R","?","M","M","R_BF","BOSS"],"items_purchased_type":["Relic","Relic","Relic","Relic","Potion","Potion","Relic"],"build_version":"2020-12-22","purchased_purges":0,"victory":false,"max_hp_per_floor":[70,70,70,70,70,70,70,70,70,70,70,70,70,70,70,70,70,70,70,70,70,70,70,70,70,70,70,70,70,70,70,70,70,70,70,70,70,70,70,70,70,70,70,66,66,66,66,66,66,66,66,66,66],"card_choices":[{"not_picked":["Deflect","Choke"],"picked":"Dagger Spray","floor":1},{"not_picked":["Deflect","Heel Hook"],"picked":"Deadly Poison","floor":2},{"not_picked":["Cloak And Dagger","Quick Slash"],"picked":"Flying Knee","floor":5},{"not_picked":["Caltrops","Acrobatics"],"picked":"Flechettes","floor":6},{"not_picked":["ReplayTheSpireMod:Shiv Toss","Quick Slash"],"picked":"Catalyst","floor":10},{"not_picked":["Dagger Throw","Wraith Form v2"],"picked":"Draining Mist","floor":11},{"not_picked":["Blade Dance","Cloak And Dagger"],"picked":"All Out Attack","floor":13},{"not_picked":["hubris:SlightOfHand","Deadly Poison","Acrobatics"],"picked":"SKIP","floor":14},{"not_picked":["Poison Darts","Venomology"],"picked":"Glass Knife","floor":16},{"not_picked":["Backstab","Bane"],"picked":"Poisoned Stab","floor":18},{"not_picked":["Outmaneuver","Deadly Poison"],"picked":"Dagger Throw","floor":19},{"not_picked":["Hidden Blade","Cloak And Dagger"],"picked":"Poisoned Stab","floor":20},{"not_picked":["Slice+1","Escape Plan"],"picked":"Venomology","floor":21},{"not_picked":["Sucker Punch","All Out Attack","hubris:Sniper"],"picked":"SKIP","floor":24},{"not_picked":["Sucker Punch","hubris:Sniper"],"picked":"All Out Attack","floor":24},{"not_picked":["Finisher","Blade Dance","Deadly Poison"],"picked":"SKIP","floor":25},{"not_picked":["Blade Dance","Blur"],"picked":"Dagger Spray","floor":30},{"not_picked":["Slice","Skewer","Dodge and Roll+1"],"picked":"SKIP","floor":32},{"not_picked":["infinitespire:Neurotoxin","Bullet Time"],"picked":"Corpse Explosion","floor":35},{"not_picked":["Hidden Blade","hubris:SlightOfHand","Slice+1"],"picked":"SKIP","floor":37},{"not_picked":["Backflip","PiercingWail+1","Outmaneuver"],"picked":"SKIP","floor":38},{"not_picked":["Dagger Spray","Prepared"],"picked":"Deflect","floor":41},{"not_picked":["Reflex+1","Acrobatics"],"picked":"Prepared+1","floor":42},{"not_picked":["Dash","Catalyst"],"picked":"Riddle With Holes+1","floor":46},{"not_picked":["Flying Knee+1","Blur+1"],"picked":"Bouncing Flask+1","floor":48},{"not_picked":["Deflect","Dagger Throw"],"picked":"Endless Agony+1","floor":49},{"not_picked":["Slice","Flying Knee","Blade Dance+1"],"picked":"SKIP","floor":50}],"player_experience":417973,"relics_obtained":[{"floor":6,"key":"Orichalcum"},{"floor":8,"key":"Oddly Smooth Stone"},{"floor":9,"key":"The Courier"},{"floor":13,"key":"Snack Pack"},{"floor":26,"key":"Replay:Baseball"},{"floor":33,"key":"Omamori"},{"floor":42,"key":"hubris:MysteriousPyramids"},{"floor":45,"key":"hubris:SlimyHat"}],"event_choices":[{"damage_healed":0,"gold_gain":75,"player_choice":"Gather Gold","damage_taken":11,"max_hp_gain":0,"max_hp_loss":0,"event_name":"World of Goop","floor":4,"gold_loss":0},{"damage_healed":0,"gold_gain":0,"player_choice":"Ignored","damage_taken":0,"max_hp_gain":0,"max_hp_loss":0,"event_name":"Cursed Tome","floor":22,"gold_loss":0},{"damage_healed":23,"gold_gain":0,"player_choice":"Heal","damage_taken":0,"max_hp_gain":0,"max_hp_loss":0,"event_name":"The Library","floor":31,"gold_loss":0},{"cards_removed":["Dagger Spray"],"damage_healed":0,"gold_gain":0,"player_choice":"Removed Attack","damage_taken":0,"max_hp_gain":0,"max_hp_loss":0,"event_name":"Falling","floor":40,"gold_loss":0},{"damage_healed":0,"gold_gain":0,"player_choice":"Max HP","damage_taken":0,"max_hp_gain":0,"max_hp_loss":4,"event_name":"Winding Halls","floor":44,"gold_loss":0}],"is_beta":false,"boss_relics":[{"not_picked":["hubris:Stopwatch","hubris:RunicObelisk"],"picked":"Ring of the Serpent"},{"not_picked":["Busted Crown","Replay:Grab Bag"],"picked":"ChewingGum"}],"items_purged_floors":[],"is_endless":false,"potions_floor_spawned":[2,5,10,16,18,20,24,38,41,49],"killed_by":"infinitespire:MassOfShapes","ascension_level":0}}