{"host":"0msxzbajcl1c78mb","time":1608786256,"event":{"mods":["AchievementEnabler","BaseMod","Colored Map","Colored Powertips","Highlight Path","Minty Spire (QoL Compilation)","Relic Sorter","Relic Stats","StSLib","The Jungle","everything is the same but u backflip on backflip"],"gold_per_floor":[114,126,144,144,144,173,138,138,138,138,153,188,204,232,232,332,332,350,120,120,120,131,131,164,164,190,222,122,122,122,140,140,243,243,255,255,317,347,378,390,432,457,469,481,493,537,563,245,245,245,245,245,24,59,59],"floor_reached":56,"playtime":3431,"items_purged":["Strike_R","Strike_R","Strike_R"],"score":1855,"play_id":"9ad8ff6f-2d01-4f4b-9cdf-ed97c95c6a1c","local_time":"20201224000415","is_ascension_mode":true,"campfire_choices":[{"floor":8,"key":"REST"},{"data":"Wild Strike","floor":10,"key":"SMITH"},{"data":"True Grit","floor":15,"key":"SMITH"},{"floor":23,"key":"REST"},{"data":"Fiend Fire","floor":25,"key":"SMITH"},{"data":"Entrench","floor":29,"key":"SMITH"},{"floor":32,"key":"REST"},{"data":"Rampage","floor":40,"key":"SMITH"},{"floor":49,"key":"RECALL"},{"data":"Impervious","floor":52,"key":"SMITH"}],"circlet_count":0,"master_deck":["Defend_R","Defend_R","Defend_R","Defend_R+1","Bash","Evolve+1","Wild Strike+1","Rampage+1","Shrug It Off","Inflame","True Grit+1","Shrug It Off","Fiend Fire+1","Battle Trance","Intimidate","Entrench+1","Ghostly Armor+1","Impervious+1","CurseOfTheBell","Battle Trance","Fiend Fire","Fire Breathing+1","Body Slam+1","Writhe","Headbutt","Metallicize+1","Feel No Pain","Offering","Entrench+1","Impervious"],"relics":["Mark of Pain","Centennial Puzzle","Mercury Hourglass","Calipers","Juzu Bracelet","SlaversCollar","Boot","Anchor","Happy Flower","Singing Bowl","Calling Bell","Orichalcum","Kunai","Lizard Tail","MawBank","Torii","Darkstone Periapt","Bottled Lightning","DollysMirror","Red Skull"],"acts_visited":["Exordium","TheCity","TheBeyond","TheEnding"],"potions_floor_usage":[12,16,24,27,33,41,42,55,55],"damage_taken":[{"damage":0,"enemies":"Small Slimes","floor":1,"turns":3},{"damage":12,"enemies":"Jaw Worm","floor":2,"turns":4},{"damage":2,"enemies":"2 Louse","floor":3,"turns":4},{"damage":22,"enemies":"3 Sentries","floor":6,"turns":8},{"damage":1,"enemies":"Red Slaver","floor":11,"turns":2},{"damage":5,"enemies":"Gremlin Nob","floor":12,"turns":3},{"damage":1,"enemies":"2 Fungi Beasts","floor":13,"turns":3},{"damage":5,"enemies":"3 Sentries","floor":14,"turns":4},{"damage":16,"enemies":"Slime Boss","floor":16,"turns":6},{"damage":8,"enemies":"Spheric Guardian","floor":18,"turns":4},{"damage":24,"enemies":"2 Thieves","floor":22,"turns":5},{"damage":14,"enemies":"Slavers","floor":24,"turns":5},{"damage":3,"enemies":"Gremlin Leader","floor":27,"turns":3},{"damage":19,"enemies":"Snecko","floor":31,"turns":5},{"damage":0,"enemies":"Automaton","floor":33,"turns":16},{"damage":0,"enemies":"Orb Walker","floor":35,"turns":4},{"damage":0,"enemies":"Mind Bloom Boss Battle","floor":37,"turns":7},{"damage":0,"enemies":"3 Shapes","floor":38,"turns":7},{"damage":7,"enemies":"Spire Growth","floor":39,"turns":11},{"damage":19,"enemies":"Nemesis","floor":41,"turns":9},{"damage":0,"enemies":"Jaw Worm Horde","floor":42,"turns":3},{"damage":0,"enemies":"Giant Head","floor":46,"turns":8},{"damage":1,"enemies":"3 Darklings","floor":47,"turns":5},{"damage":28,"enemies":"Awakened One","floor":50,"turns":8},{"damage":6,"enemies":"Shield and Spear","floor":54,"turns":6},{"damage":6,"enemies":"The Heart","floor":55,"turns":6}],"seed_played":"9212516925313292039","potions_obtained":[{"floor":2,"key":"FearPotion"},{"floor":6,"key":"DistilledChaos"},{"floor":11,"key":"ElixirPotion"},{"floor":13,"key":"BloodPotion"},{"floor":16,"key":"SteroidPotion"},{"floor":24,"key":"DuplicationPotion"},{"floor":31,"key":"EssenceOfSteel"},{"floor":33,"key":"Ancient Potion"},{"floor":35,"key":"ColorlessPotion"},{"floor":39,"key":"HeartOfIron"},{"floor":41,"key":"SneckoOil"}],"is_trial":false,"path_per_floor":["M","M","M","?","?","E","?","R","T","R","M","E","M","E","R","B",null,"M","$","?","?","M","R","E","R","T","E","$","R","?","M","R","B",null,"M","?","?","M","M","R","E","M","T","?","?","E","M","$","R","B",null,"R","$","E","B",null],"character_chosen":"IRONCLAD","items_purchased":["Boot","Feel No Pain","Offering","DollysMirror","DistilledChaos"],"campfire_rested":3,"item_purchase_floors":[19,48,48,53,53],"current_hp_per_floor":[72,60,58,51,35,13,33,57,57,57,56,51,50,45,45,29,67,59,59,59,44,20,45,31,31,31,45,45,45,45,26,51,51,77,79,79,79,79,72,72,53,55,55,83,83,83,82,82,82,54,85,85,85,79,73],"gold":59,"neow_bonus":"BOSS_RELIC","is_daily":false,"chose_seed":false,"campfire_upgraded":6,"win_rate":0.0,"timestamp":1608786255,"path_taken":["M","M","M","?","?","E","?","R","T","R","M","E","M","E","R","BOSS","M","$","?","?","M","R","E","R","T","E","$","R","?","M","R","BOSS","M","?","?","M","M","R","E","M","T","?","?","E","M","$","R","BOSS","R","$","E","BOSS"],"items_purchased_type":["Relic","Card","Card","Relic","Potion"],"build_version":"2020-12-22","purchased_purges":3,"victory":true,"max_hp_per_floor":[80,80,80,80,80,80,80,80,80,80,80,80,80,80,80,80,80,80,80,80,85,85,85,85,85,85,85,85,85,85,85,85,85,85,87,87,87,87,87,87,87,89,89,95,95,95,95,95,95,95,95,95,95,95,95],"relic_stats":{"Darkstone Periapt":6,"Happy Flower":[32],"Singing Bowl":4,"Torii":8,"counters":[26,149],"Juzu Bracelet":1,"Orichalcum":[0],"Boot":[12],"MawBank":144,"Mercury Hourglass":[509],"Centennial Puzzle":[48],"Lizard Tail":0,"Kunai":[9],"obtain_stats":[{"Darkstone Periapt":41,"Calipers":12,"Happy Flower":26,"Singing Bowl":27,"Torii":37,"Juzu Bracelet":14,"Orichalcum":34,"Boot":19,"MawBank":36,"Burning Blood":0,"Mercury Hourglass":9,"Calling Bell":34,"SlaversCollar":17,"Centennial Puzzle":6,"Anchor":24,"Lizard Tail":34,"DollysMirror":53,"Mark of Pain":0,"Kunai":34,"Bottled Lightning":46,"Red Skull":54},{"Darkstone Periapt":20,"Calipers":6,"Happy Flower":12,"Singing Bowl":13,"Torii":17,"Juzu Bracelet":8,"Orichalcum":15,"Boot":10,"MawBank":16,"Burning Blood":0,"Mercury Hourglass":4,"Calling Bell":15,"SlaversCollar":9,"Centennial Puzzle":4,"Anchor":12,"Lizard Tail":15,"DollysMirror":24,"Mark of Pain":0,"Kunai":15,"Bottled Lightning":22,"Red Skull":25},{"Darkstone Periapt":113,"Calipers":24,"Happy Flower":51,"Singing Bowl":54,"Torii":86,"Juzu Bracelet":31,"Orichalcum":75,"Boot":41,"MawBank":79,"Burning Blood":0,"Mercury Hourglass":19,"Calling Bell":75,"SlaversCollar":37,"Centennial Puzzle":19,"Anchor":51,"Lizard Tail":75,"DollysMirror":137,"Mark of Pain":0,"Kunai":75,"Bottled Lightning":124,"Red Skull":143}]},"card_choices":[{"not_picked":["Thunderclap","True Grit"],"picked":"Evolve","floor":1},{"not_picked":["Headbutt","Burning Pact"],"picked":"Iron Wave","floor":2},{"not_picked":["Searing Blow","Pummel"],"picked":"Wild Strike","floor":3},{"not_picked":["Bloodletting","Armaments"],"picked":"Rampage","floor":6},{"not_picked":["Sword Boomerang","Disarm"],"picked":"Shrug It Off","floor":11},{"not_picked":["Sword Boomerang","Exhume"],"picked":"Inflame","floor":12},{"not_picked":["Armaments","Searing Blow"],"picked":"True Grit","floor":13},{"not_picked":["Iron Wave","Ghostly Armor"],"picked":"Shrug It Off","floor":14},{"not_picked":["Reaper","Feed"],"picked":"Fiend Fire","floor":16},{"not_picked":["Rupture+1","Wild Strike","Twin Strike"],"picked":"SKIP","floor":18},{"not_picked":["Seeing Red","Thunderclap"],"picked":"Battle Trance","floor":22},{"not_picked":["Dropkick","Pommel Strike"],"picked":"Intimidate","floor":24},{"not_picked":["Armaments","Fiend Fire"],"picked":"Entrench","floor":27},{"not_picked":["Headbutt+1","Infernal Blade"],"picked":"Ghostly Armor+1","floor":31},{"not_picked":["Double Tap","Limit Break"],"picked":"Impervious","floor":33},{"not_picked":["Anger","Warcry+1","True Grit"],"picked":"Singing Bowl","floor":35},{"not_picked":["Shockwave+1","Spot Weakness"],"picked":"Battle Trance","floor":37},{"not_picked":["Body Slam","Headbutt+1"],"picked":"Fiend Fire","floor":38},{"not_picked":["Second Wind","Sever Soul+1"],"picked":"Fire Breathing+1","floor":39},{"not_picked":["Battle Trance+1","Clothesline"],"picked":"Body Slam+1","floor":41},{"not_picked":["Iron Wave+1","Twin Strike","Rage+1"],"picked":"Singing Bowl","floor":42},{"not_picked":["Perfected Strike+1","Dual Wield"],"picked":"Headbutt","floor":46},{"not_picked":["Clothesline+1","Perfected Strike"],"picked":"Metallicize+1","floor":47},{"not_picked":["Wild Strike+1","Pommel Strike+1"],"picked":"Impervious","floor":54}],"player_experience":281750,"relics_obtained":[{"floor":6,"key":"Centennial Puzzle"},{"floor":9,"key":"Mercury Hourglass"},{"floor":12,"key":"Calipers"},{"floor":14,"key":"Juzu Bracelet"},{"floor":24,"key":"Anchor"},{"floor":26,"key":"Happy Flower"},{"floor":27,"key":"Singing Bowl"},{"floor":34,"key":"Orichalcum"},{"floor":34,"key":"Kunai"},{"floor":34,"key":"Lizard Tail"},{"floor":37,"key":"Torii"},{"floor":41,"key":"Darkstone Periapt"},{"floor":46,"key":"Bottled Lightning"},{"floor":54,"key":"Red Skull"}],"event_choices":[{"cards_removed":["Strike_R"],"damage_healed":0,"gold_gain":0,"player_choice":"Card Removal","damage_taken":7,"max_hp_gain":0,"max_hp_loss":0,"event_name":"Golden Wing","floor":4,"gold_loss":0},{"damage_healed":0,"gold_gain":0,"player_choice":"Entered Light","damage_taken":16,"max_hp_gain":0,"max_hp_loss":0,"event_name":"Shining Light","floor":5,"gold_loss":0,"cards_upgraded":["Defend_R","Evolve"]},{"damage_healed":20,"gold_gain":0,"player_choice":"Healed","damage_taken":0,"max_hp_gain":0,"max_hp_loss":0,"event_name":"The Cleric","floor":7,"gold_loss":35},{"damage_healed":0,"gold_gain":0,"player_choice":"Ignored","damage_taken":0,"max_hp_gain":0,"max_hp_loss":0,"event_name":"Ghosts","floor":20,"gold_loss":0},{"damage_healed":0,"gold_gain":0,"player_choice":"Shed Blood","damage_taken":20,"max_hp_gain":5,"max_hp_loss":0,"event_name":"Forgotten Altar","floor":21,"gold_loss":0},{"damage_healed":0,"gold_gain":0,"player_choice":"Ignored","damage_taken":0,"max_hp_gain":0,"max_hp_loss":0,"event_name":"Vampires","floor":30,"gold_loss":0},{"cards_removed":["Iron Wave"],"damage_healed":0,"gold_gain":0,"player_choice":"Gave Card","damage_taken":0,"relics_obtained":["MawBank"],"max_hp_gain":0,"max_hp_loss":0,"event_name":"WeMeetAgain","floor":36,"gold_loss":0},{"damage_healed":0,"gold_gain":0,"player_choice":"Fight","damage_taken":0,"max_hp_gain":0,"max_hp_loss":0,"event_name":"MindBloom","floor":37,"gold_loss":0},{"damage_healed":22,"gold_gain":0,"player_choice":"Writhe","damage_taken":0,"max_hp_gain":0,"max_hp_loss":0,"event_name":"Winding Halls","floor":44,"gold_loss":0,"cards_obtained":["Writhe"]},{"cards_removed":["Strike_R"],"damage_healed":0,"gold_gain":0,"player_choice":"Removed Attack","damage_taken":0,"max_hp_gain":0,"max_hp_loss":0,"event_name":"Falling","floor":45,"gold_loss":0}],"is_beta":false,"boss_relics":[{"not_picked":["Coffee Dripper","Empty Cage"],"picked":"SlaversCollar"},{"not_picked":["Pandora\u0027s Box","Velvet Choker"],"picked":"Calling Bell"}],"items_purged_floors":[19,28,48],"is_endless":false,"potions_floor_spawned":[2,6,11,13,16,18,24,31,33,35,39,41],"ascension_level":8}}