{"host":"icfpfg8l7slpscsh","time":1608847214,"event":{"mods":["AchievementEnabler","BaseMod","Colored Map","Colored Powertips","Highlight Path","Minty Spire (QoL Compilation)","Permanent Neow","Quick Restart","StSLib"],"gold_per_floor":[112,130,130,130,30,30,41,41,41,41,54,88,107,141,141,218,218,228,228,228,143,162,162,176,176,176],"floor_reached":25,"playtime":1027,"items_purged":[],"score":422,"play_id":"5b850edf-63a9-462f-b53f-cf2c93178625","local_time":"20201224170014","is_ascension_mode":true,"campfire_choices":[{"floor":6,"key":"REST"},{"floor":8,"key":"REST"},{"data":"Armaments","floor":10,"key":"SMITH"},{"floor":15,"key":"REST"},{"floor":23,"key":"REST"}],"circlet_count":0,"master_deck":["AscendersBane","Strike_R","Strike_R","Strike_R","Strike_R","Strike_R","Defend_R","Defend_R","Defend_R","Defend_R","Bash+1","Rampage","Shrug It Off","Deep Breath","Armaments+1","Uppercut","Cleave","Pommel Strike","Disarm","Feed","Wild Strike","Writhe","Hemokinesis","Clothesline+1"],"relics":["Burning Blood","Unceasing Top","WingedGreaves","Art of War","Regal Pillow","Nunchaku","Velvet Choker","Anchor","Toy Ornithopter"],"acts_visited":["Exordium","TheCity"],"potions_floor_usage":[12,14,22,22],"damage_taken":[{"damage":11,"enemies":"Small Slimes","floor":1,"turns":5},{"damage":14,"enemies":"Jaw Worm","floor":2,"turns":3},{"damage":0,"enemies":"Cultist","floor":7,"turns":3},{"damage":8,"enemies":"Blue Slaver","floor":11,"turns":3},{"damage":12,"enemies":"Lagavulin","floor":12,"turns":5},{"damage":9,"enemies":"Looter","floor":13,"turns":3},{"damage":8,"enemies":"Gremlin Nob","floor":14,"turns":3},{"damage":71,"enemies":"Hexaghost","floor":16,"turns":12},{"damage":13,"enemies":"Spheric Guardian","floor":18,"turns":5},{"damage":11,"enemies":"Shell Parasite","floor":22,"turns":4},{"damage":63,"enemies":"Snecko","floor":24,"turns":8},{"damage":20,"enemies":"3 Cultists","floor":25,"turns":3}],"seed_played":"-1530517844903153731","potions_obtained":[{"floor":7,"key":"DistilledChaos"},{"floor":12,"key":"LiquidMemories"},{"floor":16,"key":"DuplicationPotion"},{"floor":18,"key":"DistilledChaos"}],"is_trial":false,"path_per_floor":["M","M","?","?","$","R","M","R","T","R","M","E","M","E","R","B",null,"M","?","?","?","M","R","M","M"],"character_chosen":"IRONCLAD","items_purchased":["Deep Breath"],"campfire_rested":4,"item_purchase_floors":[5],"current_hp_per_floor":[45,37,2,2,2,24,30,52,52,52,50,44,41,39,75,10,59,55,33,33,33,38,77,20,0,0],"gold":176,"neow_bonus":"ONE_RARE_RELIC","is_daily":false,"chose_seed":false,"campfire_upgraded":1,"win_rate":0.0,"timestamp":1608847214,"path_taken":["M","M","?","?","$","R","?","R","T","R","M","E","M","E","R","BOSS","M","?","?","?","M","R","M","M"],"items_purchased_type":["Card"],"build_version":"2020-12-22","purchased_purges":0,"victory":false,"max_hp_per_floor":[75,75,75,75,75,75,75,75,75,75,75,75,75,75,75,75,75,78,83,83,83,83,83,83,83,83],"card_choices":[{"not_picked":["Armaments","Thunderclap"],"picked":"Rampage","floor":1},{"not_picked":["Havoc","Clash"],"picked":"Shrug It Off","floor":2},{"not_picked":["Clothesline","True Grit"],"picked":"Armaments","floor":7},{"not_picked":["Havoc","Anger"],"picked":"Uppercut","floor":11},{"not_picked":["Flex","Havoc"],"picked":"Cleave","floor":12},{"not_picked":["Burning Pact","Fiend Fire"],"picked":"Pommel Strike","floor":13},{"not_picked":["Body Slam","Flex"],"picked":"Disarm","floor":14},{"not_picked":["Impervious","Fiend Fire"],"picked":"Feed","floor":16},{"not_picked":["Anger","Bloodletting"],"picked":"Wild Strike","floor":18},{"not_picked":["Warcry","Havoc"],"picked":"Hemokinesis","floor":22},{"not_picked":["Warcry+1","Perfected Strike"],"picked":"Clothesline+1","floor":24}],"player_experience":1413175,"relics_obtained":[{"floor":9,"key":"Art of War"},{"floor":12,"key":"Regal Pillow"},{"floor":14,"key":"Nunchaku"}],"event_choices":[{"damage_healed":0,"gold_gain":0,"player_choice":"Success","damage_taken":35,"relics_obtained":["WingedGreaves"],"max_hp_gain":0,"max_hp_loss":0,"event_name":"Scrap Ooze","floor":3,"gold_loss":0},{"damage_healed":0,"gold_gain":0,"player_choice":"Grow","damage_taken":0,"max_hp_gain":0,"max_hp_loss":0,"event_name":"Living Wall","floor":4,"gold_loss":0,"cards_upgraded":["Bash"]},{"damage_healed":0,"gold_gain":0,"player_choice":"Shed Blood","damage_taken":27,"max_hp_gain":5,"max_hp_loss":0,"event_name":"Forgotten Altar","floor":19,"gold_loss":0},{"damage_healed":0,"gold_gain":0,"player_choice":"Opened","damage_taken":0,"relics_obtained":["Anchor"],"max_hp_gain":0,"max_hp_loss":0,"event_name":"The Mausoleum","floor":20,"gold_loss":0,"cards_obtained":["Writhe"]},{"damage_healed":0,"gold_gain":0,"player_choice":"Obtained Relic","damage_taken":0,"relics_obtained":["Toy Ornithopter"],"max_hp_gain":0,"max_hp_loss":0,"event_name":"Addict","floor":21,"gold_loss":85}],"is_beta":false,"boss_relics":[{"not_picked":["Ectoplasm","Tiny House"],"picked":"Velvet Choker"}],"items_purged_floors":[],"is_endless":false,"potions_floor_spawned":[7,12,16,18],"killed_by":"3 Cultists","ascension_level":20}}