{"host":"27tk4xseidcli2mr","time":1608818226,"event":{"mods":["2.2 Compatiblity","AchievementEnabler","Aspiration","BaseMod","Better Third Choice","Conspire","Custom Start","Hubris","Jorbs\u0027s Wanderer Trilogy","Minty Spire (QoL Compilation)","Replay The Spire","StSLib","SuperFastMode","[IsaacMod]????"],"gold_per_floor":[109,109,21,38,51,83,83,112,112,129,129,129,139,151,151,225,225,241,241,253,299,299,299],"floor_reached":22,"playtime":804,"items_purged":[],"score":392,"play_id":"dd42b204-465c-42df-810f-9faa54eed13a","local_time":"20201224145706","is_ascension_mode":true,"campfire_choices":[{"floor":7.0,"key":"REST"},{"data":"Dual Wield","floor":12.0,"key":"SMITH"},{"floor":15.0,"key":"REST"}],"circlet_count":0,"master_deck":["AscendersBane","Strike_R","Strike_R","Strike_R","Strike_R","Strike_R","Defend_R","Defend_R","Defend_R","Defend_R","Bash","SuicideKing","Inflame+1","Iron Wave","Thunderclap","Dual Wield+1","Twin Strike","Battle Trance","Intimidate","Eclipse","Heavy Blade"],"relics":["Burning Blood","HushsDoor","KeepersGift","Champion Belt","Frozen Egg 2","NineVolt","Strawberry","SatanicBible","conspire:SpecialSausage","betterThird:NestCultRelic"],"acts_visited":["Exordium","TheCity"],"potions_floor_usage":[22,22],"damage_taken":[{"damage":13.0,"enemies":"2 Louse","floor":1.0,"turns":3.0},{"damage":12.0,"enemies":"Small Slimes","floor":4.0,"turns":5.0},{"damage":1.0,"enemies":"Cultist","floor":5.0,"turns":4.0},{"damage":20.0,"enemies":"Lagavulin","floor":6.0,"turns":7.0},{"damage":27.0,"enemies":"3 Sentries","floor":8.0,"turns":6.0},{"damage":9.0,"enemies":"Looter","floor":10.0,"turns":3.0},{"damage":0.0,"enemies":"Lots of Slimes","floor":13.0,"turns":1.0},{"damage":3.0,"enemies":"Blue Slaver","floor":14.0,"turns":4.0},{"damage":67.0,"enemies":"Fading Forest","floor":16.0,"turns":13.0},{"damage":9.0,"enemies":"Chosen","floor":18.0,"turns":5.0},{"damage":35.0,"enemies":"conspire:FuzzyDice","floor":20.0,"turns":5.0},{"damage":22,"enemies":"Sentry and Sphere","floor":22,"turns":3}],"seed_played":"-1232711546516426907","potions_obtained":[{"floor":1.0,"key":"Strength Potion"},{"floor":8.0,"key":"Strength Potion"},{"floor":10.0,"key":"BlessingOfTheForge"},{"floor":18.0,"key":"BlessingOfTheForge"}],"is_trial":false,"path_per_floor":["M","?","$","M","M","E","R","E","T","M","?","R","M","M","R","B",null,"M","?","M","?","M"],"character_chosen":"IRONCLAD","items_purchased":["Inflame+1"],"campfire_rested":2,"item_purchase_floors":[3],"current_hp_per_floor":[43,43,43,37,42,28,50,36,36,33,26,26,32,35,59,20,67,64,64,35,20,0,0],"gold":299,"neow_bonus":"ONE_RARE_RELIC","is_daily":false,"chose_seed":false,"campfire_upgraded":1,"win_rate":0.0,"timestamp":1608818226,"path_taken":["M","?","$","M","M","E","R","E","T","M","?","R","M","M","R","BOSS","M","?","?","?","M"],"items_purchased_type":["Card"],"build_version":"2020-12-22","purchased_purges":0,"victory":false,"max_hp_per_floor":[75,75,75,75,75,75,75,82,82,82,82,82,82,82,82,82,82,82,82,82,82,82,82],"card_choices":[{"not_picked":[],"picked":"SuicideKing","floor":0.0},{"not_picked":["Run Through","Power Through","Defy Death"],"picked":"SKIP","floor":1.0},{"not_picked":["Perfected Strike","Life Link+1"],"picked":"Iron Wave","floor":4.0},{"not_picked":["Anger","Wild Strike"],"picked":"Thunderclap","floor":5.0},{"not_picked":["Run Through","Bludgeon"],"picked":"Dual Wield","floor":6.0},{"not_picked":["ReplayTheSpireMod:Strike From Hell","Reckless Charge"],"picked":"Twin Strike","floor":8.0},{"not_picked":["Bloodletting","hubris:ReadiedAction"],"picked":"Battle Trance","floor":10.0},{"not_picked":["Run Through","Entrench"],"picked":"Intimidate","floor":13.0},{"not_picked":["Clothesline","Wild Strike","Twin Strike"],"picked":"SKIP","floor":14.0},{"not_picked":["Berserk+1","hubris:StunningStrike"],"picked":"Eclipse","floor":16.0},{"not_picked":["Havoc+1","Run Through"],"picked":"Heavy Blade","floor":18.0},{"not_picked":["Massacre","True Grit","hubris:ReadiedAction"],"picked":"SKIP","floor":20.0}],"player_experience":1219151,"relics_obtained":[{"floor":6.0,"key":"NineVolt"},{"floor":8.0,"key":"Strawberry"},{"floor":9.0,"key":"SatanicBible"}],"event_choices":[{"cards_removed":["Injury"],"damage_healed":0.0,"max_hp_gain":0.0,"max_hp_loss":0.0,"gold_gain":0.0,"event_name":"Golden Wing","player_choice":"Card Removal","floor":11.0,"gold_loss":0.0,"damage_taken":7.0},{"damage_healed":0.0,"max_hp_gain":0.0,"max_hp_loss":0.0,"gold_gain":0.0,"event_name":"betterThird:BetterNest","player_choice":"Madness","floor":19.0,"gold_loss":0.0,"damage_taken":0.0,"relics_obtained":["betterThird:NestCultRelic"]}],"is_beta":false,"boss_relics":[{"not_picked":["conspire:SlowCooker","ChewingGum"],"picked":"conspire:SpecialSausage"},{"not_picked":[]}],"items_purged_floors":[],"is_endless":false,"potions_floor_spawned":[1,8,10,14,18,20],"killed_by":"Sentry and Sphere","ascension_level":20}}