{"host":"z9grmtg2w0nmz8n1","time":1608829870,"event":{"mods":["Aspiration","Bard","BaseMod","Beaked The Cultist","Better Altar","Better Match","Better Note","Better Sensory Stone","Better Skull","Better Third Choice","BetterRewards","CCEM","Colored Map","Conspire","Downfall","GifTheSpireLib","Googly Eyes","Halation","Hermit","Highlight Path","Hubris","Hunter ??","Jedi Mod","Jorbs\u0027s Wanderer Trilogy","Mad Scientist","Marisa????????","Minty Spire (QoL Compilation)","Permanent Neow","Replay The Spire","Shade Mod","Shop Mod","Spicy Shops","StSLib","Stuff the Spire","The Bug Knight","The Construct","The Necromancer","The Runesmith","The Witch"],"gold_per_floor":[119,119,137,151,151,180,180,207,231,248,283,283,283,314,314,418,418,432,216,141,153,153,181,181,213,287,51,61,61,73,100,100,198,198,208,225,225,235,235,235],"floor_reached":39,"playtime":2546,"items_purged":["Runesmith:Strike_RS"],"score":517,"play_id":"fca89b59-08c3-4f32-bbb7-3526f20e9f89","local_time":"20201224151110","is_ascension_mode":true,"campfire_choices":[{"floor":7,"key":"RECALL"},{"floor":12,"key":"REST"},{"floor":15,"key":"REST"},{"floor":24,"key":"REST"},{"floor":32,"key":"REST"}],"circlet_count":0,"master_deck":["Runesmith:Strike_RS+1","Runesmith:Strike_RS","Runesmith:Defend_RS","Runesmith:Defend_RS","Runesmith:Defend_RS","Runesmith:CraftFirestone","Runesmith:Fortify","Runesmith:RuneHurl+1","Runesmith:Attraction+1","Runesmith:ChiselStab","Runesmith:CraftMagma","Runesmith:HeatExchange","Runesmith:HeatExchange+1","CurseOfTheBell","StuffTheSpire:Harmony","Runesmith:LithiumIon","Runesmith:CraftMagma","Runesmith:LithiumIon","Runesmith:Grindstone+1","Secret Technique","Runesmith:Grindstone+1","Runesmith:Superposition+1"],"relics":["Runesmith:BrokenRuby","aspiration:DSix","Runesmith:EmergencyProvisions","Whetstone","StuffTheSpire:Nightcore","halation:PinkSoulGem","Molten Egg 2","Calling Bell","Dream Catcher","Snack Pack","aspiration:AnachronicSnailShell","hubris:Towel","Boot","Juzu Bracelet","Gremlin Horn","construct:BoolHorns","PrismaticShard","Prayer Wheel","construct:ClawGrip"],"acts_visited":["Exordium","TheCity","TheBeyond"],"potions_floor_usage":[14,16,21,21,23,25,25,35,36,39],"damage_taken":[{"damage":0,"enemies":"Small Slimes","floor":1,"turns":4},{"damage":6,"enemies":"Jaw Worm","floor":3,"turns":2},{"damage":3,"enemies":"2 Louse","floor":4,"turns":2},{"damage":18,"enemies":"Lagavulin","floor":6,"turns":6},{"damage":0,"enemies":"HollowMod:MossKnight","floor":8,"turns":8},{"damage":15,"enemies":"Exordium Thugs","floor":10,"turns":3},{"damage":15,"enemies":"3 Sentries","floor":11,"turns":7},{"damage":6,"enemies":"Lagavulin","floor":14,"turns":5},{"damage":18,"enemies":"The Guardian","floor":16,"turns":11},{"damage":5,"enemies":"conspire:FuzzyDice","floor":18,"turns":6},{"damage":10,"enemies":"2 Thieves","floor":21,"turns":3},{"damage":19,"enemies":"conspire:SneckoGhost","floor":23,"turns":5},{"damage":31,"enemies":"Slavers","floor":25,"turns":5},{"damage":0,"enemies":"conspire:HollyBat","floor":28,"turns":6},{"damage":10,"enemies":"Shelled Parasite and Fungi","floor":30,"turns":4},{"damage":3,"enemies":"HollowMod:Nosk","floor":31,"turns":7},{"damage":40,"enemies":"Champ","floor":33,"turns":10},{"damage":4,"enemies":"3 Shapes","floor":35,"turns":4},{"damage":9,"enemies":"Orb Walker","floor":36,"turns":5},{"damage":36,"enemies":"Sphere and 2 Shapes","floor":38,"turns":5},{"damage":36,"enemies":"conspire:MimicChest","floor":39,"turns":4}],"seed_played":"698007399854893511","potions_obtained":[{"floor":4,"key":"Energy Potion"},{"floor":6,"key":"Strength Potion"},{"floor":10,"key":"Energy Potion"},{"floor":14,"key":"Block Potion"},{"floor":16,"key":"jedi:StrikingPotion"},{"floor":21,"key":"LiquidMemories"},{"floor":23,"key":"ColorlessPotion"},{"floor":30,"key":"Block Potion"},{"floor":31,"key":"EssenceOfSteel"},{"floor":35,"key":"SkillPotion"}],"is_trial":false,"path_per_floor":["M","?","M","M","T","E","R","E","T","M","E","R","?","E","R","B",null,"M","?","?","M","?","E","R","E","T","$","M","?","M","E","R","B",null,"M","M","?","M","?"],"character_chosen":"RUNESMITH_CLASS","items_purchased":["Runesmith:LithiumIon","construct:BoolHorns"],"campfire_rested":4,"item_purchase_floors":[27,27],"current_hp_per_floor":[70,70,64,61,61,43,43,43,43,28,13,34,34,28,49,31,70,68,68,68,61,61,45,66,40,40,40,45,37,32,34,55,20,70,67,61,61,32,0,0],"gold":235,"neow_bonus":"DSIX","is_daily":false,"chose_seed":false,"campfire_upgraded":0,"win_rate":0.0,"timestamp":1608829870,"path_taken":["M","?","M","M","?","E","R","E","T","M","E","R","?","E","R","BOSS","M","?","?","?","?","E","R","E","T","$","M","?","M","E","R","BOSS","M","M","?","M","?"],"items_purchased_type":["Card","Relic"],"build_version":"2020-12-22","purchased_purges":1,"victory":false,"max_hp_per_floor":[70,70,70,70,70,70,70,70,70,70,70,70,70,70,70,70,70,70,70,70,70,70,70,70,70,70,70,70,70,70,70,70,70,70,70,70,70,70,70,70],"card_choices":[{"not_picked":["Runesmith:Overpower","Runesmith:BackupBattery"],"picked":"Runesmith:RuneHurl","floor":1},{"not_picked":["Runesmith:Discharge","Runesmith:Overpower","Runesmith:Prism"],"picked":"SKIP","floor":3},{"not_picked":["Runesmith:HammerThrow","Runesmith:ChargedHammer"],"picked":"Runesmith:ChiselStab","floor":4},{"not_picked":["Runesmith:UnstableHammer","Runesmith:MakeshiftArmor","Runesmith:CraftMedicinae"],"picked":"SKIP","floor":6},{"not_picked":["Runesmith:CraftProtectio","Runesmith:Overpower","Runesmith:Malloc"],"picked":"SKIP","floor":8},{"not_picked":["Runesmith:EarthShield","Runesmith:Reinforce"],"picked":"Runesmith:CraftMagma","floor":10},{"not_picked":["Runesmith:BackupBattery","aspiration:UnbridledHammer"],"picked":"Runesmith:HeatExchange","floor":11},{"not_picked":["Runesmith:Attraction","Runesmith:ElementalConversion"],"picked":"Runesmith:HeatExchange+1","floor":14},{"not_picked":["Runesmith:WhiteBalance+1","Runesmith:Malloc+1","Runesmith:CraftProtectio"],"picked":"SKIP","floor":18},{"not_picked":["Runesmith:EarthShield","Runesmith:ChaoticBlast+1"],"picked":"Runesmith:LithiumIon","floor":21},{"not_picked":["Runesmith:ChargedHammer+1","Runesmith:WhiteBalance+1","Runesmith:FrozenChisel+1"],"picked":"SKIP","floor":23},{"not_picked":["Runesmith:GenerateForcefield","Runesmith:OneForEveryone+1"],"picked":"Runesmith:CraftMagma","floor":25},{"not_picked":["Runesmith:Overpower+1","Runesmith:Accelerate"],"picked":"Runesmith:Grindstone+1","floor":28},{"not_picked":["Tempest","Replay:Hum+1","stsjorbsmod:Channel"],"picked":"SKIP","floor":30},{"not_picked":["hexamod:AdvancingGuard","Blizzard+1","sneckomod:UnknownClassGREEN"],"picked":"SKIP","floor":31},{"not_picked":["HollowMod:SoulMaster","beaked:VolatileMisfortune"],"picked":"Secret Technique","floor":33},{"not_picked":["Runesmith:StaticCage","bard:Fermata"],"picked":"Runesmith:Grindstone+1","floor":35},{"not_picked":["sneckomod:Unknown2Cost","Conserve Battery","HollowMod:SoulSplash+1"],"picked":"SKIP","floor":35},{"not_picked":["jedi:fear+1","hermit:Snipe+1"],"picked":"Runesmith:Superposition+1","floor":36},{"not_picked":["MadScienceMod:NowOrNever","Slimebound:CheckThePlaybook","EmptyFist+1"],"picked":"SKIP","floor":36},{"not_picked":["hexamod:HauntingEcho+1","Shade:DangerousRitual+1","hexamod:GhostOfSpirePast+1"],"picked":"SKIP","floor":38},{"not_picked":["SuperPerseids+1","Thundercloud+1","Clash+1"],"picked":"SKIP","floor":38}],"player_experience":692422,"relics_obtained":[{"floor":6,"key":"Runesmith:EmergencyProvisions"},{"floor":8,"key":"Whetstone"},{"floor":11,"key":"StuffTheSpire:Nightcore"},{"floor":14,"key":"Molten Egg 2"},{"floor":17,"key":"Dream Catcher"},{"floor":17,"key":"Snack Pack"},{"floor":17,"key":"aspiration:AnachronicSnailShell"},{"floor":23,"key":"Boot"},{"floor":25,"key":"Juzu Bracelet"},{"floor":26,"key":"Gremlin Horn"},{"floor":29,"key":"PrismaticShard"},{"floor":31,"key":"Prayer Wheel"}],"event_choices":[{"cards_removed":["Runesmith:Strike_RS"],"damage_healed":0,"gold_gain":0,"player_choice":"Gave Gold","damage_taken":0,"max_hp_gain":0,"max_hp_loss":0,"event_name":"Beggar","floor":20,"gold_loss":75},{"damage_healed":0,"gold_gain":0,"player_choice":"Leave","damage_taken":0,"max_hp_gain":0,"max_hp_loss":0,"event_name":"conspire:Investor","floor":37,"gold_loss":0}],"is_beta":false,"boss_relics":[{"not_picked":["hubris:RunicObelisk","StuffTheSpire:Kangaroo"],"picked":"Calling Bell"},{"not_picked":["Fusion Hammer","halation:PlatinumPhoenix"],"picked":"construct:ClawGrip"}],"items_purged_floors":[27],"is_endless":false,"potions_floor_spawned":[4,6,10,14,16,21,23,30,31,35],"killed_by":"conspire:MimicChest","ascension_level":1}}