{"host":"f6f8cjhjgha9mpdq","time":1608811680,"event":{"mods":["BaseMod","Emptier Cage","Minty Spire (QoL Compilation)","Permanent Neow","StSLib","SuperFastMode"],"gold_per_floor":[19,35,54,74,86,86,86,86,136,155,155,167,167,199,199,274,274,294,219,219,233,158,186,186,186,234,249,279,293,309,48,48,124,124,137,12,28,28,38,38,63,63,63,82,113,133,113,127,127,127,127,127,43,75,75,75],"floor_reached":55,"playtime":3905,"items_purged":["Defend_G","Defend_G","Writhe"],"score":1370,"play_id":"3b4d4a5f-ed07-4a8a-922c-309d13f07efa","local_time":"20201224210800","is_ascension_mode":true,"campfire_choices":[{"data":"Prepared","floor":6.0,"key":"SMITH"},{"data":"Eviscerate","floor":8.0,"key":"SMITH"},{"data":"Well Laid Plans","floor":13.0,"key":"SMITH"},{"data":"Underhanded Strike","floor":15.0,"key":"SMITH"},{"data":"Adrenaline","floor":24.0,"key":"SMITH"},{"data":"Eviscerate","floor":32.0,"key":"SMITH"},{"data":"Adrenaline","floor":40.0,"key":"SMITH"},{"data":"Secret Weapon","floor":42.0,"key":"SMITH"},{"floor":49.0,"key":"RECALL"},{"data":"Concentrate","floor":52,"key":"SMITH"}],"circlet_count":0,"master_deck":["AscendersBane","Strike_G+1","Defend_G+1","Survivor+1","Neutralize","Footwork+1","Prepared+1","Eviscerate+1","Well Laid Plans+1","Dagger Throw","Underhanded Strike+1","Adrenaline+1","Choke+1","Deadly Poison+1","Acrobatics+1","Deflect","Eviscerate+1","Adrenaline+1","Escape Plan","Secret Weapon+1","Escape Plan+1","Footwork+1","Concentrate+1","Backflip"],"relics":["Ring of the Snake","Ancient Tea Set","White Beast Statue","Astrolabe","Orichalcum","War Paint","MealTicket","Lantern","SlaversCollar","PreservedInsect","Toy Ornithopter","Happy Flower","Bag of Marbles"],"acts_visited":["Exordium","TheCity","TheBeyond","TheEnding"],"potions_floor_usage":[50,54,55],"damage_taken":[{"damage":5.0,"enemies":"Cultist","floor":1.0,"turns":5.0},{"damage":1.0,"enemies":"2 Louse","floor":2.0,"turns":3.0},{"damage":4.0,"enemies":"Small Slimes","floor":3.0,"turns":4.0},{"damage":8.0,"enemies":"Exordium Wildlife","floor":4.0,"turns":7.0},{"damage":0.0,"enemies":"Blue Slaver","floor":5.0,"turns":7.0},{"damage":0.0,"enemies":"2 Fungi Beasts","floor":10.0,"turns":3.0},{"damage":0.0,"enemies":"Exordium Wildlife","floor":12.0,"turns":2.0},{"damage":12.0,"enemies":"3 Sentries","floor":14.0,"turns":7.0},{"damage":9.0,"enemies":"The Guardian","floor":16.0,"turns":13.0},{"damage":2.0,"enemies":"3 Byrds","floor":18.0,"turns":5.0},{"damage":0.0,"enemies":"Spheric Guardian","floor":21.0,"turns":3.0},{"damage":7.0,"enemies":"Book of Stabbing","floor":23.0,"turns":4.0},{"damage":0.0,"enemies":"Chosen and Byrds","floor":27.0,"turns":3.0},{"damage":12.0,"enemies":"Slavers","floor":28.0,"turns":5.0},{"damage":5.0,"enemies":"Cultist and Chosen","floor":29.0,"turns":4.0},{"damage":0.0,"enemies":"Snake Plant","floor":30.0,"turns":3.0},{"damage":43.0,"enemies":"Automaton","floor":33.0,"turns":9.0},{"damage":8.0,"enemies":"3 Shapes","floor":35.0,"turns":9.0},{"damage":4.0,"enemies":"Orb Walker","floor":37.0,"turns":2.0},{"damage":0.0,"enemies":"Spire Growth","floor":39.0,"turns":2.0},{"damage":9.0,"enemies":"Nemesis","floor":41.0,"turns":3.0},{"damage":0.0,"enemies":"Maw","floor":44.0,"turns":4.0},{"damage":3.0,"enemies":"Giant Head","floor":45.0,"turns":3.0},{"damage":0.0,"enemies":"3 Darklings","floor":46.0,"turns":4.0},{"damage":0.0,"enemies":"Spire Growth","floor":48.0,"turns":2.0},{"damage":36,"enemies":"Time Eater","floor":50,"turns":9},{"damage":19,"enemies":"Shield and Spear","floor":54,"turns":5},{"damage":117,"enemies":"The Heart","floor":55,"turns":5}],"seed_played":"3155921776781241003","potions_obtained":[{"floor":1.0,"key":"Weak Potion"},{"floor":2.0,"key":"LiquidBronze"},{"floor":3.0,"key":"Energy Potion"},{"floor":14.0,"key":"Fire Potion"},{"floor":16.0,"key":"FairyPotion"},{"floor":21.0,"key":"LiquidBronze"},{"floor":23.0,"key":"Block Potion"},{"floor":29.0,"key":"Explosive Potion"},{"floor":30.0,"key":"Fruit Juice"},{"floor":33.0,"key":"Strength Potion"},{"floor":37.0,"key":"DistilledChaos"},{"floor":39.0,"key":"Poison Potion"},{"floor":41.0,"key":"Strength Potion"},{"floor":45.0,"key":"Block Potion"},{"floor":46.0,"key":"Strength Potion"},{"floor":54,"key":"Strength Potion"}],"is_trial":false,"path_per_floor":["M","M","M","M","M","R","?","R","T","M","?","M","R","E","R","B",null,"M","$","?","M","?","E","R","?","T","M","E","M","M","$","R","B",null,"M","$","M","?","M","R","E","R","T","M","E","M","?","M","R","B",null,"R","$","E","B"],"character_chosen":"THE_SILENT","items_purchased":["Lantern","Backflip","PowerPotion"],"campfire_rested":0,"item_purchase_floors":[31,53,53],"current_hp_per_floor":[54,53,49,41,41,41,21,21,21,21,43,43,43,31,31,22,55,53,53,53,53,53,46,46,46,46,46,34,29,34,49,49,6,55,47,62,58,58,58,58,49,49,49,49,51,51,51,51,51,20,58,58,71,52,0,0],"gold":75,"neow_bonus":"TRANSFORM_TWO_CARDS","is_daily":false,"chose_seed":false,"campfire_upgraded":9,"win_rate":0.0,"timestamp":1608811680,"path_taken":["M","M","M","M","?","R","?","R","T","M","?","M","R","E","R","BOSS","M","$","?","M","?","E","R","?","T","M","E","M","M","$","R","BOSS","M","$","M","?","M","R","E","R","T","M","E","M","?","?","R","BOSS","R","$","E","BOSS"],"items_purchased_type":["Relic","Card","Potion"],"build_version":"2020-12-22","purchased_purges":3,"victory":false,"max_hp_per_floor":[66,66,66,66,66,66,66,66,66,66,66,66,66,66,66,66,66,66,66,66,66,66,66,66,66,66,66,66,66,71,71,71,71,71,71,71,71,71,71,71,71,71,71,71,71,71,71,71,71,71,71,71,71,71,71,71],"card_choices":[{"not_picked":["Caltrops","Backflip"],"picked":"Eviscerate","floor":1.0},{"not_picked":["Noxious Fumes","Eviscerate"],"picked":"Well Laid Plans","floor":2.0},{"not_picked":["Expertise","Flying Knee","Blade Dance"],"picked":"SKIP","floor":3.0},{"not_picked":["Dagger Spray","Well Laid Plans","Backflip"],"picked":"SKIP","floor":4.0},{"not_picked":["Bouncing Flask","Caltrops"],"picked":"Dagger Throw","floor":5.0},{"not_picked":["Bane","PiercingWail"],"picked":"Underhanded Strike","floor":10.0},{"not_picked":["Night Terror","PiercingWail","Backflip"],"picked":"SKIP","floor":12.0},{"not_picked":["Finisher","Dodge and Roll","Outmaneuver"],"picked":"SKIP","floor":14.0},{"not_picked":["Wraith Form v2","Die Die Die"],"picked":"Adrenaline","floor":16.0},{"not_picked":["Catalyst","Flying Knee"],"picked":"Deflect","floor":18.0},{"not_picked":["Backflip","Underhanded Strike","All Out Attack"],"picked":"SKIP","floor":21.0},{"not_picked":["Riddle With Holes","Quick Slash","Slice"],"picked":"SKIP","floor":23.0},{"not_picked":["Dash","Dagger Spray"],"picked":"Eviscerate","floor":27.0},{"not_picked":["Outmaneuver","Distraction","Prepared"],"picked":"SKIP","floor":28.0},{"not_picked":["Expertise","Underhanded Strike","Flying Knee"],"picked":"SKIP","floor":29.0},{"not_picked":["Flechettes","Blade Dance","Sucker Punch"],"picked":"SKIP","floor":30.0},{"not_picked":["Phantasmal Killer","Storm of Steel"],"picked":"Adrenaline","floor":33.0},{"not_picked":["Acrobatics","Slice+1"],"picked":"Escape Plan","floor":35.0},{"not_picked":["Eviscerate+1","Predator","Underhanded Strike"],"picked":"SKIP","floor":37.0},{"not_picked":["Swift Strike","Impatience"],"picked":"Secret Weapon","floor":38.0},{"not_picked":["Blade Dance","Outmaneuver","Deflect+1"],"picked":"SKIP","floor":39.0},{"not_picked":["Riddle With Holes+1","Dagger Throw"],"picked":"Escape Plan+1","floor":41.0},{"not_picked":["Slice","Deflect"],"picked":"Footwork+1","floor":44.0},{"not_picked":["Sucker Punch","Catalyst","Deflect"],"picked":"SKIP","floor":45.0},{"not_picked":["Sucker Punch","Catalyst","Deflect"],"picked":"SKIP","floor":45.0},{"not_picked":["Noxious Fumes","Riddle With Holes","Outmaneuver"],"picked":"SKIP","floor":46.0},{"not_picked":["Noxious Fumes","Riddle With Holes","Outmaneuver"],"picked":"SKIP","floor":46.0},{"not_picked":["Escape Plan","Night Terror"],"picked":"Concentrate","floor":48.0},{"not_picked":["Dagger Spray+1","Deflect+1","Slice"],"picked":"SKIP","floor":54}],"player_experience":507261,"relics_obtained":[{"floor":9.0,"key":"Ancient Tea Set"},{"floor":14.0,"key":"White Beast Statue"},{"floor":23.0,"key":"Orichalcum"},{"floor":28.0,"key":"MealTicket"},{"floor":41.0,"key":"PreservedInsect"},{"floor":43.0,"key":"Toy Ornithopter"},{"floor":45.0,"key":"Happy Flower"},{"floor":54,"key":"Bag of Marbles"}],"event_choices":[{"damage_healed":0.0,"max_hp_gain":0.0,"max_hp_loss":0.0,"gold_gain":0.0,"event_name":"Shining Light","player_choice":"Entered Light","floor":7.0,"gold_loss":0.0,"damage_taken":20.0,"cards_upgraded":["Strike_G","Footwork"]},{"damage_healed":22.0,"max_hp_gain":0.0,"max_hp_loss":0.0,"gold_gain":0.0,"event_name":"Big Fish","player_choice":"Banana","floor":11.0,"gold_loss":0.0,"damage_taken":0.0},{"damage_healed":0.0,"max_hp_gain":0.0,"max_hp_loss":0.0,"gold_gain":0.0,"event_name":"Ghosts","player_choice":"Ignored","floor":20.0,"gold_loss":0.0,"damage_taken":0.0},{"cards_removed":["Defend_G"],"damage_healed":0.0,"max_hp_gain":0.0,"max_hp_loss":0.0,"gold_gain":0.0,"event_name":"Beggar","player_choice":"Gave Gold","floor":22.0,"gold_loss":75.0,"damage_taken":0.0},{"damage_healed":0.0,"max_hp_gain":0.0,"max_hp_loss":0.0,"gold_gain":0.0,"event_name":"The Mausoleum","player_choice":"Opened","floor":25.0,"gold_loss":0.0,"damage_taken":0.0,"relics_obtained":["War Paint"],"cards_obtained":["Writhe"]},{"damage_healed":0.0,"max_hp_gain":0.0,"max_hp_loss":0.0,"gold_gain":0.0,"event_name":"SensoryStone","player_choice":"Memory 1","floor":38.0,"gold_loss":0.0,"damage_taken":0.0},{"damage_healed":0.0,"max_hp_gain":0.0,"max_hp_loss":0.0,"gold_gain":0.0,"event_name":"The Woman in Blue","player_choice":"Bought 1 Potion","floor":47.0,"gold_loss":0.0,"damage_taken":0.0}],"is_beta":false,"boss_relics":[{"not_picked":["Ring of the Serpent","Black Star"],"picked":"Astrolabe"},{"not_picked":["Sozu","Velvet Choker"],"picked":"SlaversCollar"}],"items_purged_floors":[19,31,36],"is_endless":false,"potions_floor_spawned":[1,2,3,12,14,16,18,21,23,27,28,29,30,33,35,37,39,41,44,45,46,48,54],"killed_by":"The Heart","ascension_level":18}}