{"host":"wha9hktbkslqvblg","time":1608817343,"event":{"mods":["BaseMod","Colored Map","Minty Spire (QoL Compilation)","Relic Stats","SuperFastMode","everything is the same but u backflip on backflip"],"gold_per_floor":[113,113,388,115,139,139,173,173,173,192,38,63,104,134,134,232,232,257,300,300,300],"floor_reached":20,"playtime":478,"items_purged":["Regret","Strike_R"],"score":410,"play_id":"47d5a006-8267-4c30-8221-7d6eb96c964f","local_time":"20201224224223","is_ascension_mode":true,"campfire_choices":[{"data":"Uppercut","floor":6.0,"key":"SMITH"},{"data":"Battle Trance","floor":8.0,"key":"SMITH"},{"data":"Evolve","floor":15.0,"key":"SMITH"}],"circlet_count":0,"master_deck":["AscendersBane","Strike_R","Strike_R","Strike_R","Strike_R","Defend_R","Defend_R","Defend_R","Defend_R","Bash","Battle Trance+1","Sword Boomerang","Uppercut+1","Dropkick","Armaments+1","Evolve+1","Fiend Fire","Warcry+1","Second Wind+1"],"relics":["Burning Blood","NeowsBlessing","Golden Idol","Lantern","Toxic Egg 2","Paper Frog","Nunchaku","Sozu","Red Mask"],"acts_visited":["Exordium","TheCity"],"potions_floor_usage":[],"damage_taken":[{"damage":0.0,"enemies":"Small Slimes","floor":1.0,"turns":1.0},{"damage":0.0,"enemies":"Cultist","floor":5.0,"turns":1.0},{"damage":0.0,"enemies":"Lagavulin","floor":7.0,"turns":1.0},{"damage":6.0,"enemies":"2 Louse","floor":10.0,"turns":2.0},{"damage":10.0,"enemies":"Exordium Wildlife","floor":12.0,"turns":4.0},{"damage":24.0,"enemies":"3 Sentries","floor":13.0,"turns":8.0},{"damage":21.0,"enemies":"Hexaghost","floor":16.0,"turns":6.0},{"damage":12.0,"enemies":"2 Thieves","floor":18.0,"turns":3.0},{"damage":51.0,"enemies":"Masked Bandits","floor":19.0,"turns":5.0},{"damage":0,"enemies":"3 Byrds","floor":20,"turns":1}],"seed_played":"6792421760883524279","potions_obtained":[{"floor":7.0,"key":"GamblersBrew"},{"floor":12.0,"key":"CultistPotion"},{"floor":13.0,"key":"DuplicationPotion"}],"is_trial":false,"path_per_floor":["M","?","?","$","M","R","E","R","T","M","$","M","E","?","R","B",null,"M","?","M"],"character_chosen":"IRONCLAD","items_purchased":["Lantern","Sword Boomerang","Armaments+1"],"campfire_rested":0,"item_purchase_floors":[4,4,11],"current_hp_per_floor":[74,48,48,48,54,54,60,60,60,60,60,56,38,38,38,23,62,56,11,11,11],"gold":300,"neow_bonus":"THREE_ENEMY_KILL","is_daily":false,"chose_seed":false,"campfire_upgraded":3,"win_rate":0.0,"timestamp":1608817343,"path_taken":["M","?","?","$","?","R","E","R","T","M","$","M","E","?","R","BOSS","M","?","M"],"items_purchased_type":["Relic","Card","Card"],"build_version":"2020-12-22","purchased_purges":2,"victory":false,"max_hp_per_floor":[75,75,75,75,75,75,75,75,75,75,75,75,75,75,75,75,75,75,75,75,75],"relic_stats":{"Sozu":1,"Nunchaku":[3],"counters":[10,32],"Golden Idol":63,"obtain_stats":[{"Sozu":17,"Lantern":4,"Nunchaku":13,"NeowsBlessing":0,"Golden Idol":2,"Red Mask":19,"Toxic Egg 2":7,"Burning Blood":0,"Paper Frog":9},{"Sozu":7,"Lantern":1,"Nunchaku":6,"NeowsBlessing":0,"Golden Idol":1,"Red Mask":9,"Toxic Egg 2":3,"Burning Blood":0,"Paper Frog":3},{"Sozu":23,"Lantern":1,"Nunchaku":17,"NeowsBlessing":0,"Golden Idol":1,"Red Mask":31,"Toxic Egg 2":3,"Burning Blood":0,"Paper Frog":3}],"Burning Blood":54},"card_choices":[{"not_picked":["Clash","Warcry"],"picked":"Battle Trance","floor":1.0},{"not_picked":["Perfected Strike","Shrug It Off"],"picked":"Uppercut","floor":5.0},{"not_picked":["Dual Wield+1","Anger","Clash"],"picked":"SKIP","floor":7.0},{"not_picked":["Wild Strike","Combust"],"picked":"Dropkick","floor":10.0},{"not_picked":["Battle Trance+1","Headbutt","Sword Boomerang"],"picked":"SKIP","floor":12.0},{"not_picked":["Pommel Strike","Rupture"],"picked":"Evolve","floor":13.0},{"not_picked":["Barricade","Exhume+1"],"picked":"Fiend Fire","floor":16.0},{"not_picked":["Dark Embrace","Clothesline+1"],"picked":"Warcry+1","floor":18.0},{"not_picked":["Flex+1","Twin Strike"],"picked":"Second Wind+1","floor":19.0}],"player_experience":889378,"relics_obtained":[{"floor":7.0,"key":"Toxic Egg 2"},{"floor":9.0,"key":"Paper Frog"},{"floor":13.0,"key":"Nunchaku"},{"floor":19.0,"key":"Red Mask"}],"event_choices":[{"damage_healed":0.0,"max_hp_gain":0.0,"max_hp_loss":0.0,"gold_gain":0.0,"event_name":"Golden Idol","player_choice":"Take Damage","floor":2.0,"gold_loss":0.0,"damage_taken":26.0,"relics_obtained":["Golden Idol"]},{"damage_healed":0.0,"max_hp_gain":0.0,"max_hp_loss":0.0,"gold_gain":275.0,"event_name":"Golden Shrine","player_choice":"Desecrate","floor":3.0,"gold_loss":0.0,"damage_taken":0.0,"cards_obtained":["Regret"]},{"damage_healed":0.0,"max_hp_gain":0.0,"max_hp_loss":0.0,"gold_gain":30.0,"event_name":"Dead Adventurer","player_choice":"Searched \u00272\u0027 times","floor":14.0,"gold_loss":0.0,"damage_taken":0.0},{"damage_healed":0.0,"max_hp_gain":0.0,"max_hp_loss":0.0,"gold_gain":0.0,"event_name":"Masked Bandits","player_choice":"Fought Bandits","floor":19.0,"gold_loss":0.0,"damage_taken":0.0}],"is_beta":false,"boss_relics":[{"not_picked":["Fusion Hammer","Calling Bell"],"picked":"Sozu"}],"items_purged_floors":[4,11],"is_endless":false,"potions_floor_spawned":[7,12,13,18],"killed_by":"3 Byrds","ascension_level":20}}