{"host":"oiai0qxasotny765","time":1608818891,"event":{"mods":["2.2 Compatiblity","AchievementEnabler","BaseMod","Colored Map","Minty Spire (QoL Compilation)","Permanent Neow","Relic Stats","StSLib","SuperFastMode","everything is the same but u backflip on backflip"],"gold_per_floor":[116,191,191,20,34,34,34,34,34,46,61,61,77,18,18,90,90,107,126,126,143,160,160,171,184,184,87,87,87],"floor_reached":28,"playtime":948,"items_purged":[],"score":403,"play_id":"304d5263-4f04-4333-96fe-566b6501acbb","local_time":"20201224230811","is_ascension_mode":true,"campfire_choices":[{"data":"Poisoned Stab","floor":6,"key":"SMITH"},{"data":"Malaise","floor":8,"key":"SMITH"},{"data":"Deadly Poison","floor":15,"key":"SMITH"},{"floor":23,"key":"REST"}],"circlet_count":0,"master_deck":["AscendersBane","Strike_G","Strike_G","Defend_G","Defend_G","Defend_G","Defend_G","Survivor","Neutralize","Dagger Throw","Poisoned Stab+1","Malaise+1","FollowUp","Coolheaded","Deadly Poison+1","Apotheosis","All Out Attack","Poisoned Stab","Outmaneuver","Fasting2","Backflip"],"relics":["Ring of the Snake","PrismaticShard","Eternal Feather","Sozu","Shuriken","Bag of Marbles"],"acts_visited":["Exordium","TheCity"],"potions_floor_usage":[],"damage_taken":[{"damage":0,"enemies":"2 Louse","floor":1,"turns":3},{"damage":1,"enemies":"Cultist","floor":5,"turns":3},{"damage":4,"enemies":"Jaw Worm","floor":10,"turns":3},{"damage":0,"enemies":"Looter","floor":11,"turns":4},{"damage":6,"enemies":"Gremlin Gang","floor":13,"turns":8},{"damage":1,"enemies":"Hexaghost","floor":16,"turns":10},{"damage":0,"enemies":"Chosen","floor":18,"turns":3},{"damage":8,"enemies":"Spheric Guardian","floor":19,"turns":4},{"damage":7,"enemies":"Cultist and Chosen","floor":21,"turns":5},{"damage":42,"enemies":"Sentry and Sphere","floor":22,"turns":7},{"damage":18,"enemies":"Snecko","floor":24,"turns":4},{"damage":17,"enemies":"Shelled Parasite and Fungi","floor":25,"turns":8},{"damage":20,"enemies":"Sentry and Sphere","floor":28,"turns":5}],"seed_played":"8272494906186499508","potions_obtained":[{"floor":10,"key":"Ancient Potion"},{"floor":16,"key":"FairyPotion"}],"is_trial":false,"path_per_floor":["M","?","?","$","M","R","?","R","T","M","M","$","M","$","R","B",null,"M","M","?","M","M","R","M","M","T","?","M"],"character_chosen":"THE_SILENT","items_purchased":["PrismaticShard","Deadly Poison"],"campfire_rested":1,"item_purchase_floors":[4,14],"current_hp_per_floor":[59,48,48,48,47,47,47,47,47,43,43,43,37,37,46,45,61,61,53,53,46,4,35,17,19,19,19,0,0],"gold":87,"neow_bonus":"REMOVE_CARD","is_daily":false,"chose_seed":false,"campfire_upgraded":3,"win_rate":0.0,"timestamp":1608818891,"path_taken":["M","?","?","$","M","R","?","R","T","?","M","$","M","?","R","BOSS","M","M","?","M","M","R","M","M","T","?","?"],"items_purchased_type":["Relic","Card"],"build_version":"2020-12-22","purchased_purges":0,"victory":false,"max_hp_per_floor":[66,66,66,66,66,66,66,66,66,66,66,66,66,66,66,66,66,66,66,66,66,66,66,66,66,66,66,66,66],"relic_stats":{"Sozu":2,"counters":[13,67],"Shuriken":[0],"Eternal Feather":21,"obtain_stats":[{"Sozu":17,"Shuriken":26,"Eternal Feather":9,"Bag of Marbles":27,"PrismaticShard":4,"Ring of the Snake":0},{"Sozu":6,"Shuriken":12,"Eternal Feather":2,"Bag of Marbles":12,"PrismaticShard":1,"Ring of the Snake":0},{"Sozu":31,"Shuriken":62,"Eternal Feather":6,"Bag of Marbles":62,"PrismaticShard":3,"Ring of the Snake":0}],"Ring of the Snake":[26]},"card_choices":[{"not_picked":["Acrobatics","Terror"],"picked":"Dagger Throw","floor":1},{"not_picked":["Sever Soul","Sword Boomerang"],"picked":"Poisoned Stab","floor":5},{"not_picked":["FlyingSleeves","Escape Plan"],"picked":"FollowUp","floor":10},{"not_picked":["Prostrate","Combust"],"picked":"Coolheaded","floor":11},{"not_picked":["Evaluate","FollowUp","Hologram"],"picked":"SKIP","floor":13},{"not_picked":["Brutality","Magnetism"],"picked":"Apotheosis","floor":16},{"not_picked":["MentalFortress","Leap","Rebound"],"picked":"SKIP","floor":18},{"not_picked":["WreathOfFlame","Heavy Blade"],"picked":"All Out Attack","floor":19},{"not_picked":["Ghostly Armor","Flying Knee"],"picked":"Fasting2","floor":21},{"not_picked":["Doom and Gloom","Streamline+1"],"picked":"Backflip","floor":22},{"not_picked":["Cleave","Underhanded Strike","ThirdEye"],"picked":"SKIP","floor":24},{"not_picked":["Chaos","Flechettes","Blade Dance"],"picked":"SKIP","floor":25},{"not_picked":["Chaos","Flechettes","Blade Dance"],"picked":"SKIP","floor":25}],"player_experience":278549,"relics_obtained":[{"floor":9,"key":"Eternal Feather"},{"floor":26,"key":"Shuriken"}],"event_choices":[{"damage_healed":0,"gold_gain":75,"player_choice":"Gather Gold","damage_taken":11,"max_hp_gain":0,"max_hp_loss":0,"event_name":"World of Goop","floor":2,"gold_loss":0},{"damage_healed":0,"gold_gain":0,"player_choice":"Ignored","damage_taken":0,"max_hp_gain":0,"max_hp_loss":0,"event_name":"Liars Game","floor":3,"gold_loss":0},{"damage_healed":0,"gold_gain":0,"cards_transformed":["Strike_G"],"player_choice":"Transformed","damage_taken":0,"max_hp_gain":0,"max_hp_loss":0,"event_name":"Transmorgrifier","floor":7,"gold_loss":0,"cards_obtained":["Malaise"]},{"damage_healed":0,"gold_gain":0,"cards_transformed":["Strike_G","Strike_G"],"player_choice":"Became Test Subject","damage_taken":0,"max_hp_gain":0,"max_hp_loss":0,"event_name":"Drug Dealer","floor":20,"gold_loss":0,"cards_obtained":["Poisoned Stab","Outmaneuver"]},{"damage_healed":0,"gold_gain":0,"player_choice":"Paid Gold","damage_taken":0,"relics_obtained":["Bag of Marbles"],"max_hp_gain":0,"max_hp_loss":0,"event_name":"WeMeetAgain","floor":27,"gold_loss":97}],"is_beta":false,"boss_relics":[{"not_picked":["SlaversCollar","WristBlade"],"picked":"Sozu"}],"items_purged_floors":[],"is_endless":false,"potions_floor_spawned":[10,16,24,25],"killed_by":"Sentry and Sphere","ascension_level":18}}