{"host":"kp4tr2axom6fx3yl","time":1608789061,"event":{"mods":["2.2 Compatiblity","Act Like it!","BaseMod","Conspire","Friendly Minions","KinomotoSakuraMod(????)","Mimic Mod","Minty Spire (QoL Compilation)","Reworked Bosses","StSLib","Wandering Minibosses"],"gold_per_floor":[114,124,141,161,173,173,173],"floor_reached":6,"playtime":1086,"items_purged":[],"score":44,"play_id":"039d85f8-3804-48ec-81ae-15d5f2778531","local_time":"20201223215101","is_ascension_mode":true,"campfire_choices":[],"circlet_count":0,"master_deck":["ClowCardTheSword","ClowCardTheSword","ClowCardTheSword","ClowCardTheSword","ClowCardTheShield","ClowCardTheShield","ClowCardTheShield","ClowCardTheShield","SpellCardSeal","SpellCardRelease","ClowCardTheMove","ClowCardTheWave","ClowCardTheLittle","ClowCardTheLibra","ClowCardTheWood"],"relics":["KSMOD_SealedBook","KSMOD_SealedWand"],"acts_visited":["Exordium"],"potions_floor_usage":[4,6,6],"damage_taken":[{"damage":7,"enemies":"Small Slimes","floor":1,"turns":3},{"damage":0,"enemies":"conspire:RoseBush","floor":2,"turns":4},{"damage":2,"enemies":"2 Louse","floor":3,"turns":4},{"damage":2,"enemies":"Exordium Wildlife","floor":4,"turns":4},{"damage":0,"enemies":"Blue Slaver","floor":5,"turns":8},{"damage":69,"enemies":"Gremlin Nob","floor":6,"turns":6}],"seed_played":"-3226481162556944491","potions_obtained":[{"floor":1,"key":"Dexterity Potion"},{"floor":3,"key":"Weak Potion"},{"floor":4,"key":"SkillPotion"},{"floor":5,"key":"Fire Potion"}],"is_trial":false,"path_per_floor":["M","M","M","M","M","E"],"character_chosen":"KINOMOTOSAKURA","items_purchased":[],"campfire_rested":0,"item_purchase_floors":[],"current_hp_per_floor":[63,63,61,59,59,0,0],"gold":173,"neow_bonus":"THREE_CARDS","is_daily":false,"chose_seed":false,"campfire_upgraded":0,"win_rate":0.0,"timestamp":1608789061,"path_taken":["M","M","M","M","M","E"],"items_purchased_type":[],"build_version":"2020-12-22","purchased_purges":0,"victory":false,"max_hp_per_floor":[70,70,70,70,70,70,70],"card_choices":[{"not_picked":["ClowCardTheBig","ClowCardTheLittle"],"picked":"ClowCardTheMove","floor":0},{"not_picked":["ClowCardTheCloud","ClowCardTheSilent"],"picked":"ClowCardTheWave","floor":1},{"not_picked":["ClowCardTheFirey","ClowCardTheWood"],"picked":"ClowCardTheLittle","floor":2},{"not_picked":["ClowCardTheWindy","ClowCardTheChange"],"picked":"ClowCardTheLibra","floor":3},{"not_picked":["ClowCardTheReturn","ClowCardTheLock","ClowCardTheErase"],"picked":"SKIP","floor":4},{"not_picked":["ClowCardTheStorm","ClowCardTheEarthy"],"picked":"ClowCardTheWood","floor":5}],"player_experience":567334,"relics_obtained":[],"event_choices":[],"is_beta":false,"boss_relics":[],"items_purged_floors":[],"is_endless":false,"potions_floor_spawned":[1,3,4,5],"killed_by":"Gremlin Nob","ascension_level":2}}