{"host":"qw4xe3mt0biolpvp","time":1608797013,"event":{"mods":["AchievementEnabler","Act Like it!","BaseMod","BetterRewards","Colored Map","Colored Powertips","Downfall","Gensokyo","Hallownest","Hermit","Highlight Path","Hubris","Infinite Spire","Jorbs\u0027s Wanderer Trilogy","Marisa????????","Minty Spire (QoL Compilation)","Quick Restart","Replay The Spire","StSLib","The Animator","The Bug Knight","The Cursed","The Jungle","The Servant 0.9.4","The Wild Card"],"gold_per_floor":[114,114,131,141,141,141,158,16,16,30,45,75,75,91,91,193,193,211,226,126,175,175,175],"floor_reached":22,"playtime":1018,"items_purged":["Strike_B","Defend_B"],"score":138,"play_id":"c422b78c-4126-429d-a6c2-ab88ce8f5147","local_time":"20201224050333","is_ascension_mode":false,"campfire_choices":[{"data":"Dualcast","floor":6,"key":"SMITH"},{"floor":13,"key":"REST"},{"floor":15,"key":"REST"}],"circlet_count":0,"master_deck":["Strike_B","Strike_B","Strike_B","Defend_B","Defend_B","Defend_B","Zap+1","Dualcast+1","Redo+1","Tempest","BasicCrystalCard","Steam","Defragment+1","Barrage","Lockon","Fusion","Meteor Strike","FIFO Queue","Sunder"],"relics":["Cracked Core","Replay:Bottled Eggs","infinitespire:Lychee Nut","hubris:RunicObelisk"],"acts_visited":["Exordium","TheCity"],"potions_floor_usage":[10,16,19],"damage_taken":[{"damage":6,"enemies":"Jaw Worm","floor":1,"turns":2},{"damage":5,"enemies":"Small Slimes","floor":3,"turns":3},{"damage":0,"enemies":"infinitespire:Voidling","floor":4,"turns":3},{"damage":12,"enemies":"Gremlin Gang","floor":7,"turns":3},{"damage":18,"enemies":"Exordium Thugs","floor":10,"turns":3},{"damage":13,"enemies":"Lots of Slimes","floor":11,"turns":2},{"damage":18,"enemies":"HollowMod:MossKnight","floor":12,"turns":7},{"damage":3,"enemies":"3 Louse","floor":14,"turns":3},{"damage":0,"enemies":"Hexaghost","floor":16,"turns":2},{"damage":38,"enemies":"Shell Parasite","floor":18,"turns":6},{"damage":24,"enemies":"3 Byrds","floor":19,"turns":5},{"damage":28,"enemies":"Centurion and Healer","floor":22,"turns":4}],"seed_played":"-1270008671909461379","potions_obtained":[{"floor":1,"key":"PotionOfCapacity"},{"floor":12,"key":"infinitespire:BlackPotion"},{"floor":14,"key":"Regen Potion"},{"floor":19,"key":"Cursed Concoction"}],"is_trial":false,"path_per_floor":["M","?","M","M","?","R","M","$","T","M","M","E","R","M","R","B",null,"M","M","$","T","M"],"character_chosen":"DEFECT","items_purchased":["Defragment"],"campfire_rested":2,"item_purchase_floors":[8],"current_hp_per_floor":[76,76,71,71,71,71,59,59,59,41,28,10,28,30,48,51,61,24,21,21,21,0,0],"gold":175,"neow_bonus":"TEN_PERCENT_HP_BONUS","is_daily":false,"chose_seed":false,"campfire_upgraded":1,"win_rate":0.0,"timestamp":1608797013,"path_taken":["M","?","M","M","?","R","M","$","T","?","M","E","R","M","R","BOSS","M","M","$","?","M"],"items_purchased_type":["Card"],"build_version":"2020-12-22","purchased_purges":2,"victory":false,"max_hp_per_floor":[82,82,82,82,82,82,82,82,82,82,82,61,61,61,61,61,61,61,61,61,61,61,61],"card_choices":[{"not_picked":["Beam Cell","Coolheaded"],"picked":"Redo","floor":1},{"not_picked":["Creative AI","BootSequence"],"picked":"Tempest","floor":3},{"not_picked":["Compile Driver","Hello World"],"picked":"BasicCrystalCard","floor":4},{"not_picked":["Go for the Eyes","FIFO Queue"],"picked":"Steam","floor":7},{"not_picked":["Blizzard","Rebound"],"picked":"Barrage","floor":10},{"not_picked":["Amplify","Undo","Heatsinks"],"picked":"SKIP","floor":11},{"not_picked":["Panic Button","Blizzard"],"picked":"Lockon","floor":12},{"not_picked":["Hologram","Rebound"],"picked":"Fusion","floor":14},{"not_picked":["ReplayTheSpireMod:Omega Cannon","All For One"],"picked":"Meteor Strike","floor":16},{"not_picked":["Darkness","Gash"],"picked":"FIFO Queue","floor":18},{"not_picked":["Streamline+1","Sweeping Beam+1"],"picked":"Sunder","floor":19}],"player_experience":32074,"relics_obtained":[{"floor":9,"key":"Replay:Bottled Eggs"},{"floor":12,"key":"infinitespire:Lychee Nut"}],"event_choices":[{"damage_healed":0,"gold_gain":0,"player_choice":"Forge","damage_taken":0,"max_hp_gain":0,"max_hp_loss":0,"event_name":"Accursed Blacksmith","floor":5,"gold_loss":0,"cards_upgraded":["Redo"]}],"is_beta":false,"boss_relics":[{"not_picked":["FrozenCore","hubris:CrackedHourglass"],"picked":"hubris:RunicObelisk"}],"items_purged_floors":[8,20],"is_endless":false,"potions_floor_spawned":[1,12,14,19],"killed_by":"Centurion and Healer","ascension_level":0}}