{"host":"qbnk2vkaq38efxaz","time":1608834993,"event":{"mods":["BaseMod","Minty Spire (QoL Compilation)"],"gold_per_floor":[219,169,185,203,19,47,63,80,80,80,112,112,112,127,127,223,223,233,246,263,65,81,41,69,89,89,119,133,143,143,158,158,255,255,266,33,33,52,52,83,83,100,151,151,151,151,0,25,25,25,25,25,1,35,35],"floor_reached":56,"playtime":6526,"items_purged":["Defend_B","Strike_B","Strike_B"],"score":1283,"play_id":"cbf9afd8-d4a0-4278-8896-b634f745fb81","local_time":"20201224103633","is_ascension_mode":true,"campfire_choices":[{"data":"Zap","floor":10.0,"key":"SMITH"},{"data":"Dualcast","floor":13.0,"key":"SMITH"},{"data":"Static Discharge","floor":15.0,"key":"SMITH"},{"data":"White Noise","floor":30.0,"key":"SMITH"},{"data":"Echo Form","floor":32.0,"key":"SMITH"},{"data":"Buffer","floor":41.0,"key":"SMITH"},{"floor":46.0,"key":"RECALL"},{"data":"Heatsinks","floor":49.0,"key":"SMITH"},{"data":"Tempest","floor":52.0,"key":"SMITH"}],"circlet_count":0,"master_deck":["Strike_B","Defend_B","Defend_B","Zap+1","Dualcast+1","Sweeping Beam","Self Repair+1","White Noise+1","Leap","Doom and Gloom","Static Discharge+1","Tempest+1","Echo Form+1","Coolheaded+1","Conserve Battery","Reinforced Body","Static Discharge","Reinforced Body+1","Static Discharge+1","Buffer+1","Heatsinks+1","Madness","Madness"],"relics":["Cracked Core","Membership Card","Happy Flower","Unceasing Top","Prayer Wheel","Busted Crown","Centennial Puzzle","Incense Burner","Mummified Hand","Lantern","Velvet Choker","Art of War","Omamori","WarpedTongs","Oddly Smooth Stone","Red Mask","Torii","Strawberry"],"acts_visited":["Exordium","TheCity","TheBeyond","TheEnding"],"potions_floor_usage":[],"damage_taken":[{"damage":0.0,"enemies":"Small Slimes","floor":1.0,"turns":3.0},{"damage":1.0,"enemies":"Cultist","floor":3.0,"turns":3.0},{"damage":1.0,"enemies":"2 Louse","floor":4.0,"turns":2.0},{"damage":30.0,"enemies":"3 Sentries","floor":6.0,"turns":6.0},{"damage":8.0,"enemies":"Red Slaver","floor":7.0,"turns":4.0},{"damage":1.0,"enemies":"3 Louse","floor":8.0,"turns":3.0},{"damage":18.0,"enemies":"Gremlin Nob","floor":11.0,"turns":3.0},{"damage":5.0,"enemies":"Looter","floor":14.0,"turns":4.0},{"damage":16.0,"enemies":"The Guardian","floor":16.0,"turns":7.0},{"damage":17.0,"enemies":"Shell Parasite","floor":18.0,"turns":4.0},{"damage":26.0,"enemies":"2 Thieves","floor":19.0,"turns":4.0},{"damage":16.0,"enemies":"Centurion and Healer","floor":20.0,"turns":4.0},{"damage":14.0,"enemies":"Snake Plant","floor":22.0,"turns":6.0},{"damage":17.0,"enemies":"Gremlin Leader","floor":24.0,"turns":7.0},{"damage":0.0,"enemies":"Cultist and Chosen","floor":25.0,"turns":4.0},{"damage":0.0,"enemies":"Book of Stabbing","floor":27.0,"turns":7.0},{"damage":4.0,"enemies":"Centurion and Healer","floor":28.0,"turns":4.0},{"damage":3.0,"enemies":"Chosen and Byrds","floor":29.0,"turns":5.0},{"damage":6.0,"enemies":"3 Cultists","floor":31.0,"turns":3.0},{"damage":34.0,"enemies":"Champ","floor":33.0,"turns":12.0},{"damage":0.0,"enemies":"Orb Walker","floor":35.0,"turns":5.0},{"damage":12.0,"enemies":"3 Shapes","floor":38.0,"turns":3.0},{"damage":43.0,"enemies":"Giant Head","floor":40.0,"turns":7.0},{"damage":13.0,"enemies":"Sphere and 2 Shapes","floor":42.0,"turns":5.0},{"damage":0.0,"enemies":"Nemesis","floor":48.0,"turns":7.0},{"damage":74.0,"enemies":"Time Eater","floor":50.0,"turns":9.0},{"damage":42.0,"enemies":"Shield and Spear","floor":54.0,"turns":5.0},{"damage":27,"enemies":"The Heart","floor":55,"turns":8}],"seed_played":"7237035197448992876","potions_obtained":[{"floor":3.0,"key":"DistilledChaos"},{"floor":6.0,"key":"Energy Potion"},{"floor":11.0,"key":"PowerPotion"},{"floor":20.0,"key":"SpeedPotion"},{"floor":22.0,"key":"Strength Potion"},{"floor":24.0,"key":"EssenceOfSteel"},{"floor":25.0,"key":"Swift Potion"},{"floor":29.0,"key":"SpeedPotion"},{"floor":31.0,"key":"Strength Potion"},{"floor":38.0,"key":"FairyPotion"},{"floor":40.0,"key":"Fruit Juice"}],"is_trial":false,"path_per_floor":["M","?","M","M","$","E","M","M","T","R","E","?","R","M","R","B",null,"M","M","M","$","M","?","E","M","T","E","M","M","R","M","R","B",null,"M","$","?","M","?","E","R","M","T","?","?","R","?","E","R","B",null,"R","$","E","B",null],"character_chosen":"DEFECT","items_purchased":["Membership Card","Reinforced Body","Static Discharge","Centennial Puzzle","Art of War","Heatsinks","Omamori","PowerPotion"],"campfire_rested":0,"item_purchase_floors":[5,21,21,21,36,36,36,53],"current_hp_per_floor":[75,75,74,75,75,52,51,57,57,57,46,46,46,48,48,39,75,72,53,44,44,44,44,37,47,47,67,73,75,75,75,75,51,75,75,75,66,74,74,46,46,43,43,43,43,43,43,63,63,34,80,80,80,55,38],"gold":35,"neow_bonus":"HUNDRED_GOLD","is_daily":false,"chose_seed":false,"campfire_upgraded":8,"win_rate":0.0,"timestamp":1608834993,"path_taken":["M","?","M","M","$","E","M","M","T","R","E","?","R","M","R","BOSS","M","M","M","$","M","?","E","M","T","E","M","M","R","M","R","BOSS","M","$","?","M","?","E","R","?","T","?","?","R","?","E","R","BOSS","R","$","E","BOSS"],"items_purchased_type":["Relic","Card","Card","Relic","Relic","Card","Relic","Potion"],"build_version":"2020-12-22","purchased_purges":3,"victory":true,"max_hp_per_floor":[75,75,75,75,75,75,75,75,75,75,75,75,75,75,75,75,75,75,75,75,75,75,75,75,75,75,75,75,75,75,75,75,75,75,75,75,75,75,75,80,80,80,80,80,80,80,80,80,80,80,80,80,80,87,87],"card_choices":[{"not_picked":["Hologram","Leap"],"picked":"Sweeping Beam","floor":1.0},{"not_picked":["Compile Driver","Double Energy"],"picked":"Self Repair","floor":3.0},{"not_picked":["Streamline","Hologram"],"picked":"White Noise","floor":4.0},{"not_picked":["Meteor Strike","Aggregate","Hyperbeam"],"picked":"SKIP","floor":6.0},{"not_picked":["Compile Driver","Recycle"],"picked":"Leap","floor":7.0},{"not_picked":["Stack","Double Energy"],"picked":"Doom and Gloom","floor":8.0},{"not_picked":["Gash","Blizzard","Beam Cell"],"picked":"SKIP","floor":11.0},{"not_picked":["Hologram","All For One"],"picked":"Static Discharge","floor":14.0},{"not_picked":["Stack","Streamline"],"picked":"Tempest","floor":14.0},{"not_picked":["Rainbow","Biased Cognition"],"picked":"Echo Form","floor":16.0},{"not_picked":[],"picked":"Coolheaded+1","floor":18.0},{"not_picked":["Rebound"],"picked":"SKIP","floor":18.0},{"not_picked":["Steam"],"picked":"SKIP","floor":19.0},{"not_picked":["Stack"],"picked":"SKIP","floor":19.0},{"not_picked":[],"picked":"Conserve Battery","floor":20.0},{"not_picked":["Beam Cell"],"picked":"SKIP","floor":20.0},{"not_picked":["Barrage"],"picked":"SKIP","floor":22.0},{"not_picked":["Cold Snap"],"picked":"SKIP","floor":22.0},{"not_picked":[],"picked":"Reinforced Body+1","floor":24.0},{"not_picked":[],"picked":"Static Discharge+1","floor":25.0},{"not_picked":["Gash"],"picked":"SKIP","floor":25.0},{"not_picked":["All For One"],"picked":"SKIP","floor":27.0},{"not_picked":["Force Field"],"picked":"SKIP","floor":28.0},{"not_picked":["Go for the Eyes+1"],"picked":"SKIP","floor":28.0},{"not_picked":["Compile Driver"],"picked":"SKIP","floor":29.0},{"not_picked":["Leap"],"picked":"SKIP","floor":29.0},{"not_picked":["Redo+1"],"picked":"SKIP","floor":31.0},{"not_picked":["Barrage+1"],"picked":"SKIP","floor":31.0},{"not_picked":[],"picked":"Buffer","floor":33.0},{"not_picked":["Steam+1"],"picked":"SKIP","floor":35.0},{"not_picked":["Turbo+1"],"picked":"SKIP","floor":35.0},{"not_picked":["Beam Cell"],"picked":"SKIP","floor":38.0},{"not_picked":["Ball Lightning"],"picked":"SKIP","floor":38.0},{"not_picked":["Scrape+1"],"picked":"SKIP","floor":40.0},{"not_picked":["Barrage"],"picked":"SKIP","floor":42.0},{"not_picked":["Leap"],"picked":"SKIP","floor":42.0},{"not_picked":["Go for the Eyes+1"],"picked":"SKIP","floor":48.0},{"not_picked":["Steam Power"],"picked":"SKIP","floor":54}],"player_experience":64953,"relics_obtained":[{"floor":6.0,"key":"Happy Flower"},{"floor":9.0,"key":"Unceasing Top"},{"floor":11.0,"key":"Prayer Wheel"},{"floor":24.0,"key":"Incense Burner"},{"floor":26.0,"key":"Mummified Hand"},{"floor":27.0,"key":"Lantern"},{"floor":40.0,"key":"Oddly Smooth Stone"},{"floor":48.0,"key":"Torii"},{"floor":54,"key":"Strawberry"}],"event_choices":[{"cards_removed":["Strike_B"],"damage_healed":0.0,"max_hp_gain":0.0,"max_hp_loss":0.0,"gold_gain":0.0,"event_name":"The Cleric","player_choice":"Card Removal","floor":2.0,"gold_loss":50.0,"damage_taken":0.0},{"damage_healed":0.0,"max_hp_gain":0.0,"max_hp_loss":0.0,"gold_gain":0.0,"event_name":"Shining Light","player_choice":"Ignored","floor":12.0,"gold_loss":0.0,"damage_taken":0.0},{"damage_healed":0.0,"max_hp_gain":0.0,"max_hp_loss":0.0,"gold_gain":0.0,"event_name":"Designer","player_choice":"Upgrade","floor":23.0,"gold_loss":40.0,"damage_taken":0.0,"cards_upgraded":["Self Repair"]},{"damage_healed":0.0,"max_hp_gain":0.0,"max_hp_loss":0.0,"gold_gain":0.0,"event_name":"Winding Halls","player_choice":"Embrace Madness","floor":37.0,"gold_loss":0.0,"damage_taken":9.0,"cards_obtained":["Madness","Madness"]},{"damage_healed":0.0,"max_hp_gain":0.0,"max_hp_loss":0.0,"gold_gain":0.0,"event_name":"Accursed Blacksmith","player_choice":"Rummage","floor":39.0,"gold_loss":0.0,"damage_taken":0.0,"relics_obtained":["WarpedTongs"],"cards_obtained":["Pain"]},{"cards_removed":["Defend_B"],"damage_healed":0.0,"max_hp_gain":0.0,"max_hp_loss":0.0,"gold_gain":0.0,"event_name":"Falling","player_choice":"Removed Skill","floor":44.0,"gold_loss":0.0,"damage_taken":0.0},{"damage_healed":0.0,"max_hp_gain":0.0,"max_hp_loss":0.0,"gold_gain":0.0,"event_name":"SensoryStone","player_choice":"Memory 1","floor":45.0,"gold_loss":0.0,"damage_taken":0.0},{"damage_healed":0.0,"max_hp_gain":0.0,"max_hp_loss":0.0,"gold_gain":0.0,"event_name":"Tomb of Lord Red Mask","player_choice":"Paid","floor":47.0,"gold_loss":151.0,"damage_taken":0.0,"relics_obtained":["Red Mask"]}],"is_beta":false,"boss_relics":[{"not_picked":["Snecko Eye","Tiny House"],"picked":"Busted Crown"},{"not_picked":["Sozu","Coffee Dripper"],"picked":"Velvet Choker"}],"items_purged_floors":[5,21,36],"is_endless":false,"potions_floor_spawned":[3,6,11,20,22,24,25,29,31,38,40],"ascension_level":1}}