{"host":"a5523bqxi3k68xf3","time":1608815843,"event":{"mods":["BaseMod","BetterRewards","Hermit","Koishi","Marisa????????","Minty Spire (QoL Compilation)","Quick Restart","Random Character Button","Relic Stats","Shop Mod","StSLib","The Animator","The Cursed","The Necromancer","The Servant 0.9.4"],"gold_per_floor":[117,128,128,142,73,73,98,109,109,109,126,136,169,132,132,236,236,247,247,264,11,28,54,54,83,106,153,179,179,204,222,222,320,320,337,347,347,370,384,384,102,135,135,135,152,196,196,213,213,213],"floor_reached":51,"playtime":1890,"items_purged":["Defend_W"],"score":1505,"play_id":"da2b7148-d1fc-440c-9f50-693d47389cbe","local_time":"20201224141723","is_ascension_mode":true,"campfire_choices":[{"data":"Life_Drain","floor":6,"key":"SMITH"},{"data":"Acid_Javelin","floor":15,"key":"SMITH"},{"floor":24,"key":"REST"},{"data":"J.A.X.","floor":29,"key":"SMITH"},{"floor":32,"key":"REST"},{"floor":40,"key":"REST"},{"floor":44,"key":"REST"},{"data":"Summon_Undead","floor":47,"key":"SMITH"},{"floor":49,"key":"REST"}],"circlet_count":0,"master_deck":["AscendersBane","Strike_W","Strike_W","Strike_W","Strike_W","Defend_W","Defend_W","Defend_W","Negative_Energy_Arrows","Bone_Wall","Vampiric_Strike","Plague_Bolt","Negative_Energy_Sphere","Slay_Living+1","Life_Drain+1","Exploit","Acid_Javelin+1","Life_Drain","Necrotic_Claws","Necrotic_Claws","Cloudkill","J.A.X.+1","Corrupt","Summon_Undead+1","Blood_Whip+1"],"relics":["Vampire_Amulet","Thread and Needle","Potion Belt","Lantern","Mercury Hourglass","Busted Crown","Ornamental Fan","Omamori","FossilizedHelix","Bronze Scales","Ancient Tea Set","Smiling Mask","Oddly Smooth Stone","Black Star","Centennial Puzzle","Blood Vial","CeramicFish","Vajra","Meat on the Bone","Bottled Lightning","Toy Ornithopter"],"acts_visited":["Exordium","TheCity","TheBeyond"],"potions_floor_usage":[16,22,25,25,25,25,25,30,33,33,33,42,46,46,50,50,50,50,50,50],"damage_taken":[{"damage":0,"enemies":"Small Slimes","floor":1,"turns":3},{"damage":0,"enemies":"Cultist","floor":2,"turns":3},{"damage":0,"enemies":"2 Louse","floor":4,"turns":3},{"damage":23,"enemies":"Gremlin Nob","floor":7,"turns":5},{"damage":0,"enemies":"Exordium Wildlife","floor":8,"turns":3},{"damage":1,"enemies":"Lots of Slimes","floor":11,"turns":2},{"damage":0,"enemies":"Red Slaver","floor":12,"turns":4},{"damage":41,"enemies":"Lagavulin","floor":13,"turns":6},{"damage":25,"enemies":"Hexaghost","floor":16,"turns":8},{"damage":19,"enemies":"Spheric Guardian","floor":18,"turns":4},{"damage":16,"enemies":"Shell Parasite","floor":20,"turns":4},{"damage":16,"enemies":"Centurion and Healer","floor":22,"turns":4},{"damage":54,"enemies":"Gremlin Leader","floor":23,"turns":7},{"damage":22,"enemies":"Slavers","floor":25,"turns":4},{"damage":8,"enemies":"Book of Stabbing","floor":28,"turns":4},{"damage":29,"enemies":"Slavers","floor":30,"turns":5},{"damage":17,"enemies":"Sentry and Sphere","floor":31,"turns":5},{"damage":30,"enemies":"Champ","floor":33,"turns":6},{"damage":1,"enemies":"3 Shapes","floor":35,"turns":4},{"damage":0,"enemies":"Orb Walker","floor":36,"turns":4},{"damage":47,"enemies":"Transient","floor":39,"turns":5},{"damage":61,"enemies":"Nemesis","floor":42,"turns":5},{"damage":0,"enemies":"4 Shapes","floor":45,"turns":5},{"damage":33,"enemies":"Reptomancer","floor":46,"turns":6},{"damage":6,"enemies":"Sphere and 2 Shapes","floor":48,"turns":3},{"damage":83,"enemies":"Time Eater","floor":50,"turns":9}],"seed_played":"7163955336037731724","potions_obtained":[{"floor":7,"key":"Weak Potion"},{"floor":8,"key":"DuplicationPotion"},{"floor":10,"key":"AttackPotion"},{"floor":10,"key":"LiquidBronze"},{"floor":10,"key":"ColorlessPotion"},{"floor":16,"key":"Weak Potion"},{"floor":20,"key":"EntropicBrew"},{"floor":25,"key":"AttackPotion"},{"floor":28,"key":"DuplicationPotion"},{"floor":30,"key":"EntropicBrew"},{"floor":39,"key":"CultistPotion"},{"floor":42,"key":"SteroidPotion"},{"floor":48,"key":"Energy Potion"}],"is_trial":false,"path_per_floor":["M","M","?","M","$","R","E","M","T","?","M","M","E","$","R","B",null,"M","?","M","$","M","E","R","E","T","T","E","R","E","M","R","B",null,"M","M","?","T","M","R","$","E","T","R","M","E","R","M","R","B",null],"character_chosen":"NECROMANCER","items_purchased":["Thread and Needle","Vampiric_Strike","Plague_Bolt","Life_Drain","Necrotic_Claws","Ornamental Fan","Summon_Undead","Blood Vial"],"campfire_rested":5,"item_purchase_floors":[0,0,0,5,14,21,41,41],"current_hp_per_floor":[59,61,61,67,67,67,58,70,70,70,75,75,50,50,50,45,68,60,60,58,58,54,33,55,47,47,47,53,53,44,47,69,58,71,75,75,71,71,26,47,47,5,5,26,44,41,41,55,71,32],"gold":213,"neow_bonus":"","is_daily":false,"chose_seed":false,"campfire_upgraded":4,"win_rate":0.0,"timestamp":1608815843,"path_taken":["M","M","?","M","$","R","E","M","T","?","?","M","E","$","R","BOSS","M","?","M","$","M","E","R","E","T","?","E","R","E","?","R","BOSS","M","M","?","?","?","R","$","E","T","R","M","E","R","M","R","BOSS"],"items_purchased_type":["Relic","Card","Card","Card","Card","Relic","Card","Relic"],"build_version":"2020-12-22","purchased_purges":1,"victory":true,"max_hp_per_floor":[75,75,75,75,75,75,75,75,75,75,75,75,75,75,75,75,75,75,75,75,75,75,75,75,75,75,75,75,75,75,75,75,75,75,75,75,71,71,71,71,71,71,71,71,71,71,71,71,71,71],"relic_stats":{"counters":[216,964],"CeramicFish":9,"Smiling Mask":25,"Mercury Hourglass":[335],"Blood Vial":8,"Centennial Puzzle":[15],"Busted Crown":36,"Ornamental Fan":[336],"Bronze Scales":[148],"Black Star":2,"obtain_stats":[{"Ice Cream":9,"Calipers":41,"Tiny House":17,"Nilry\u0027s Codex":30,"CeramicFish":41,"Vajra":37,"Whetstone":24,"Bottled Tornado":14,"Sling":0,"Boot":23,"Blood Vial":43,"Sozu":17,"hermit:RyeStalk":10,"Centennial Puzzle":47,"HornCleat":12,"DollysMirror":29,"Strawberry":6,"Prayer Wheel":7,"Philosopher\u0027s Stone":34,"MealTicket":46,"Fusion Hammer":34,"Kunai":26,"Toxic Egg 2":40,"Pear":43,"Happy Flower":0,"Blue Candle":24,"Astrolabe":34,"Dead Branch":40,"Oddly Smooth Stone":30,"Eternal Feather":26,"Pen Nib":0,"War Paint":28,"Question Card":48,"Akabeko":9,"Du-Vu Doll":45,"Runic Dome":34,"hermit:PetGhost":20,"Shuriken":0,"Bronze Scales":29,"MutagenicStrength":28,"Pandora\u0027s Box":17,"Molten Egg 2":43,"Black Star":34,"hermit:Momento":0,"Unceasing Top":29,"Meat on the Bone":29,"Darkstone Periapt":13,"Regal Pillow":8,"Lantern":9,"Singing Bowl":26,"Mango":44,"StoneCalendar":7,"Juzu Bracelet":6,"Bag of Preparation":26,"Incense Burner":42,"Smiling Mask":26,"Ancient Tea Set":40,"Empty Cage":17,"Nunchaku":24,"Dream Catcher":14,"Matryoshka":9,"TheAbacus":39,"Mummified Hand":9,"Pantograph":10,"Gambling Chip":45,"Tiny Chest":0,"WingedGreaves":25,"Red Mask":19,"InkBottle":6,"Potion Belt":43,"Golden Idol":14,"Thread and Needle":41,"PreservedInsect":26,"Omamori":23,"Orichalcum":36,"Frozen Egg 2":40,"MawBank":7,"White Beast Statue":0,"Mercury Hourglass":8,"Peace Pipe":37,"Anchor":40,"CaptainsWheel":10,"Busted Crown":34,"Ornamental Fan":14,"hermit:CharredGlove":41,"Bag of Marbles":0,"Art of War":26,"Membership Card":41,"Bottled Lightning":42,"TungstenRod":38,"FossilizedHelix":41,"Toy Ornithopter":22},{"Ice Cream":74,"Calipers":88,"Tiny House":121,"Nilry\u0027s Codex":83,"CeramicFish":42,"Vajra":42,"Whetstone":81,"Bottled Tornado":97,"Sling":46,"Boot":102,"Blood Vial":43,"Sozu":144,"hermit:RyeStalk":32,"Centennial Puzzle":45,"HornCleat":8,"DollysMirror":147,"Strawberry":30,"Prayer Wheel":73,"Philosopher\u0027s Stone":128,"MealTicket":156,"Fusion Hammer":172,"Kunai":14,"Toxic Egg 2":66,"Pear":88,"Happy Flower":0,"Blue Candle":58,"Astrolabe":62,"Dead Branch":177,"Oddly Smooth Stone":206,"Eternal Feather":169,"Pen Nib":46,"War Paint":60,"Question Card":69,"Akabeko":117,"Du-Vu Doll":156,"Runic Dome":85,"hermit:PetGhost":57,"Shuriken":25,"Bronze Scales":126,"MutagenicStrength":147,"Pandora\u0027s Box":78,"Molten Egg 2":178,"Black Star":18,"hermit:Momento":0,"Unceasing Top":16,"Meat on the Bone":16,"Darkstone Periapt":54,"Regal Pillow":31,"Lantern":195,"Singing Bowl":38,"Mango":67,"StoneCalendar":161,"Juzu Bracelet":5,"Bag of Preparation":103,"Incense Burner":133,"Smiling Mask":59,"Ancient Tea Set":131,"Empty Cage":165,"Nunchaku":13,"Dream Catcher":120,"Matryoshka":52,"TheAbacus":130,"Mummified Hand":6,"Pantograph":96,"Gambling Chip":179,"Tiny Chest":136,"WingedGreaves":59,"Red Mask":37,"InkBottle":50,"Potion Belt":22,"Golden Idol":34,"Thread and Needle":42,"PreservedInsect":59,"Omamori":203,"Orichalcum":19,"Frozen Egg 2":21,"MawBank":116,"White Beast Statue":70,"Mercury Hourglass":52,"Peace Pipe":152,"Anchor":21,"CaptainsWheel":162,"Busted Crown":41,"Ornamental Fan":9,"hermit:CharredGlove":66,"Bag of Marbles":46,"Art of War":81,"Membership Card":42,"Bottled Lightning":43,"TungstenRod":65,"FossilizedHelix":66,"Toy Ornithopter":101},{"Ice Cream":279,"Calipers":335,"Tiny House":495,"Nilry\u0027s Codex":312,"CeramicFish":167,"Vajra":167,"Whetstone":306,"Bottled Tornado":373,"Sling":185,"Boot":400,"Blood Vial":171,"Sozu":609,"hermit:RyeStalk":132,"Centennial Puzzle":178,"HornCleat":26,"DollysMirror":621,"Strawberry":124,"Prayer Wheel":277,"Philosopher\u0027s Stone":532,"MealTicket":671,"Fusion Hammer":753,"Kunai":56,"Toxic Egg 2":253,"Pear":335,"Happy Flower":0,"Blue Candle":226,"Astrolabe":241,"Dead Branch":781,"Oddly Smooth Stone":914,"Eternal Feather":737,"Pen Nib":185,"War Paint":232,"Question Card":263,"Akabeko":479,"Du-Vu Doll":671,"Runic Dome":324,"hermit:PetGhost":225,"Shuriken":113,"Bronze Scales":519,"MutagenicStrength":621,"Pandora\u0027s Box":296,"Molten Egg 2":787,"Black Star":78,"hermit:Momento":0,"Unceasing Top":66,"Meat on the Bone":66,"Darkstone Periapt":215,"Regal Pillow":129,"Lantern":863,"Singing Bowl":152,"Mango":256,"StoneCalendar":698,"Juzu Bracelet":15,"Bag of Preparation":407,"Incense Burner":556,"Smiling Mask":229,"Ancient Tea Set":545,"Empty Cage":717,"Nunchaku":52,"Dream Catcher":486,"Matryoshka":209,"TheAbacus":540,"Mummified Hand":18,"Pantograph":369,"Gambling Chip":794,"Tiny Chest":577,"WingedGreaves":229,"Red Mask":149,"InkBottle":198,"Potion Belt":99,"Golden Idol":138,"Thread and Needle":167,"PreservedInsect":229,"Omamori":902,"Orichalcum":81,"Frozen Egg 2":94,"MawBank":476,"White Beast Statue":269,"Mercury Hourglass":209,"Peace Pipe":648,"Anchor":94,"CaptainsWheel":703,"Busted Crown":164,"Ornamental Fan":30,"hermit:CharredGlove":253,"Bag of Marbles":185,"Art of War":306,"Membership Card":167,"Bottled Lightning":171,"TungstenRod":249,"FossilizedHelix":253,"Toy Ornithopter":395}],"Toy Ornithopter":31,"Meat on the Bone":12},"card_choices":[{"not_picked":["Necrotic_Claws","Whirlwind_of_Bones"],"picked":"Negative_Energy_Sphere","floor":1},{"not_picked":["Blood_Curse","Finger_Of_Death"],"picked":"Slay_Living","floor":2},{"not_picked":["Spectral_Walk","Finger_Of_Death","Blood_Curse"],"picked":"SKIP","floor":4},{"not_picked":["Chill_Blood","Negative_Energy_Mist"],"picked":"Exploit","floor":7},{"not_picked":["Bone_Bullets","Bones_to_Steel"],"picked":"Acid_Javelin","floor":8},{"not_picked":["Negative_Energy_Mist","Blood_Curse"],"picked":"Life_Drain","floor":11},{"not_picked":["Blood_Whip","Negative_Energy_Sphere"],"picked":"Necrotic_Claws","floor":12},{"not_picked":["Shackles_Of_Pain","Epidemic","Blood_Wake"],"picked":"SKIP","floor":13},{"not_picked":["Detonate_Bones","Hellfire"],"picked":"Cloudkill","floor":16},{"not_picked":["Negative_Energy_Javelin+1"],"picked":"SKIP","floor":18},{"not_picked":["Negative_Energy_Mist"],"picked":"SKIP","floor":20},{"not_picked":["Whirlwind_of_Bones"],"picked":"SKIP","floor":22},{"not_picked":["Bones_to_Steel"],"picked":"SKIP","floor":23},{"not_picked":["Death_Coil"],"picked":"SKIP","floor":25},{"not_picked":["Bones_to_Steel+1"],"picked":"SKIP","floor":28},{"not_picked":[],"picked":"Corrupt","floor":30},{"not_picked":["Blood_Is_Power"],"picked":"SKIP","floor":31},{"not_picked":["Death_Coil"],"picked":"SKIP","floor":35},{"not_picked":["Bone_Spikes"],"picked":"SKIP","floor":36},{"not_picked":["Death_March_Dance"],"picked":"SKIP","floor":39},{"not_picked":["Blood_Curse"],"picked":"SKIP","floor":42},{"not_picked":["Bone_Armor"],"picked":"SKIP","floor":45},{"not_picked":[],"picked":"Blood_Whip+1","floor":46},{"not_picked":["Scare+1"],"picked":"SKIP","floor":48}],"player_experience":1680994,"relics_obtained":[{"floor":7,"key":"Potion Belt"},{"floor":9,"key":"Lantern"},{"floor":13,"key":"Mercury Hourglass"},{"floor":23,"key":"Omamori"},{"floor":25,"key":"FossilizedHelix"},{"floor":26,"key":"Bronze Scales"},{"floor":27,"key":"Ancient Tea Set"},{"floor":28,"key":"Smiling Mask"},{"floor":30,"key":"Oddly Smooth Stone"},{"floor":38,"key":"Centennial Puzzle"},{"floor":42,"key":"CeramicFish"},{"floor":42,"key":"Vajra"},{"floor":43,"key":"Meat on the Bone"},{"floor":46,"key":"Bottled Lightning"},{"floor":46,"key":"Toy Ornithopter"}],"event_choices":[{"damage_healed":0,"gold_gain":0,"player_choice":"Grow","damage_taken":0,"max_hp_gain":0,"max_hp_loss":0,"event_name":"Living Wall","floor":3,"gold_loss":0,"cards_upgraded":["Slay_Living"]},{"damage_healed":0,"gold_gain":0,"player_choice":"Got Potions","damage_taken":0,"max_hp_gain":0,"max_hp_loss":0,"event_name":"Lab","floor":10,"gold_loss":0},{"damage_healed":0,"gold_gain":0,"player_choice":"Obtain J.A.X.","damage_taken":0,"max_hp_gain":0,"max_hp_loss":0,"event_name":"Drug Dealer","floor":19,"gold_loss":0,"cards_obtained":["J.A.X."]},{"damage_healed":0,"gold_gain":0,"player_choice":"Max HP","damage_taken":0,"max_hp_gain":0,"max_hp_loss":4,"event_name":"Winding Halls","floor":37,"gold_loss":0}],"is_beta":false,"boss_relics":[{"not_picked":["Coffee Dripper","Calling Bell"],"picked":"Busted Crown"},{"not_picked":["Tiny House","Cursed Key"],"picked":"Black Star"}],"items_purged_floors":[41],"is_endless":false,"potions_floor_spawned":[7,8,11,13,16,20,25,28,30,39,42,48],"ascension_level":10}}