{"host":"y8hg8nbtd8qkv7tj","time":1608785776,"event":{"mods":["AchievementEnabler","Aspiration","BaseMod","BetterRewards","CapriCore","Colored Map","Downfall","Friendly Minions","GifTheSpireLib","GungeonMod","Hubris","Lobotomy","LobotomyExtend","Minty Spire (QoL Compilation)","Replay The Spire","StSLib","The Animator","The Bladedancer"],"gold_per_floor":[364,12,0,16,29,29,29,29,29,44,70,89,89,109,109,211,211,180,230,80,97,97,97,113,185,185,185,199,210,220,234,252,252,252,252],"floor_reached":34,"playtime":2426,"items_purged":[],"score":260,"play_id":"ac0712e3-19e4-4c33-8879-8029b71d307e","local_time":"20201223235616","is_ascension_mode":false,"campfire_choices":[{"data":"Soda","floor":6,"key":"SMITH"},{"data":"Soda","floor":8,"key":"SMITH"},{"data":"Soda","floor":23,"key":"SMITH"},{"data":"DemoMod:PotionOfGunFriendShip","floor":27,"key":"SMITH"},{"floor":33,"key":"REST"}],"circlet_count":0,"master_deck":["DemoMod:Strike_Huntress","DemoMod:Strike_Huntress","DemoMod:Strike_Huntress","DemoMod:Defend_Huntress","DemoMod:Defend_Huntress","DemoMod:Defend_Huntress","DemoMod:Defend_Huntress","DemoMod:Roll","DemoMod:ManualReload","DemoMod:RustySidearm","DemoMod:CrossBow","DemoMod:RustySidearm","DemoMod:EasyReloadBullets","Soda+1","Soda+1","DemoMod:MachoBrace","DemoMod:StickyCrossBow","DemoMod:TeaPot","DemoMod:HardPowerCard","Soda+1","DemoMod:JK47","DemoMod:DoubleVision","DemoMod:CursedBullets","DemoMod:BattleInHaste","DemoMod:HuntsMan","DemoMod:PotionOfGunFriendShip+1","DemoMod:ShadowBullets+1","DemoMod:BattleInHaste+1","DemoMod:DoubleSwitch+1","DemoMod:TeaPot+1"],"relics":["DemoMod:Dog","LetterFromLob","Chemical X","DemoMod:Antibody","hubris:PeanutButter","SsserpentHead","Bronze Scales","hubris:RunicObelisk"],"acts_visited":["Exordium","TheCity","DemoMod:Maze"],"potions_floor_usage":[10,11,11,16,16,25,25,31,32,34],"damage_taken":[{"damage":10,"enemies":"Small Slimes","floor":1,"turns":4},{"damage":7,"enemies":"Cultist","floor":4,"turns":6},{"damage":14,"enemies":"Jaw Worm","floor":5,"turns":5},{"damage":16,"enemies":"Exordium Thugs","floor":10,"turns":3},{"damage":23,"enemies":"3 Sentries","floor":11,"turns":7},{"damage":11,"enemies":"Blue Slaver","floor":12,"turns":4},{"damage":0,"enemies":"2 Fungi Beasts","floor":14,"turns":3},{"damage":90,"enemies":"Hexaghost","floor":16,"turns":18},{"damage":36,"enemies":"2 Thieves","floor":18,"turns":5},{"damage":2,"enemies":"Chosen","floor":21,"turns":4},{"damage":32,"enemies":"Centurion and Healer","floor":24,"turns":7},{"damage":15,"enemies":"3 Cultists","floor":25,"turns":5},{"damage":22,"enemies":"DemoMod:Veteran_shot_gun_kin_and_bullet_kin","floor":28,"turns":4},{"damage":5,"enemies":"DemoMod:4_Bullet_Kins_with_one_veteran","floor":29,"turns":5},{"damage":37,"enemies":"DemoMod:Veteran_shot_gun_kin_and_red_shotgun_kin_with_gunsinger","floor":30,"turns":3},{"damage":17,"enemies":"DemoMod:Red_and_blue_shotgun_kin_with_gunsinger","floor":31,"turns":5},{"damage":34,"enemies":"DemoMod:Veteran_shot_gun_kin_and_blue_shotgun_kin_with_gunsinger","floor":32,"turns":5},{"damage":109,"enemies":"DemoMod:ResourcefulRat","floor":34,"turns":7}],"seed_played":"-7109397428561966853","potions_obtained":[{"floor":1,"key":"Languid Potion"},{"floor":4,"key":"Explosive Potion"},{"floor":10,"key":"Dexterity Potion"},{"floor":15,"key":"Guardian:BlockOnCardUsePotion"},{"floor":15,"key":"ColorlessPotion"},{"floor":16,"key":"Regen Potion"},{"floor":18,"key":"Languid Potion"},{"floor":24,"key":"Explosive Potion"},{"floor":28,"key":"champ:CounterPotion"},{"floor":29,"key":"SteroidPotion"}],"is_trial":false,"path_per_floor":["M","$","?","M","M","R","?","R","T","M","E","M","?","M","R_BF","B",null,"M","?","$","M","?","R","M","M","T","R","M","M","M","M","M","R","B"],"character_chosen":"HUNTRESS","items_purchased":["DemoMod:GnawedKey","Soda","Chemical X","DemoMod:MachoBrace","DemoMod:BattleInHaste","Slimebound:ThreeZeroPotion"],"campfire_rested":1,"item_purchase_floors":[2,2,2,2,20,20],"current_hp_per_floor":[60,60,60,62,51,51,51,51,51,39,34,33,33,50,50,19,70,58,58,58,70,70,70,63,61,70,70,54,70,37,49,37,70,0,0],"gold":252,"neow_bonus":"TWO_FIFTY_GOLD","is_daily":false,"chose_seed":false,"campfire_upgraded":4,"win_rate":0.0,"timestamp":1608785776,"path_taken":["M","$","?","M","M","R","?","R","T","M","E","?","?","M","R_BF","BOSS","M","?","$","M","?","R","M","?","T","R","M","M","M","M","M","R","BOSS"],"items_purchased_type":["Relic","Card","Relic","Card","Card","Potion"],"build_version":"2020-12-22","purchased_purges":0,"victory":false,"max_hp_per_floor":[70,70,70,70,70,70,70,70,70,70,70,70,70,70,70,70,70,70,70,70,70,70,70,70,70,70,70,70,70,70,70,70,70,70,70],"card_choices":[{"not_picked":["DemoMod:HuntsMan","DemoMod:ProbeStrike"],"picked":"DemoMod:EasyReloadBullets","floor":1},{"not_picked":["Horn","DemoMod:LifeOrb"],"picked":"DemoMod:StickyCrossBow","floor":4},{"not_picked":["Regret_ego","DemoMod:CombinedRifle"],"picked":"DemoMod:TeaPot","floor":5},{"not_picked":["DemoMod:Rummage","RapturousDream"],"picked":"DemoMod:HardPowerCard","floor":10},{"not_picked":["RedEyes","DemoMod:StickyCrossBow"],"picked":"Soda","floor":11},{"not_picked":["DemoMod:Unmoved","Tough"],"picked":"DemoMod:JK47","floor":12},{"not_picked":["LifeForTheDareDevil","FrostShard"],"picked":"DemoMod:DirectionalPad","floor":14},{"not_picked":["DemoMod:Desperate","Twilight"],"picked":"DemoMod:DoubleVision","floor":16},{"not_picked":["DemoMod:DoubleSwitch+1","DemoMod:HungryBullets"],"picked":"DemoMod:CursedBullets","floor":18},{"not_picked":["DemoMod:GunstockTap","CENSORED_ego"],"picked":"DemoMod:HuntsMan","floor":21},{"not_picked":["Lantern","Penitence"],"picked":"DemoMod:PotionOfGunFriendShip","floor":24},{"not_picked":["Heaven","Amita","BlueScar"],"picked":"SKIP","floor":25},{"not_picked":["Gaze","Diffraction+1"],"picked":"DemoMod:ShadowBullets+1","floor":28},{"not_picked":["Lantern+1","Tough"],"picked":"DemoMod:BattleInHaste+1","floor":29},{"not_picked":["RedEyes+1","DemoMod:HardPowerCard"],"picked":"DemoMod:DoubleSwitch+1","floor":30},{"not_picked":["Diffraction+1","DemoMod:BlackHoleGun"],"picked":"DemoMod:TeaPot+1","floor":31},{"not_picked":["SomewhereSpear","Pleasure+1","Harvest+1"],"picked":"SKIP","floor":32}],"player_experience":90251,"relics_obtained":[{"floor":1,"key":"LetterFromLob"},{"floor":9,"key":"DemoMod:Antibody"},{"floor":11,"key":"hubris:PeanutButter"},{"floor":16,"key":"Bronze Scales"}],"event_choices":[{"damage_healed":0,"gold_gain":0,"player_choice":"Left Gold","damage_taken":0,"max_hp_gain":0,"max_hp_loss":0,"event_name":"World of Goop","floor":3,"gold_loss":12},{"cards_removed":["animator:Defend_HitsugiNoChaika"],"damage_healed":0,"gold_gain":0,"player_choice":"Purged","damage_taken":0,"max_hp_gain":0,"max_hp_loss":0,"event_name":"Purifier","floor":7,"gold_loss":0},{"damage_healed":0,"gold_gain":0,"player_choice":"Trade","damage_taken":0,"relics_obtained":["SsserpentHead"],"max_hp_gain":0,"max_hp_loss":0,"event_name":"FaceTrader","floor":13,"gold_loss":0},{"damage_healed":0,"gold_gain":0,"player_choice":"Ignored","damage_taken":0,"max_hp_gain":0,"max_hp_loss":0,"event_name":"Vampires","floor":19,"gold_loss":0},{"damage_healed":0,"gold_gain":0,"player_choice":"Bet on Owner","damage_taken":0,"max_hp_gain":0,"max_hp_loss":0,"event_name":"The Joust","floor":22,"gold_loss":50}],"is_beta":false,"boss_relics":[{"not_picked":["hubris:CrackedHourglass","hubris:VirtuousBlindfold"],"picked":"hubris:RunicObelisk"}],"items_purged_floors":[],"is_endless":false,"potions_floor_spawned":[1,4,10,16,18,24,28,29],"killed_by":"DemoMod:ResourcefulRat","ascension_level":0}}