{"host":"ashh977dctw2auk3","time":1608785342,"event":{"mods":["Act Like it!","BaseMod","Elementarium","Friendly Minions","Hubris","Hyrulean Relics","Infinite Spire","Marisa????????","Minty Spire (QoL Compilation)","Potionbrewer","Replay The Spire","Ruin Mod","Shade Mod","Shop Mod","StSLib","The Cursed","The Marked","The Sage","The Servant 0.9.4","The Spell Scribe","Transform Curses","Waifu the Spire"],"gold_per_floor":[111,111,122,133,133,160,160,186,186,213,213,213,232,251,251,251,251],"floor_reached":16,"playtime":1387,"items_purged":[],"score":126,"play_id":"0036880a-a2c9-4e97-b45f-6bdc147d1933","local_time":"20201223204902","is_ascension_mode":true,"campfire_choices":[{"floor":7,"key":"REST"},{"floor":12,"key":"REST"},{"data":"TheCursedMod:CursedRelics","floor":15,"key":"SMITH"}],"circlet_count":0,"master_deck":["TheCursedMod:Strike_TheCursed","TheCursedMod:Strike_TheCursed","TheCursedMod:Strike_TheCursed","TheCursedMod:Strike_TheCursed","TheCursedMod:Defend_TheCursed","TheCursedMod:Defend_TheCursed","TheCursedMod:Defend_TheCursed","TheCursedMod:Defend_TheCursed","TheCursedMod:CursedWand","TheCursedMod:CleanUpWorkshop","TheCursedMod:Dregs","Finesse","TheCursedMod:Evocation","TheCursedMod:Stigma","TheCursedMod:DoubleShield","TheCursedMod:CursedRelics+1","TheCursedMod:SurpriseAttack"],"relics":["TheCursedMod:BlackMagic101","Vajra","Replay:Wax Seal","hubris:OldNail","TheCursedMod:BloodyHarpoon"],"acts_visited":["Exordium"],"potions_floor_usage":[10,16,16,16,16],"damage_taken":[{"damage":0,"enemies":"Cultist","floor":1,"turns":4},{"damage":12,"enemies":"Jaw Worm","floor":3,"turns":9},{"damage":5,"enemies":"Small Slimes","floor":4,"turns":6},{"damage":34,"enemies":"Gremlin Nob","floor":6,"turns":5},{"damage":29,"enemies":"Replay:BlueRogue","floor":8,"turns":7},{"damage":4,"enemies":"3 Sentries","floor":10,"turns":12},{"damage":7,"enemies":"Exordium Wildlife","floor":13,"turns":4},{"damage":7,"enemies":"3 Louse","floor":14,"turns":2},{"damage":22,"enemies":"Slime Boss","floor":16,"turns":6}],"seed_played":"8487684936069863110","potions_obtained":[{"floor":1,"key":"sagemod:Wine"},{"floor":4,"key":"Block Potion"},{"floor":13,"key":"SkillPotion"},{"floor":14,"key":"EntropicBrew"}],"is_trial":false,"path_per_floor":["M","?","M","M","?","E","R","E","T","E","?","R","M","M","R","B"],"character_chosen":"THE_CURSED","items_purchased":[],"campfire_rested":2,"item_purchase_floors":[],"current_hp_per_floor":[75,75,63,58,51,17,39,10,10,6,6,28,21,14,14,0,0],"gold":251,"neow_bonus":"RANDOM_COLORLESS","is_daily":false,"chose_seed":false,"campfire_upgraded":1,"win_rate":0.0,"timestamp":1608785342,"path_taken":["M","?","?","M","?","E","R","E","T","E","?","R","M","M","R","BOSS"],"items_purchased_type":[],"build_version":"2020-12-22","purchased_purges":0,"victory":false,"max_hp_per_floor":[75,75,75,75,75,75,75,75,75,75,75,75,75,75,75,75,75],"card_choices":[{"not_picked":["sagemod:Refine","PanicButton"],"picked":"Finesse","floor":0},{"not_picked":["TheCursedMod:Wield","TheCursedMod:CursedMace"],"picked":"TheCursedMod:CursedArmor","floor":1},{"not_picked":["TheCursedMod:CursedShiv","TheCursedMod:SmokeScreen"],"picked":"TheCursedMod:Evocation","floor":3},{"not_picked":["TheCursedMod:Stretching","TheCursedMod:Mangle"],"picked":"TheCursedMod:Stigma","floor":4},{"not_picked":["TheCursedMod:SpitefulStrike","TheCursedMod:CursedBoomerang"],"picked":"TheCursedMod:DoubleShield","floor":6},{"not_picked":["TheCursedMod:CursedAmulet","TheCursedMod:Stretching"],"picked":"TheCursedMod:CursedRelics","floor":8},{"not_picked":["TheCursedMod:BlessingInDisguise","TheCursedMod:CursedAmulet","TheCursedMod:ReleasedStrength"],"picked":"SKIP","floor":10},{"not_picked":["TheCursedMod:CircleOfBlood","TheCursedMod:CursedMace"],"picked":"TheCursedMod:SurpriseAttack","floor":13},{"not_picked":["TheCursedMod:CircleOfFlame","TheCursedMod:RavingStaff","TheCursedMod:CircleOfFocus"],"picked":"SKIP","floor":14}],"player_experience":301486,"relics_obtained":[{"floor":6,"key":"Vajra"},{"floor":8,"key":"Replay:Wax Seal"},{"floor":9,"key":"hubris:OldNail"},{"floor":10,"key":"TheCursedMod:BloodyHarpoon"}],"event_choices":[{"damage_healed":0,"gold_gain":0,"player_choice":"Ignored","damage_taken":0,"max_hp_gain":0,"max_hp_loss":0,"event_name":"Fountain of Cleansing","floor":2,"gold_loss":0},{"cards_removed":["TheCursedMod:CursedArmor"],"damage_healed":0,"gold_gain":0,"player_choice":"Card Removal","damage_taken":7,"max_hp_gain":0,"max_hp_loss":0,"event_name":"Golden Wing","floor":5,"gold_loss":0}],"is_beta":false,"boss_relics":[],"items_purged_floors":[],"is_endless":false,"potions_floor_spawned":[1,4,13,14],"killed_by":"Slime Boss","ascension_level":1}}