{"host":"gww6ffkzfofersck","time":1608774261,"event":{"mods":["Astrologer","BaseMod","ChefMod","Colored Powertips","Conspire","Downfall","Hermit","Highlight Path","Infinite Spire","Ironclad Rager","Minty Spire (QoL Compilation)","Potionbrewer","Quick Restart","Replay The Spire","Shop Mod","StSLib","The Blackbeard","The Necromancer","TheVacant","Wandering Minibosses"],"gold_per_floor":[111,111,124,137,148,148,173,173,173,173,186,54,89,89,89,194,194,205,205,217,217,217,217],"floor_reached":22,"playtime":1253,"items_purged":[],"score":194,"play_id":"e00e1edb-c3da-4254-a55a-fb7b5a075e4a","local_time":"20201223204421","is_ascension_mode":false,"campfire_choices":[{"data":"hermit:Maintenance","floor":6,"key":"SMITH"},{"data":"hermit:Brawl","floor":8,"key":"SMITH"},{"floor":10,"key":"REST"},{"floor":15,"key":"REST"}],"circlet_count":0,"master_deck":["hermit:Strike_Hermit+1","hermit:Strike_Hermit+1","hermit:Strike_Hermit+1","hermit:Strike_Hermit+1","hermit:Defend_Hermit+1","hermit:Defend_Hermit+1","hermit:Defend_Hermit+1","hermit:Defend_Hermit+1","hermit:Snapshot","hermit:Covet","hermit:SprayPray","hermit:Maintenance+1","hermit:Headshot","hermit:Ricochet","hermit:Brawl+1","hermit:Malice","hermit:Combo","hermit:Combo","hermit:PistolWhip","hermit:DeadOrAlive","Amnesia","Languid","infinitespire:Starlight","hermit:Snipe"],"relics":["hermit:Momento","War Paint","Meat on the Bone","Mirror","ReplayTheSpireMod:Lightbulb","Replay:Bronze Core"],"acts_visited":["Exordium","TheCity"],"potions_floor_usage":[18],"damage_taken":[{"damage":0,"enemies":"2 Louse","floor":1,"turns":2},{"damage":0,"enemies":"Cultist","floor":3,"turns":3},{"damage":4,"enemies":"Small Slimes","floor":4,"turns":6},{"damage":16,"enemies":"Exordium Wildlife","floor":5,"turns":3},{"damage":28,"enemies":"Lagavulin","floor":7,"turns":5},{"damage":4,"enemies":"Blue Slaver","floor":11,"turns":2},{"damage":28,"enemies":"Gremlin Nob","floor":13,"turns":4},{"damage":50,"enemies":"Fading Forest","floor":16,"turns":11},{"damage":73,"enemies":"3 Byrds","floor":18,"turns":11},{"damage":30,"enemies":"Shell Parasite","floor":20,"turns":5},{"damage":7,"enemies":"Snecko","floor":22,"turns":2}],"seed_played":"-1107766381454526942","potions_obtained":[{"floor":3,"key":"hermit:Tonic"},{"floor":4,"key":"Swift Potion"},{"floor":16,"key":"Milkshake"},{"floor":20,"key":"conspire:TimeTravelPotion"}],"is_trial":false,"path_per_floor":["M","?","M","M","M","R","E","R","T","R","M","$","E","?","R","B",null,"M","?","M","?","M"],"character_chosen":"HERMIT","items_purchased":["hermit:Combo","hermit:PistolWhip"],"campfire_rested":2,"item_purchase_floors":[12,12],"current_hp_per_floor":[75,75,75,71,55,55,27,27,27,49,45,45,29,29,51,33,75,24,24,16,2,0,0],"gold":217,"neow_bonus":"RANDOM_COMMON_RELIC","is_daily":false,"chose_seed":false,"campfire_upgraded":2,"win_rate":0.0,"timestamp":1608774261,"path_taken":["M","?","M","M","M","R","E","R","T","R","?","$","E","?","R","BOSS","M","?","M","?","M"],"items_purchased_type":["Card","Card"],"build_version":"2020-12-22","purchased_purges":0,"victory":false,"max_hp_per_floor":[75,75,75,75,75,75,75,75,75,75,75,75,75,75,75,75,75,75,75,75,80,80,80],"card_choices":[{"not_picked":["hermit:Desperado","hermit:BodyArmor"],"picked":"hermit:SprayPray","floor":1},{"not_picked":["hermit:Cheat","hermit:HoleUp"],"picked":"hermit:Maintenance","floor":3},{"not_picked":["hermit:FlashPowder","hermit:Quickdraw"],"picked":"hermit:Headshot","floor":4},{"not_picked":["hermit:Desperado","hermit:Glare"],"picked":"hermit:Ricochet","floor":5},{"not_picked":["hermit:DeadMansHand","hermit:Glare"],"picked":"hermit:Brawl","floor":7},{"not_picked":["hermit:SprayPray","hermit:EyeOfTheStorm"],"picked":"hermit:Malice","floor":11},{"not_picked":["hermit:LowProfile","hermit:HoleUp"],"picked":"hermit:DeadOrAlive","floor":13},{"not_picked":["infinitespire:SealOfDarkness+","infinitespire:Collect"],"picked":"infinitespire:Starlight","floor":14},{"not_picked":["hermit:Desperado","hermit:Manifest","hermit:LowProfile"],"picked":"SKIP","floor":18},{"not_picked":["hermit:Coalescence","hermit:CalledShot+1"],"picked":"hermit:Snipe","floor":20}],"player_experience":201435,"relics_obtained":[{"floor":7,"key":"Meat on the Bone"},{"floor":9,"key":"Mirror"},{"floor":13,"key":"ReplayTheSpireMod:Lightbulb"}],"event_choices":[{"damage_healed":0,"gold_gain":0,"player_choice":"Ignored","damage_taken":0,"max_hp_gain":0,"max_hp_loss":0,"event_name":"NoteForYourself","floor":2,"gold_loss":0},{"damage_healed":0,"gold_gain":0,"player_choice":"Simplicity","damage_taken":0,"max_hp_gain":0,"max_hp_loss":0,"event_name":"Back to Basics","floor":19,"gold_loss":0,"cards_upgraded":["hermit:Strike_Hermit","hermit:Strike_Hermit","hermit:Strike_Hermit","hermit:Strike_Hermit","hermit:Defend_Hermit","hermit:Defend_Hermit"]},{"damage_healed":0,"gold_gain":0,"player_choice":"Shed Blood","damage_taken":19,"max_hp_gain":5,"max_hp_loss":0,"event_name":"Forgotten Altar","floor":21,"gold_loss":0}],"is_beta":false,"boss_relics":[{"not_picked":["conspire:SeveredTorchhead","SacredBark"],"picked":"Replay:Bronze Core"}],"items_purged_floors":[],"is_endless":false,"potions_floor_spawned":[3,4,16,20],"killed_by":"Snecko","ascension_level":0}}