{"host":"6s2g4ctvxbrgoc4e","time":1608793805,"event":{"mods":["BaseMod","Minty Spire (QoL Compilation)"],"gold_per_floor":[18,35,35,55,69,98,23,23,46,46,66,78,78,98,98,196,196,210,210,229,241,241,241,253,114,114,125,56,56,70,104,104,199,199,209,209,84,104,104,135,135,167,167,167,85,85,85,111,111,111],"floor_reached":51,"playtime":3159,"items_purged":["Strike_B","Defend_B","Defend_B"],"score":792,"play_id":"97635992-bae1-41dc-966c-1e16752c0e8e","local_time":"20201224081005","is_ascension_mode":true,"campfire_choices":[{"data":"Defragment","floor":10,"key":"SMITH"},{"data":"Static Discharge","floor":13,"key":"SMITH"},{"data":"Electrodynamics","floor":15,"key":"SMITH"},{"data":"Buffer","floor":23,"key":"SMITH"},{"data":"Static Discharge","floor":29,"key":"SMITH"},{"data":"Chaos","floor":32,"key":"SMITH"},{"floor":41,"key":"REST"},{"floor":47,"key":"REST"},{"data":"Storm","floor":49,"key":"SMITH"}],"circlet_count":0,"master_deck":["Defend_B+1","Defend_B","Zap+1","Dualcast","Electrodynamics+1","Defragment+1","Beam Cell","Heatsinks","Conserve Battery","Static Discharge+1","Steam","Echo Form","FTL+1","Chill","Buffer+1","Loop","Rip and Tear","BootSequence","Chaos+1","Capacitor","Static Discharge+1","Force Field","Machine Learning","Electrodynamics","Storm+1","Leap","Dramatic Entrance","Compile Driver+1"],"relics":["Cracked Core","MealTicket","Ancient Tea Set","War Paint","Nuclear Battery","Mango","Tiny Chest","Busted Crown","Pen Nib","Dream Catcher","Mummified Hand","Sundial","White Beast Statue","Letter Opener"],"acts_visited":["TheCity","TheBeyond"],"potions_floor_usage":[6,24,50,50,50],"damage_taken":[{"damage":6,"enemies":"Jaw Worm","floor":1,"turns":3},{"damage":1,"enemies":"Cultist","floor":2,"turns":3},{"damage":4,"enemies":"Small Slimes","floor":4,"turns":3},{"damage":8,"enemies":"Gremlin Gang","floor":5,"turns":2},{"damage":9,"enemies":"3 Sentries","floor":6,"turns":4},{"damage":20,"enemies":"Exordium Thugs","floor":11,"turns":3},{"damage":13,"enemies":"Lots of Slimes","floor":12,"turns":2},{"damage":4,"enemies":"2 Fungi Beasts","floor":14,"turns":3},{"damage":22,"enemies":"Hexaghost","floor":16,"turns":7},{"damage":2,"enemies":"Spheric Guardian","floor":18,"turns":3},{"damage":0,"enemies":"Chosen","floor":20,"turns":4},{"damage":14,"enemies":"Sentry and Sphere","floor":21,"turns":3},{"damage":0,"enemies":"Snake Plant","floor":24,"turns":4},{"damage":7,"enemies":"Centurion and Healer","floor":27,"turns":4},{"damage":12,"enemies":"Shelled Parasite and Fungi","floor":30,"turns":3},{"damage":8,"enemies":"Gremlin Leader","floor":31,"turns":6},{"damage":41,"enemies":"Automaton","floor":33,"turns":9},{"damage":5,"enemies":"3 Darklings","floor":35,"turns":2},{"damage":0,"enemies":"Orb Walker","floor":38,"turns":4},{"damage":41,"enemies":"Reptomancer","floor":40,"turns":5},{"damage":45,"enemies":"Nemesis","floor":42,"turns":11},{"damage":0,"enemies":"Giant Head","floor":48,"turns":7},{"damage":40,"enemies":"Time Eater","floor":50,"turns":11}],"seed_played":"8914981558122205067","potions_obtained":[{"floor":1,"key":"EssenceOfDarkness"},{"floor":5,"key":"PowerPotion"},{"floor":11,"key":"Strength Potion"},{"floor":14,"key":"BlessingOfTheForge"},{"floor":20,"key":"EssenceOfSteel"},{"floor":21,"key":"Swift Potion"},{"floor":30,"key":"SteroidPotion"},{"floor":31,"key":"Energy Potion"},{"floor":33,"key":"Regen Potion"},{"floor":35,"key":"EssenceOfSteel"},{"floor":36,"key":"SmokeBomb"},{"floor":48,"key":"ColorlessPotion"}],"is_trial":false,"path_per_floor":["M","M","?","M","M","E","$","$","T","R","M","M","R","M","R","B",null,"M","?","M","M","?","R","M","$","T","M","$","R","M","E","R","B",null,"M","?","$","M","T","E","R","E","T","T","$","?","R","E","R","B",null],"character_chosen":"DEFECT","items_purchased":["Chaos","Static Discharge","Storm","Leap"],"campfire_rested":2,"item_purchase_floors":[25,28,45,45],"current_hp_per_floor":[69,68,68,64,56,47,62,75,75,75,55,42,42,38,38,16,75,73,73,73,59,59,59,59,74,88,81,89,89,77,69,69,28,89,84,84,89,89,89,48,74,29,29,29,44,44,70,70,70,45],"gold":111,"neow_bonus":"THREE_RARE_CARDS","is_daily":false,"chose_seed":false,"campfire_upgraded":7,"win_rate":0.0,"timestamp":1608793805,"path_taken":["M","M","?","?","M","E","?","$","T","R","M","M","R","M","R","BOSS","M","?","M","?","?","R","M","$","T","M","$","R","M","E","R","BOSS","M","?","$","?","?","E","R","E","T","?","$","?","R","E","R","BOSS"],"items_purchased_type":["Card","Card","Card","Card"],"build_version":"2020-12-22","purchased_purges":3,"victory":true,"max_hp_per_floor":[75,75,75,75,75,75,75,75,75,75,75,75,75,75,75,75,75,75,75,75,75,75,75,75,75,89,89,89,89,89,89,89,89,89,89,89,89,89,89,89,89,89,89,89,89,89,89,89,89,89],"card_choices":[{"not_picked":["All For One","Reboot"],"picked":"Electrodynamics","floor":0},{"not_picked":["Blizzard","Leap","Redo"],"picked":"SKIP","floor":1},{"not_picked":["Cold Snap","Stack"],"picked":"Defragment","floor":2},{"not_picked":["Ball Lightning","Meteor Strike"],"picked":"Beam Cell","floor":4},{"not_picked":["Redo","Compile Driver"],"picked":"Heatsinks","floor":5},{"not_picked":["Melter","Coolheaded","Streamline"],"picked":"SKIP","floor":6},{"not_picked":["Aggregate","Coolheaded"],"picked":"Conserve Battery","floor":11},{"not_picked":["Gash","Beam Cell"],"picked":"Static Discharge","floor":12},{"not_picked":["Turbo","Hello World"],"picked":"Steam","floor":14},{"not_picked":["Seek","Multi-Cast"],"picked":"Echo Form","floor":16},{"not_picked":["Force Field+1","Steam"],"picked":"FTL+1","floor":18},{"not_picked":["Redo","Gash"],"picked":"Chill","floor":20},{"not_picked":["Gash","Aggregate"],"picked":"Buffer","floor":21},{"not_picked":["Redo","Stack"],"picked":"BootSequence","floor":24},{"not_picked":["Cold Snap","Steam"],"picked":"Capacitor","floor":27},{"not_picked":["Compile Driver","Auto Shields+1"],"picked":"Force Field","floor":30},{"not_picked":["Consume","Conserve Battery"],"picked":"Machine Learning","floor":31},{"not_picked":["Fission","Rainbow"],"picked":"Electrodynamics","floor":33},{"not_picked":["Turbo"],"picked":"SKIP","floor":35},{"not_picked":["Go for the Eyes"],"picked":"SKIP","floor":38},{"not_picked":["Scrape"],"picked":"SKIP","floor":40},{"not_picked":["Cold Snap+1"],"picked":"SKIP","floor":42},{"not_picked":[],"picked":"Dramatic Entrance","floor":46},{"not_picked":[],"picked":"Compile Driver+1","floor":48}],"player_experience":26092,"relics_obtained":[{"floor":6,"key":"Ancient Tea Set"},{"floor":9,"key":"War Paint"},{"floor":26,"key":"Mango"},{"floor":31,"key":"Tiny Chest"},{"floor":39,"key":"Pen Nib"},{"floor":40,"key":"Dream Catcher"},{"floor":42,"key":"Mummified Hand"},{"floor":43,"key":"Sundial"},{"floor":44,"key":"White Beast Statue"},{"floor":48,"key":"Letter Opener"}],"event_choices":[{"damage_healed":0,"gold_gain":0,"player_choice":"Gave Potion","damage_taken":0,"relics_obtained":["MealTicket"],"max_hp_gain":0,"max_hp_loss":0,"event_name":"WeMeetAgain","floor":3,"gold_loss":0},{"cards_removed":["Strike_B"],"damage_healed":0,"gold_gain":0,"player_choice":"Offered Basic","damage_taken":0,"max_hp_gain":0,"max_hp_loss":0,"event_name":"Bonfire Elementals","floor":19,"gold_loss":0},{"damage_healed":0,"gold_gain":0,"cards_transformed":["Strike_B","Strike_B"],"player_choice":"Became Test Subject","damage_taken":0,"max_hp_gain":0,"max_hp_loss":0,"event_name":"Drug Dealer","floor":22,"gold_loss":0,"cards_obtained":["Loop","Rip and Tear"]},{"damage_healed":0,"gold_gain":0,"player_choice":"Got Potions","damage_taken":0,"max_hp_gain":0,"max_hp_loss":0,"event_name":"Lab","floor":36,"gold_loss":0},{"damage_healed":0,"gold_gain":0,"player_choice":"Memory 1","damage_taken":0,"max_hp_gain":0,"max_hp_loss":0,"event_name":"SensoryStone","floor":46,"gold_loss":0}],"is_beta":false,"boss_relics":[{"not_picked":["Ectoplasm","Velvet Choker"],"picked":"Nuclear Battery"},{"not_picked":["FrozenCore","Coffee Dripper"],"picked":"Busted Crown"}],"items_purged_floors":[7,25,37],"is_endless":false,"potions_floor_spawned":[1,5,11,14,20,21,30,31,33,35,42,48],"ascension_level":1}}