{"host":"dazi714svy9she3p","time":1608803188,"event":{"mods":["AchievementEnabler","Act Like it!","BaseMod","Better Skull","CapriCore","CatGirl Mod","Colored Map","Downfall","Friendly Minions","GifTheSpireLib","Highlight Path","Hubris","Infinite Spire","Jorbs\u0027s Wanderer Trilogy","Koishi","Lobotomy","LobotomyExtend","Mad Scientist","Minty Spire (QoL Compilation)","Random Character Button","Rare Cards Sparkle","Relic Sorter","RemiliaÅiÂQïƒ‰ª?Åj","Replay The Spire","StSLib","The Animator","The Blackbeard","The Bladedancer","The Construct","The Cursed","The Druid","The Forsaken","The Gatherer","The Immortal","The Juggle","The Marked","The Mystic","The Wild Card"],"gold_per_floor":[114,114,127,137,149,149,149,162,189,203,203,158,158,173,173,173,173],"floor_reached":16,"playtime":4565,"items_purged":[],"score":94,"play_id":"8fded156-db44-43af-a462-82d86e497ab9","local_time":"20201224014628","is_ascension_mode":false,"campfire_choices":[{"floor":6,"key":"RECALL"},{"floor":11,"key":"REST"}],"circlet_count":0,"master_deck":["Strike_R","Strike_R","Strike_R","Strike_R","Strike_R","Defend_R","Defend_R","Defend_R","Defend_R","Bash","Pommel Strike+1","Replay:Undeath\u0027s Touch","QueenBee","Armaments","Wellcheers","Run Through","CherryBlossoms","Thunderclap","ShyLook","Anger","Alriune","Flex","MHz","Cleave","FairyFestival","infinitespire:DeathsTouch"],"relics":["Burning Blood","CogitoBucket","LetterFromLob","AspirationHeart"],"acts_visited":["Exordium"],"potions_floor_usage":[16,16],"damage_taken":[{"damage":6,"enemies":"2 Louse","floor":1,"turns":3},{"damage":0,"enemies":"Small Slimes","floor":3,"turns":3},{"damage":0,"enemies":"Cultist","floor":4,"turns":2},{"damage":26,"enemies":"Large Slime","floor":5,"turns":5},{"damage":14,"enemies":"2 Fungi Beasts","floor":8,"turns":3},{"damage":37,"enemies":"Lots of Slimes","floor":10,"turns":4},{"damage":22,"enemies":"Looter","floor":12,"turns":6},{"damage":0,"enemies":"Gremlin Gang","floor":14,"turns":1},{"damage":37,"enemies":"The Guardian","floor":16,"turns":7}],"seed_played":"-2268377537898980034","potions_obtained":[{"floor":4,"key":"sneckomod:MuddlingPotion"},{"floor":7,"key":"Block Potion"},{"floor":7,"key":"ColorlessPotion"},{"floor":7,"key":"Milkshake"},{"floor":8,"key":"Cursed Concoction"}],"is_trial":false,"path_per_floor":["M","?","M","M","M","R","?","M","T","M","R","M","$","M","R_BF","B"],"character_chosen":"IRONCLAD","items_purchased":[],"campfire_rested":1,"item_purchase_floors":[],"current_hp_per_floor":[80,80,80,80,75,75,75,73,73,58,85,45,45,45,34,0,0],"gold":173,"neow_bonus":"","is_daily":false,"chose_seed":false,"campfire_upgraded":0,"win_rate":0.0,"timestamp":1608803188,"path_taken":["M","?","M","M","M","R","?","?","T","M","R","M","$","M","R_BF","BOSS"],"items_purchased_type":[],"build_version":"2020-12-22","purchased_purges":0,"victory":false,"max_hp_per_floor":[80,80,80,80,80,80,80,80,80,90,90,45,45,45,45,45,45],"card_choices":[{"not_picked":["ReplayTheSpireMod:Strike From Hell","ReplayTheSpireMod:LeadingStrike"],"picked":"Pommel Strike","floor":1},{"not_picked":["SpiderBud","Funeral"],"picked":"QueenOfHatred","floor":1},{"not_picked":["Pommel Strike","Body Slam"],"picked":"Replay:Undeath\u0027s Touch","floor":3},{"not_picked":["Bloodbath","MeatLantern"],"picked":"QueenBee","floor":3},{"not_picked":["Shrug It Off","Entrench"],"picked":"Armaments","floor":4},{"not_picked":["Scorched","BeautyBeast"],"picked":"Wellcheers","floor":4},{"not_picked":["Clothesline","Replay:Undeath\u0027s Touch"],"picked":"Run Through","floor":5},{"not_picked":["OSAHOGD","SpiderBud"],"picked":"CherryBlossoms","floor":5},{"not_picked":["ReplayTheSpireMod:Muscle Training","Clothesline"],"picked":"Thunderclap","floor":8},{"not_picked":["DreamingCurrent","LittlePrince"],"picked":"ShyLook","floor":8},{"not_picked":["Entrench","Iron Wave"],"picked":"Anger","floor":10},{"not_picked":["SnowQueen","Woodsman"],"picked":"Alriune","floor":10},{"not_picked":["Abandon","Reckless Charge"],"picked":"Flex","floor":12},{"not_picked":["LaLuna","OldLady"],"picked":"MHz","floor":12},{"not_picked":["Headbutt","Ghostly Armor"],"picked":"Cleave","floor":14},{"not_picked":["WallGazer","Bloodbath"],"picked":"FairyFestival","floor":14},{"not_picked":["ReplayTheSpireMod:Echoes of Time","infinitespire:FutureSight"],"picked":"infinitespire:DeathsTouch","floor":15}],"player_experience":2812,"relics_obtained":[{"floor":1,"key":"LetterFromLob"}],"event_choices":[{"damage_healed":0,"gold_gain":0,"player_choice":"Grow","damage_taken":0,"max_hp_gain":0,"max_hp_loss":0,"event_name":"Living Wall","floor":2,"gold_loss":0,"cards_upgraded":["Pommel Strike"]},{"damage_healed":0,"gold_gain":0,"player_choice":"Got Potions","damage_taken":0,"max_hp_gain":0,"max_hp_loss":0,"event_name":"Lab","floor":7,"gold_loss":0}],"is_beta":false,"boss_relics":[],"items_purged_floors":[],"is_endless":false,"potions_floor_spawned":[4,8,14],"killed_by":"The Guardian","ascension_level":0}}