{"host":"17j25xn3vk5d1e3v","time":1608775007,"event":{"mods":["AchievementEnabler","Act Like it!","BaseMod","GifTheSpireLib","Hermit","HexUI Lib","Hubris","Minty Spire (QoL Compilation)","Replay The Spire","StSLib"],"gold_per_floor":[218,218,230,230,134,159,175,203,257,285,285,301,301,312,312,413,413,424,200,200,475,486,517,439,451,520,533,26,26,26,37,37,134,134,152,170,49,49,63,94,144,144,144,156,171,95,111,45,45,45],"floor_reached":51,"playtime":2267,"items_purged":["Strike_R","Regret","Decay"],"score":1028,"play_id":"c9584675-1b10-45ed-ab0a-5f0548e87d27","local_time":"20201224025647","is_ascension_mode":true,"campfire_choices":[{"data":"Armaments","floor":13,"key":"SMITH"},{"data":"Searing Blow","floor":15,"key":"SMITH"},{"floor":30,"key":"REST"},{"floor":32,"key":"REST"},{"data":"Life Link","floor":42,"key":"SMITH"},{"floor":49,"key":"REST"}],"circlet_count":0,"master_deck":["Defend_R+1","Defend_R","Defend_R","Defend_R+2","Bash","Combust+1","Armaments+1","Armaments+1","Fire Breathing","Impervious","Whirlwind","Blood for Blood","Spot Weakness","Searing Blow+1","Reaper","Bludgeon+1","Brutality+1","Body Slam+1","Entrench","Life Link+1","Shrug It Off+1","Intimidate","Exhume","Rupture+1","Rupture+1","Pommel Strike","Bludgeon","Rupture","Seeing Red","Pommel Strike+1"],"relics":["Burning Blood","The Courier","hubris:SphereOfDissonance","Akabeko","Replay:Wax Seal","War Paint","Astrolabe","Membership Card","Bronze Scales","hubris:Reverence","Sundial","hubris:ChampionShield","InkBottle","Toy Ornithopter","Ornamental Fan","Magic Flower","Ring of Chaos","Lantern","Simple Rune","Regal Pillow","hubris:MedicalManual","Replay:Accelerometer","hubris:TenFootPole","Bottled Lightning","hubris:BundleOfHerbs"],"acts_visited":["Exordium","TheCity","TheBeyond"],"potions_floor_usage":[6,10,16,23,27,27,44,47,50,50],"damage_taken":[{"damage":0,"enemies":"Small Slimes","floor":1,"turns":3},{"damage":12,"enemies":"Jaw Worm","floor":3,"turns":4},{"damage":13,"enemies":"3 Sentries","floor":6,"turns":5},{"damage":0,"enemies":"Cultist","floor":7,"turns":3},{"damage":7,"enemies":"Replay:BlueRogue","floor":8,"turns":8},{"damage":18,"enemies":"3 Sentries","floor":10,"turns":3},{"damage":2,"enemies":"Blue Slaver","floor":12,"turns":2},{"damage":2,"enemies":"Looter","floor":14,"turns":3},{"damage":19,"enemies":"The Guardian","floor":16,"turns":9},{"damage":15,"enemies":"Chosen","floor":18,"turns":4},{"damage":20,"enemies":"Shell Parasite","floor":22,"turns":2},{"damage":38,"enemies":"Slavers","floor":23,"turns":4},{"damage":36,"enemies":"Sentry and Sphere","floor":25,"turns":6},{"damage":9,"enemies":"Chosen and Byrds","floor":27,"turns":3},{"damage":0,"enemies":"Snake Plant","floor":31,"turns":1},{"damage":70,"enemies":"hubris:MusketHawk","floor":33,"turns":7},{"damage":29,"enemies":"3 Shapes","floor":35,"turns":4},{"damage":12,"enemies":"Orb Walker","floor":36,"turns":2},{"damage":54,"enemies":"Maw","floor":39,"turns":8},{"damage":81,"enemies":"Giant Head","floor":40,"turns":7},{"damage":9,"enemies":"Mind Bloom Boss Battle","floor":41,"turns":5},{"damage":56,"enemies":"Sphere and 2 Shapes","floor":44,"turns":5},{"damage":26,"enemies":"Jaw Worm Horde","floor":45,"turns":5},{"damage":64,"enemies":"3 Darklings","floor":47,"turns":6},{"damage":50,"enemies":"Nemesis","floor":48,"turns":6},{"damage":132,"enemies":"hubris:GrandSnecko","floor":50,"turns":8}],"seed_played":"5290996170042779983","potions_obtained":[{"floor":1,"key":"Fire Potion"},{"floor":6,"key":"PowerPotion"},{"floor":10,"key":"Weak Potion"},{"floor":22,"key":"HeartOfIron"},{"floor":23,"key":"FearPotion"},{"floor":25,"key":"Elixir"},{"floor":36,"key":"SteroidPotion"},{"floor":41,"key":"GamblersBrew"},{"floor":44,"key":"Weak Potion"},{"floor":47,"key":"ElixirPotion"},{"floor":48,"key":"PowerPotion"}],"is_trial":false,"path_per_floor":["M","?","M","T","$","E","M","E","T","E","?","M","R","M","R","B",null,"M","$","?","?","M","E","$","M","T","M","$","?","R","M","R","B",null,"M","M","$","?","M","E","?","R","T","M","M","$","M","E","R","B",null],"character_chosen":"IRONCLAD","items_purchased":["Armaments","Fire Breathing","Membership Card","Bronze Scales","Life Link","hubris:ChampionShield","InkBottle","Toy Ornithopter","Ornamental Fan","Magic Flower","Lantern","Simple Rune","Seeing Red","hubris:TenFootPole","Bottled Lightning"],"campfire_rested":3,"item_purchase_floors":[5,5,19,19,24,28,28,28,28,28,37,37,46,46,46],"current_hp_per_floor":[80,80,74,74,74,67,73,72,72,60,60,64,64,68,68,55,74,75,75,75,75,61,41,41,11,11,8,8,8,32,41,65,19,65,80,77,77,77,56,35,55,55,55,37,28,28,69,28,67,29],"gold":45,"neow_bonus":"HUNDRED_GOLD","is_daily":false,"chose_seed":false,"campfire_upgraded":3,"win_rate":0.0,"timestamp":1608775007,"path_taken":["M","?","M","?","$","E","M","E","T","E","?","M","R","M","R","BOSS","M","?","?","?","M","E","$","M","T","?","$","?","R","M","R","BOSS","M","M","$","?","?","E","?","R","T","M","M","$","M","E","R","BOSS"],"items_purchased_type":["Card","Card","Relic","Relic","Card","Relic","Relic","Relic","Relic","Relic","Relic","Relic","Card","Relic","Relic"],"build_version":"2020-12-22","purchased_purges":3,"victory":true,"max_hp_per_floor":[80,80,80,80,80,80,80,80,80,80,80,80,80,80,80,80,80,80,80,80,80,80,80,80,80,80,80,80,80,80,80,80,80,80,80,80,80,80,80,80,80,80,80,80,80,80,80,80,80,80],"card_choices":[{"not_picked":["Searing Blow","Body Slam"],"picked":"Combust","floor":1},{"not_picked":["Spot Weakness","Reckless Charge"],"picked":"Armaments","floor":3},{"not_picked":["Thunderclap","Headbutt"],"picked":"Impervious","floor":6},{"not_picked":["Headbutt","Dark Embrace","Power Through"],"picked":"SKIP","floor":7},{"not_picked":["Armaments","Havoc"],"picked":"Whirlwind","floor":8},{"not_picked":["Replay:Undeath\u0027s Touch","Cleave"],"picked":"Blood for Blood","floor":10},{"not_picked":["Wild Strike","Feel No Pain"],"picked":"Spot Weakness","floor":12},{"not_picked":["Defy Death","Sword Boomerang"],"picked":"Searing Blow","floor":14},{"not_picked":["Corruption","Fiend Fire"],"picked":"Reaper","floor":16},{"not_picked":["Clothesline","Power Through+1"],"picked":"Entrench","floor":18},{"not_picked":["Hemokinesis+1","Sever Soul","Abandon+1"],"picked":"SKIP","floor":22},{"not_picked":["Sword Boomerang","Corruption","Headbutt+1"],"picked":"SKIP","floor":23},{"not_picked":["Pummel","Whirlwind","Entrench"],"picked":"SKIP","floor":25},{"not_picked":["Clash","Sword Boomerang+1"],"picked":"Shrug It Off+1","floor":27},{"not_picked":["Rampage","Dark Embrace"],"picked":"Intimidate","floor":31},{"not_picked":["Feed","Bludgeon"],"picked":"Exhume","floor":33},{"not_picked":["Perfected Strike","Clothesline"],"picked":"Rupture+1","floor":35},{"not_picked":["Second Wind+1","Searing Blow+1","Headbutt"],"picked":"SKIP","floor":36},{"not_picked":["Clothesline+1","Body Slam+1","Perfected Strike"],"picked":"SKIP","floor":39},{"not_picked":["Whirlwind+1","Power Through+1"],"picked":"Pommel Strike","floor":40},{"not_picked":["Rage","Thunderclap+1"],"picked":"Bludgeon","floor":44},{"not_picked":["Havoc","Heavy Blade+1"],"picked":"Rupture","floor":45},{"not_picked":["ReplayTheSpireMod:Corrosion Curse+1","Dropkick+1"],"picked":"Pommel Strike+1","floor":47},{"not_picked":["Sword Boomerang+1","Offering","Rage"],"picked":"SKIP","floor":48}],"player_experience":200007,"relics_obtained":[{"floor":4,"key":"The Courier"},{"floor":6,"key":"hubris:SphereOfDissonance"},{"floor":8,"key":"Akabeko"},{"floor":10,"key":"Replay:Wax Seal"},{"floor":11,"key":"War Paint"},{"floor":23,"key":"hubris:Reverence"},{"floor":26,"key":"Sundial"},{"floor":40,"key":"Regal Pillow"},{"floor":41,"key":"hubris:MedicalManual"},{"floor":43,"key":"Replay:Accelerometer"},{"floor":48,"key":"hubris:BundleOfHerbs"}],"event_choices":[{"damage_healed":0,"gold_gain":0,"player_choice":"Relic","damage_taken":0,"max_hp_gain":0,"max_hp_loss":0,"event_name":"Wheel of Change","floor":11,"gold_loss":0},{"damage_healed":0,"gold_gain":0,"player_choice":"Smashed Altar","damage_taken":0,"max_hp_gain":0,"max_hp_loss":0,"event_name":"Forgotten Altar","floor":20,"gold_loss":0,"cards_obtained":["Decay"]},{"damage_healed":0,"gold_gain":275,"player_choice":"Desecrate","damage_taken":0,"max_hp_gain":0,"max_hp_loss":0,"event_name":"Golden Shrine","floor":21,"gold_loss":0,"cards_obtained":["Regret"]},{"cards_removed":["Strike_R"],"damage_healed":0,"gold_gain":0,"player_choice":"Elegance","damage_taken":0,"max_hp_gain":0,"max_hp_loss":0,"event_name":"Back to Basics","floor":29,"gold_loss":0},{"damage_healed":0,"gold_gain":0,"player_choice":"Copied","damage_taken":0,"max_hp_gain":0,"max_hp_loss":0,"event_name":"Duplicator","floor":38,"gold_loss":0,"cards_obtained":["Rupture"]},{"damage_healed":0,"gold_gain":0,"player_choice":"Fight","damage_taken":0,"max_hp_gain":0,"max_hp_loss":0,"event_name":"MindBloom","floor":41,"gold_loss":0}],"is_beta":false,"boss_relics":[{"not_picked":["Sozu","Replay:Ancient Bell"],"picked":"Astrolabe"},{"not_picked":["ReplayTheSpireMod:DimensionalGlitch","hubris:TerracottaHorce"],"picked":"Ring of Chaos"}],"items_purged_floors":[19,24,28],"is_endless":false,"potions_floor_spawned":[1,6,10,22,23,25,36,41,44,47,48],"ascension_level":5}}