{"host":"konjmgczbcns2r3g","time":1608776584,"event":{"mods":["AchievementEnabler","BaseMod","Colored Powertips","Hermit","Infinite Spire","Minty Spire (QoL Compilation)","Replay The Spire","StSLib","The Cursed","The Necromancer","The Servant 0.9.4"],"gold_per_floor":[215,215,230,244,244,244,262,277,328,13,13,26,46,61,61,161,161,180,194,194,194,194,194],"floor_reached":22,"playtime":1183,"items_purged":[],"score":180,"play_id":"d3627195-311a-4fae-a6e0-e9e5ec5f8a9b","local_time":"20201223212304","is_ascension_mode":false,"campfire_choices":[{"data":"Dualcast","floor":6,"key":"SMITH"},{"data":"Creative AI","floor":11,"key":"SMITH"},{"floor":15,"key":"REST"}],"circlet_count":0,"master_deck":["Strike_B","Strike_B","Strike_B","Strike_B","Defend_B","Defend_B","Defend_B","Defend_B","Zap","Dualcast+1","Barrage+1","Sweeping Beam","Ball Lightning+1","Loop","Barrage","Replay:Parry","Creative AI+1","Hologram","Static Discharge","Cold Snap","Electrodynamics+1","Steam","Hologram+1","Decay"],"relics":["Cracked Core","Tiny Chest","Toolbox","SlaversCollar"],"acts_visited":["Exordium","TheCity"],"potions_floor_usage":[12,16,16,19,19,19,22],"damage_taken":[{"damage":0,"enemies":"Small Slimes","floor":1,"turns":2},{"damage":0,"enemies":"Cultist","floor":3,"turns":3},{"damage":7,"enemies":"Jaw Worm","floor":4,"turns":4},{"damage":6,"enemies":"Red Slaver","floor":7,"turns":3},{"damage":0,"enemies":"Large Slime","floor":8,"turns":3},{"damage":5,"enemies":"Looter","floor":12,"turns":2},{"damage":18,"enemies":"3 Louse","floor":13,"turns":3},{"damage":7,"enemies":"Blue Slaver","floor":14,"turns":2},{"damage":35,"enemies":"The Guardian","floor":16,"turns":7},{"damage":42,"enemies":"3 Byrds","floor":18,"turns":4},{"damage":26,"enemies":"Shell Parasite","floor":19,"turns":4},{"damage":10,"enemies":"Cultist and Chosen","floor":22,"turns":1}],"seed_played":"5094133493369330046","potions_obtained":[{"floor":1,"key":"Elixir"},{"floor":4,"key":"AttackPotion"},{"floor":7,"key":"Swift Potion"},{"floor":13,"key":"DistilledChaos"}],"is_trial":false,"path_per_floor":["M","?","M","M","?","R","M","M","T","$","R","M","M","M","R","B",null,"M","M","?","?","M"],"character_chosen":"DEFECT","items_purchased":["Toolbox","Replay:Parry","Creative AI"],"campfire_rested":1,"item_purchase_floors":[10,10,10],"current_hp_per_floor":[75,75,75,68,68,68,62,62,62,62,62,57,39,32,54,19,75,33,7,7,7,0,0],"gold":194,"neow_bonus":"HUNDRED_GOLD","is_daily":false,"chose_seed":false,"campfire_upgraded":2,"win_rate":0.0,"timestamp":1608776584,"path_taken":["M","?","M","M","?","R","M","?","T","$","R","M","M","M","R","BOSS","M","M","?","?","M"],"items_purchased_type":["Relic","Card","Card"],"build_version":"2020-12-22","purchased_purges":0,"victory":false,"max_hp_per_floor":[75,75,75,75,75,75,75,75,75,75,75,75,75,75,75,75,75,75,75,75,75,75,75],"card_choices":[{"not_picked":["Compile Driver","Conserve Battery"],"picked":"Gash","floor":1},{"not_picked":["Cold Snap","Hello World"],"picked":"Sweeping Beam","floor":3},{"not_picked":["FTL","Steam Power"],"picked":"Ball Lightning","floor":4},{"not_picked":["Stack","ReplayTheSpireMod:Reroute Power"],"picked":"Loop","floor":7},{"not_picked":["Hologram","Loop"],"picked":"Barrage","floor":8},{"not_picked":["Compile Driver","Steam Power"],"picked":"Hologram","floor":12},{"not_picked":["Rebound","Go for the Eyes"],"picked":"Static Discharge","floor":13},{"not_picked":["Consume","Hologram"],"picked":"Cold Snap","floor":14},{"not_picked":["Core Surge","Thunder Strike"],"picked":"Electrodynamics","floor":16},{"not_picked":["ReplayTheSpireMod:GoodbyeWorld","BasicCrystalCard"],"picked":"Steam","floor":18},{"not_picked":["Chill","Ball Lightning"],"picked":"Hologram+1","floor":19}],"player_experience":278169,"relics_obtained":[{"floor":9,"key":"Tiny Chest"}],"event_choices":[{"damage_healed":0,"gold_gain":0,"player_choice":"Upgraded","damage_taken":0,"max_hp_gain":0,"max_hp_loss":0,"event_name":"Upgrade Shrine","floor":5,"gold_loss":0,"cards_upgraded":["Ball Lightning"]},{"damage_healed":0,"gold_gain":0,"player_choice":"Smashed Altar","damage_taken":0,"max_hp_gain":0,"max_hp_loss":0,"event_name":"Forgotten Altar","floor":20,"gold_loss":0,"cards_obtained":["Decay"]},{"damage_healed":0,"gold_gain":0,"player_choice":"Forge","damage_taken":0,"max_hp_gain":0,"max_hp_loss":0,"event_name":"Accursed Blacksmith","floor":21,"gold_loss":0,"cards_upgraded":["Electrodynamics"]}],"is_beta":false,"boss_relics":[{"not_picked":["Empty Cage","Astrolabe"],"picked":"SlaversCollar"}],"items_purged_floors":[],"is_endless":false,"potions_floor_spawned":[1,4,7,8,13],"killed_by":"Cultist and Chosen","ascension_level":0}}