{"host":"y89x8uui45kcjy42","time":1608785204,"event":{"mods":["2.2 Compatiblity","BaseMod","CapriCore","Colored Map","Colored Powertips","Custom Start","Friendly Minions","Highlight Path","Keyboard Shortcuts","Minty Spire (QoL Compilation)","Relic Stats","Slay the Relics Exporter","StSLib","SuperFastMode","Waifu the Spire"],"gold_per_floor":[113,113,130,130,130,130,205,238,238,238,188,188,206,216,216,320,320,337,337,353,353,353,385,385,403,403,416,491,525,540,565,565,664,664,684,734,747,747,763,788,788,820,820,833,757,785,377,424,424,424],"floor_reached":51,"playtime":1165,"items_purged":[],"score":1216,"play_id":"299e5760-34d7-4999-a9b3-2763a4858752","local_time":"20201224134644","is_ascension_mode":false,"campfire_choices":[{"data":"Beam Cell","floor":6.0,"key":"SMITH"},{"data":"Accuracy","floor":10.0,"key":"SMITH"},{"data":"Accuracy","floor":12.0,"key":"SMITH"},{"data":"Neutralize","floor":15.0,"key":"SMITH"},{"data":"Envenom","floor":24.0,"key":"SMITH"},{"data":"Accuracy","floor":32.0,"key":"SMITH"},{"data":"A Thousand Cuts","floor":41,"key":"SMITH"},{"data":"Footwork","floor":49,"key":"SMITH"}],"circlet_count":0,"master_deck":["Finesse","Good Instincts","Swift Strike","Flash of Steel","ThroughViolence","Accuracy+1","Cloak And Dagger","Blade Dance+1","Backstab","Slice+1","Neutralize+1","Beam Cell+1","Footwork+1","Accuracy+1","Blade Dance","Envenom+1","PiercingWail","Die Die Die","Accuracy+1","Accuracy+1","A Thousand Cuts+1","Infinite Blades+1","Cloak And Dagger+1","Footwork+1","Caltrops+1","Backflip+1"],"relics":["Ring of the Serpent","HoveringKite","WristBlade","Paper Crane","Tingsha","Tough Bandages","Oddly Smooth Stone","Ginger","Turnip","TungstenRod","Torii","Anchor","HornCleat","CaptainsWheel","Calipers","Singing Bowl","Shuriken","Cursed Key","Bottled Tornado","InkBottle","Omamori","Bronze Scales","Meat on the Bone","SlaversCollar","The Specimen","Ninja Scroll","Blood Vial","Mummified Hand","Ice Cream","Mercury Hourglass","Orrery","Unceasing Top"],"acts_visited":["Exordium","TheCity","TheBeyond"],"potions_floor_usage":[42],"damage_taken":[{"damage":0.0,"enemies":"Jaw Worm","floor":1.0,"turns":1.0},{"damage":0.0,"enemies":"Cultist","floor":3.0,"turns":1.0},{"damage":0.0,"enemies":"Gremlin Nob","floor":8.0,"turns":2.0},{"damage":0.0,"enemies":"Small Slimes","floor":13.0,"turns":1.0},{"damage":0.0,"enemies":"Exordium Thugs","floor":14.0,"turns":1.0},{"damage":0.0,"enemies":"Hexaghost","floor":16.0,"turns":2.0},{"damage":0.0,"enemies":"Shell Parasite","floor":18.0,"turns":1.0},{"damage":0.0,"enemies":"3 Byrds","floor":20.0,"turns":2.0},{"damage":9.0,"enemies":"Slavers","floor":23.0,"turns":3.0},{"damage":0.0,"enemies":"Snecko","floor":25.0,"turns":2.0},{"damage":0.0,"enemies":"Cultist and Chosen","floor":27.0,"turns":3.0},{"damage":0.0,"enemies":"Gremlin Leader","floor":29.0,"turns":2.0},{"damage":0.0,"enemies":"Snake Plant","floor":30.0,"turns":2.0},{"damage":0.0,"enemies":"Slavers","floor":31.0,"turns":2.0},{"damage":0.0,"enemies":"Automaton","floor":33.0,"turns":3.0},{"damage":0.0,"enemies":"3 Shapes","floor":35.0,"turns":2.0},{"damage":0.0,"enemies":"Mind Bloom Boss Battle","floor":36.0,"turns":2.0},{"damage":0.0,"enemies":"Orb Walker","floor":37.0,"turns":2.0},{"damage":0,"enemies":"4 Shapes","floor":39,"turns":3},{"damage":0,"enemies":"Nemesis","floor":40,"turns":3},{"damage":0,"enemies":"Giant Head","floor":42,"turns":2},{"damage":0,"enemies":"Writhing Mass","floor":44,"turns":2},{"damage":0,"enemies":"Nemesis","floor":46,"turns":3},{"damage":0,"enemies":"2 Orb Walkers","floor":48,"turns":2},{"damage":9,"enemies":"Donu and Deca","floor":50,"turns":2}],"seed_played":"3797086322798025277","potions_obtained":[{"floor":1.0,"key":"FearPotion"},{"floor":13.0,"key":"SkillPotion"},{"floor":18.0,"key":"SpeedPotion"},{"floor":33.0,"key":"Block Potion"},{"floor":36.0,"key":"DuplicationPotion"},{"floor":42,"key":"Fruit Juice"},{"floor":44,"key":"Weak Potion"}],"is_trial":true,"path_per_floor":["M","?","M","$","?","R","?","E","T","R","?","R","M","M","R","B",null,"M","?","M","?","?","E","R","M","T","M","T","E","M","E","R","B",null,"M","?","M","?","M","E","R","E","T","M","$","E","$","?","R","B",null],"character_chosen":"THE_SILENT","items_purchased":["Footwork","Mercury Hourglass","Orrery"],"campfire_rested":0,"item_purchase_floors":[45,47,47],"current_hp_per_floor":[70,70,70,70,57,57,47,47,47,47,47,47,49,49,49,49,72,74,74,76,76,63,54,54,56,56,58,58,58,60,60,60,60,87,89,91,93,93,95,95,95,102,102,102,102,104,110,112,112,103],"gold":424,"neow_bonus":"","is_daily":false,"chose_seed":false,"campfire_upgraded":8,"win_rate":0.0,"timestamp":1608785204,"path_taken":["M","?","?","?","?","R","?","E","T","R","?","R","?","M","R","BOSS","M","?","?","?","?","E","R","M","T","M","?","E","M","E","R","BOSS","BOSS","M","?","M","?","M","E","R","E","T","?","$","E","$","?","R","BOSS"],"items_purchased_type":["Card","Relic","Relic"],"build_version":"2020-12-22","purchased_purges":0,"victory":true,"max_hp_per_floor":[70,70,70,70,70,70,70,70,70,70,70,70,72,72,72,72,72,74,74,76,76,81,81,81,83,83,85,85,85,87,87,87,87,87,89,91,93,93,95,95,95,102,102,102,102,104,110,112,112,112],"relic_stats":{"Torii":4,"Singing Bowl":32,"counters":[25,51],"HoveringKite":[0],"Tingsha":[0],"Ginger":[4],"Cursed Key":3,"Mercury Hourglass":[21],"Blood Vial":0,"Tough Bandages":[0],"Shuriken":[61],"Mummified Hand":[20],"Bronze Scales":[49],"Turnip":[0],"obtain_stats":[{"Ice Cream":46,"Calipers":0,"Torii":0,"Singing Bowl":8,"HoveringKite":0,"Ginger":0,"Bottled Tornado":26,"Cursed Key":17,"Blood Vial":42,"Tough Bandages":0,"HornCleat":0,"WristBlade":0,"Ninja Scroll":40,"Mummified Hand":43,"InkBottle":28,"Ring of the Snake":0,"The Specimen":36,"Oddly Smooth Stone":0,"Tingsha":0,"Omamori":17,"Paper Crane":0,"Mercury Hourglass":47,"SlaversCollar":34,"Anchor":0,"CaptainsWheel":0,"Shuriken":9,"Bronze Scales":29,"Orrery":47,"Turnip":0,"Ring of the Serpent":0,"TungstenRod":0,"Unceasing Top":48,"Meat on the Bone":31},{"Ice Cream":23,"Calipers":0,"Torii":0,"Singing Bowl":3,"HoveringKite":0,"Ginger":0,"Bottled Tornado":10,"Cursed Key":6,"Blood Vial":21,"Tough Bandages":0,"HornCleat":0,"WristBlade":0,"Ninja Scroll":20,"Mummified Hand":21,"InkBottle":11,"Ring of the Snake":0,"The Specimen":17,"Oddly Smooth Stone":0,"Tingsha":0,"Omamori":6,"Paper Crane":0,"Mercury Hourglass":23,"SlaversCollar":15,"Anchor":0,"CaptainsWheel":0,"Shuriken":3,"Bronze Scales":12,"Orrery":23,"Turnip":0,"Ring of the Serpent":0,"TungstenRod":0,"Unceasing Top":24,"Meat on the Bone":14},{"Ice Cream":47,"Calipers":0,"Torii":0,"Singing Bowl":4,"HoveringKite":0,"Ginger":0,"Bottled Tornado":16,"Cursed Key":8,"Blood Vial":42,"Tough Bandages":0,"HornCleat":0,"WristBlade":0,"Ninja Scroll":40,"Mummified Hand":42,"InkBottle":19,"Ring of the Snake":0,"The Specimen":32,"Oddly Smooth Stone":0,"Tingsha":0,"Omamori":8,"Paper Crane":0,"Mercury Hourglass":47,"SlaversCollar":28,"Anchor":0,"CaptainsWheel":0,"Shuriken":4,"Bronze Scales":21,"Orrery":47,"Turnip":0,"Ring of the Serpent":0,"TungstenRod":0,"Unceasing Top":49,"Meat on the Bone":25}],"TungstenRod":7,"InkBottle":[24],"Unceasing Top":[4],"Meat on the Bone":0},"card_choices":[{"not_picked":["Dodge and Roll","Dagger Spray"],"picked":"Footwork","floor":1.0},{"not_picked":["Slice","Deflect","Leg Sweep"],"picked":"SKIP","floor":3.0},{"not_picked":["Infinite Blades","Footwork"],"picked":"Accuracy","floor":8.0},{"not_picked":["Backflip","Slice","Corpse Explosion"],"picked":"Singing Bowl","floor":13.0},{"not_picked":["Cloak And Dagger","Accuracy"],"picked":"Blade Dance","floor":14.0},{"not_picked":["Venomology","Malaise"],"picked":"Envenom","floor":16.0},{"not_picked":["Outmaneuver","Deadly Poison+1","Leg Sweep"],"picked":"Singing Bowl","floor":18.0},{"not_picked":["Crippling Poison","Masterful Stab","Acrobatics"],"picked":"Singing Bowl","floor":20.0},{"not_picked":["Unload","Setup+1"],"picked":"Die Die Die","floor":23.0},{"not_picked":["PiercingWail","Poisoned Stab","Cloak And Dagger"],"picked":"Singing Bowl","floor":25.0},{"not_picked":["Bane+1","PiercingWail","Masterful Stab+1"],"picked":"Singing Bowl","floor":27.0},{"not_picked":["Backflip","Choke"],"picked":"Accuracy","floor":29.0},{"not_picked":["Outmaneuver+1","Distraction","Slice"],"picked":"Singing Bowl","floor":30.0},{"not_picked":["Bane","Expertise"],"picked":"Accuracy+1","floor":31.0},{"not_picked":["Adrenaline","Corpse Explosion"],"picked":"A Thousand Cuts","floor":33.0},{"not_picked":["Slice+1","Reflex","Quick Slash+1"],"picked":"Singing Bowl","floor":35.0},{"not_picked":["Outmaneuver+1","Dash","Bane"],"picked":"Singing Bowl","floor":36.0},{"not_picked":["Prepared","Bane+1","Deadly Poison"],"picked":"Singing Bowl","floor":37.0},{"not_picked":["Heel Hook+1","Masterful Stab+1","Distraction"],"picked":"Singing Bowl","floor":39},{"not_picked":["Burst","PiercingWail"],"picked":"Infinite Blades+1","floor":40},{"not_picked":["Noxious Fumes","Quick Slash+1","Deflect+1"],"picked":"Singing Bowl","floor":42},{"not_picked":["Sucker Punch+1","Expertise+1"],"picked":"Cloak And Dagger+1","floor":44},{"not_picked":["Distraction","Reflex","Glass Knife"],"picked":"Singing Bowl","floor":46},{"not_picked":["Catalyst+1","Acrobatics+1","Bane+1"],"picked":"Singing Bowl","floor":47},{"not_picked":["Sucker Punch","Die Die Die","Slice+1"],"picked":"Singing Bowl","floor":47},{"not_picked":["Blade Dance","Dagger Spray+1"],"picked":"Caltrops+1","floor":47},{"not_picked":["Tactician+1","Slice","Reflex+1"],"picked":"Singing Bowl","floor":47},{"not_picked":["Bane","Quick Slash+1"],"picked":"Backflip+1","floor":47},{"not_picked":["Dodge and Roll","Prepared+1","Setup+1"],"picked":"Singing Bowl","floor":48}],"player_experience":511938,"relics_obtained":[{"floor":8.0,"key":"Singing Bowl"},{"floor":9.0,"key":"Shuriken"},{"floor":26.0,"key":"Bottled Tornado"},{"floor":28.0,"key":"InkBottle"},{"floor":29.0,"key":"Bronze Scales"},{"floor":31.0,"key":"Meat on the Bone"},{"floor":36.0,"key":"The Specimen"},{"floor":40,"key":"Ninja Scroll"},{"floor":42,"key":"Blood Vial"},{"floor":43,"key":"Mummified Hand"},{"floor":46,"key":"Ice Cream"},{"floor":48,"key":"Unceasing Top"}],"event_choices":[{"damage_healed":0.0,"max_hp_gain":0.0,"max_hp_loss":0.0,"gold_gain":0.0,"event_name":"Upgrade Shrine","player_choice":"Upgraded","floor":2.0,"gold_loss":0.0,"damage_taken":0.0,"cards_upgraded":["Footwork"]},{"damage_healed":0.0,"max_hp_gain":0.0,"max_hp_loss":0.0,"gold_gain":0.0,"event_name":"Shining Light","player_choice":"Entered Light","floor":5.0,"gold_loss":0.0,"damage_taken":14.0,"cards_upgraded":["Blade Dance","Slice"]},{"damage_healed":0.0,"max_hp_gain":0.0,"max_hp_loss":0.0,"gold_gain":75.0,"event_name":"World of Goop","player_choice":"Gather Gold","floor":7.0,"gold_loss":0.0,"damage_taken":11.0},{"cards_removed":["Finisher"],"damage_healed":0.0,"max_hp_gain":0.0,"max_hp_loss":0.0,"gold_gain":0.0,"event_name":"The Cleric","player_choice":"Card Removal","floor":11.0,"gold_loss":50.0,"damage_taken":0.0},{"damage_healed":0.0,"max_hp_gain":0.0,"max_hp_loss":0.0,"gold_gain":0.0,"event_name":"N\u0027loth","player_choice":"Ignored","floor":19.0,"gold_loss":0.0,"damage_taken":0.0},{"damage_healed":0.0,"max_hp_gain":0.0,"max_hp_loss":0.0,"gold_gain":0.0,"event_name":"The Library","player_choice":"Read","floor":21.0,"gold_loss":0.0,"damage_taken":0.0,"cards_obtained":["PiercingWail"]},{"damage_healed":0.0,"max_hp_gain":5.0,"max_hp_loss":0.0,"gold_gain":0.0,"event_name":"Forgotten Altar","player_choice":"Shed Blood","floor":22.0,"gold_loss":0.0,"damage_taken":19.0},{"damage_healed":0.0,"max_hp_gain":0.0,"max_hp_loss":0.0,"gold_gain":0.0,"event_name":"MindBloom","player_choice":"Fight","floor":36.0,"gold_loss":0.0,"damage_taken":0.0},{"damage_healed":0,"gold_gain":0,"player_choice":"Ignored","damage_taken":0,"max_hp_gain":0,"max_hp_loss":0,"event_name":"Transmorgrifier","floor":38,"gold_loss":0},{"damage_healed":0,"gold_gain":0,"player_choice":"Fight","damage_taken":0,"max_hp_gain":0,"max_hp_loss":0,"event_name":"Mysterious Sphere","floor":48,"gold_loss":0}],"is_beta":false,"boss_relics":[{"not_picked":["Sozu","HoveringKite"],"picked":"Cursed Key"},{"not_picked":["Astrolabe","Fusion Hammer"],"picked":"SlaversCollar"}],"items_purged_floors":[],"is_endless":false,"potions_floor_spawned":[1,13,18,23,33,36,37,42,44],"ascension_level":0}}