{"host":"873t0y8ybyo38pfq","time":1608822418,"event":{"mods":["BaseMod","Colored Map","Highlight Path","Minty Spire (QoL Compilation)","Rare Cards Sparkle","StSLib"],"gold_per_floor":[369,294,294,16,30,30,60,60,114,125,125,144,144,155,155,228,228,187,197,212,45,45,45],"floor_reached":22,"playtime":859,"items_purged":[],"score":372,"play_id":"7dca7063-b811-4757-86ff-3e5e9f410bb9","local_time":"20201224100658","is_ascension_mode":true,"campfire_choices":[{"floor":6,"key":"REST"},{"floor":13,"key":"REST"},{"data":"Bouncing Flask","floor":15,"key":"SMITH"}],"circlet_count":0,"master_deck":["AscendersBane","Strike_G","Strike_G","Strike_G","Defend_G","Defend_G","Defend_G","Defend_G","Defend_G","Survivor","Neutralize","Bouncing Flask+1","Poisoned Stab+1","PiercingWail","Dagger Throw+1","Glass Knife+1","Flying Knee+1","Catalyst","Acrobatics"],"relics":["Ring of the Snake","Vajra","Molten Egg 2","Blood Vial","Potion Belt","Empty Cage","TwistedFunnel"],"acts_visited":["TheCity"],"potions_floor_usage":[16,18,19,20],"damage_taken":[{"damage":3,"enemies":"Small Slimes","floor":1,"turns":5},{"damage":1,"enemies":"Jaw Worm","floor":5,"turns":4},{"damage":53,"enemies":"Gremlin Nob","floor":7,"turns":5},{"damage":0,"enemies":"2 Louse","floor":10,"turns":4},{"damage":0,"enemies":"2 Fungi Beasts","floor":12,"turns":4},{"damage":8,"enemies":"Exordium Wildlife","floor":14,"turns":3},{"damage":27,"enemies":"Hexaghost","floor":16,"turns":8},{"damage":17,"enemies":"2 Thieves","floor":18,"turns":5},{"damage":7,"enemies":"Chosen","floor":19,"turns":3},{"damage":23,"enemies":"Centurion and Healer","floor":20,"turns":8},{"damage":17,"enemies":"Sentry and Sphere","floor":22,"turns":3}],"seed_played":"2697562308810858025","potions_obtained":[{"floor":1,"key":"SteroidPotion"},{"floor":14,"key":"BlessingOfTheForge"},{"floor":16,"key":"Strength Potion"},{"floor":19,"key":"Fire Potion"}],"is_trial":false,"path_per_floor":["M","?","?","$","M","R","E","?","T","M","?","M","R","M","R","B",null,"M","M","M","$","M"],"character_chosen":"THE_SILENT","items_purchased":["Molten Egg 2","TwistedFunnel"],"campfire_rested":2,"item_purchase_floors":[4,21],"current_hp_per_floor":[41,41,36,36,35,54,1,1,1,3,19,21,40,34,34,9,50,35,30,9,9,0,0],"gold":45,"neow_bonus":"TWO_FIFTY_GOLD","is_daily":false,"chose_seed":false,"campfire_upgraded":1,"win_rate":0.0,"timestamp":1608822418,"path_taken":["M","?","?","$","M","R","E","?","T","M","?","M","R","M","R","BOSS","M","M","M","$","M"],"items_purchased_type":["Relic","Relic"],"build_version":"2020-12-22","purchased_purges":0,"victory":false,"max_hp_per_floor":[66,66,66,66,66,66,66,66,66,66,66,66,66,66,66,66,63,63,63,63,63,63,63],"card_choices":[{"not_picked":["Expertise","Reflex"],"picked":"Bouncing Flask","floor":1},{"not_picked":["Choke+1","Setup","Finisher+1"],"picked":"SKIP","floor":5},{"not_picked":["Backflip","Escape Plan"],"picked":"Poisoned Stab+1","floor":7},{"not_picked":["Slice+1","Escape Plan"],"picked":"PiercingWail","floor":10},{"not_picked":["Accuracy","Cloak And Dagger","Deflect"],"picked":"SKIP","floor":12},{"not_picked":["Caltrops","Underhanded Strike+1"],"picked":"Dagger Throw+1","floor":14},{"not_picked":["Envenom","A Thousand Cuts"],"picked":"Glass Knife+1","floor":16},{"not_picked":["Cloak And Dagger","Prepared"],"picked":"Flying Knee+1","floor":18},{"not_picked":["Choke+1","Heel Hook+1"],"picked":"Catalyst","floor":19},{"not_picked":["Deflect+1","Blade Dance"],"picked":"Acrobatics","floor":20}],"player_experience":1342555,"relics_obtained":[{"floor":7,"key":"Blood Vial"},{"floor":9,"key":"Potion Belt"}],"event_choices":[{"cards_removed":["Strike_G"],"damage_healed":0,"gold_gain":0,"player_choice":"Card Removal","damage_taken":0,"max_hp_gain":0,"max_hp_loss":0,"event_name":"The Cleric","floor":2,"gold_loss":75},{"damage_healed":0,"gold_gain":0,"player_choice":"Success","damage_taken":5,"relics_obtained":["Vajra"],"max_hp_gain":0,"max_hp_loss":0,"event_name":"Scrap Ooze","floor":3,"gold_loss":0},{"damage_healed":0,"gold_gain":0,"player_choice":"Searched \u00270\u0027 times","damage_taken":0,"max_hp_gain":0,"max_hp_loss":0,"event_name":"Dead Adventurer","floor":8,"gold_loss":0},{"damage_healed":16,"gold_gain":0,"player_choice":"Healed and dodged fight","damage_taken":0,"max_hp_gain":0,"max_hp_loss":0,"event_name":"Mushrooms","floor":11,"gold_loss":0,"cards_obtained":["Parasite"]}],"is_beta":false,"boss_relics":[{"not_picked":["Snecko Eye","Busted Crown"],"picked":"Empty Cage"}],"items_purged_floors":[],"is_endless":false,"potions_floor_spawned":[1,14,16,19],"killed_by":"Sentry and Sphere","ascension_level":20}}