{"host":"knoo6yq0od847mqf","time":1608823363,"event":{"mods":["BaseMod","Bestiary","CatGirl Mod","Displayed Cursed Tome","Downfall","Duelist Mod","Hubris","Koishi","Marisa????????","Minty Spire (QoL Compilation)","Replay The Spire","StSLib","The Alterego","The Animator","The Blackbeard","The Bug Knight","The Hayseed","The Servant 0.9.4","Wandering Minibosses","Yuri Mod"],"gold_per_floor":[117,117,392,404,420,420,420,450,474,474,503,503,170,183,183,279,279,298,513,523,541,554,554,139,139,139,139,155,173,185,100,100,200,200,213,213,223,234,245,245,256,284,331,345,345,345,43,53,53,53],"floor_reached":51,"playtime":1973,"items_purged":["Regret","ReplayTheSpireMod:Splinters"],"score":741,"play_id":"0193ca5e-0b47-4114-af9d-cecc05c94a58","local_time":"20201224162243","is_ascension_mode":false,"campfire_choices":[{"data":"yuri:BlackTea","floor":6,"key":"SMITH"},{"data":"yuri:HeavierStrike","floor":10,"key":"SMITH"},{"data":"yuri:GlitchedStrike","floor":15,"key":"SMITH"},{"data":"yuri:Torment","floor":23,"key":"SMITH"},{"data":"yuri:Parry","floor":25,"key":"SMITH"},{"data":"yuri:BrokenCode","floor":27,"key":"SMITH"},{"data":"yuri:BookPurple","floor":32,"key":"SMITH"},{"floor":40,"key":"REST"},{"floor":46,"key":"REST"},{"floor":49,"key":"REST"}],"circlet_count":0,"master_deck":["yuri:yuriStrike","yuri:yuriStrike+1","yuri:yuriStrike","yuri:yuriStrike","yuri:yuriDefend","yuri:yuriDefend","yuri:yuriDefend","yuri:yuriDefend","yuri:yuriDefend","yuri:Oolong","yuri:yuriStab+1","yuri:HeavierStrike+1","yuri:UntestedCode","yuri:BlackTea+1","yuri:RepairCode","yuri:BrokenCode+1","yuri:GlitchedStrike+1","yuri:Torment+1","AbeCurse","yuri:Parry+1","yuri:ArmBrace","yuri:ThrowingKnives","yuri:CorruptHitbox+1","yuri:DebugCard+1","yuri:BookPurple+1","yuri:ThrowBook+1","yuri:DebugCard+1","yuri:BlackTea","yuri:BookRed","yuri:MagneticKnives+1","yuri:SelfHarm+1","yuri:InduceGlitch+1","yuri:TeaSet+1","yuri:BookRed+1","yuri:DisableStrike","yuri:SeeingDouble+1"],"relics":["yuri:yuriKnife","Dream Catcher","hubris:ToyBattleship","Whetstone","Matryoshka","yuri:PortableGlitches","Abe\u0027s Treasure","hubris:Metronome","Snack Pack","Mercury Hourglass","Orichalcum","Omamori","Painkiller Herb","Bronze Scales","Art of War","Vajra"],"acts_visited":["Exordium","TheCity","TheBeyond"],"potions_floor_usage":[8,14,21,21,33,33,42,50],"damage_taken":[{"damage":6,"enemies":"Jaw Worm","floor":1,"turns":3},{"damage":1,"enemies":"2 Louse","floor":4,"turns":2},{"damage":3,"enemies":"Cultist","floor":5,"turns":3},{"damage":17,"enemies":"Lagavulin","floor":8,"turns":5},{"damage":13,"enemies":"Gremlin Nob","floor":11,"turns":3},{"damage":3,"enemies":"Exordium Wildlife","floor":14,"turns":3},{"damage":17,"enemies":"Hexaghost","floor":16,"turns":5},{"damage":12,"enemies":"3 Byrds","floor":18,"turns":4},{"damage":11,"enemies":"2 Thieves","floor":20,"turns":3},{"damage":14,"enemies":"Shelled Parasite and Fungi","floor":21,"turns":3},{"damage":0,"enemies":"Snecko","floor":22,"turns":3},{"damage":1,"enemies":"Chosen and Byrds","floor":28,"turns":3},{"damage":1,"enemies":"Centurion and Healer","floor":29,"turns":3},{"damage":0,"enemies":"Shelled Parasite and Fungi","floor":30,"turns":2},{"damage":52,"enemies":"Champ","floor":33,"turns":9},{"damage":2,"enemies":"Orb Walker","floor":35,"turns":3},{"damage":13,"enemies":"3 Shapes","floor":37,"turns":3},{"damage":15,"enemies":"Writhing Mass","floor":38,"turns":5},{"damage":8,"enemies":"4 Shapes","floor":39,"turns":2},{"damage":25,"enemies":"Jaw Worm Horde","floor":41,"turns":3},{"damage":26,"enemies":"Reptomancer","floor":42,"turns":6},{"damage":21,"enemies":"Maw","floor":44,"turns":6},{"damage":0,"enemies":"Sphere and 2 Shapes","floor":48,"turns":3},{"damage":56,"enemies":"Awakened One","floor":50,"turns":7}],"seed_played":"-7479211135558162370","potions_obtained":[{"floor":4,"key":"BlessingOfTheForge"},{"floor":5,"key":"PowerPotion"},{"floor":8,"key":"AttackPotion"},{"floor":20,"key":"PowerPotion"},{"floor":22,"key":"DistilledChaos"},{"floor":29,"key":"SkillPotion"},{"floor":37,"key":"Elixir"},{"floor":42,"key":"Fruit Juice"}],"is_trial":false,"path_per_floor":["M","?","?","M","M","R","?","E","T","R","E","?","$","M","R","B",null,"M","?","M","M","M","R","$","R","T","R","M","M","M","?","R","B",null,"?","?","?","?","?","T","?","E","T","?","?","T","T","?","T","B",null],"character_chosen":"YURI","items_purchased":["yuri:PortableGlitches","Snack Pack","yuri:BookPurple","Vajra","yuri:DisableStrike"],"campfire_rested":3,"item_purchase_floors":[13,24,24,47,47],"current_hp_per_floor":[82,82,82,85,86,86,83,70,70,70,61,61,61,62,62,49,88,80,80,73,63,67,67,67,67,67,67,74,77,83,83,83,38,88,86,86,79,68,66,88,67,54,54,42,42,69,69,74,93,53],"gold":53,"neow_bonus":"TEN_PERCENT_HP_BONUS","is_daily":false,"chose_seed":false,"campfire_upgraded":7,"win_rate":0.0,"timestamp":1608823363,"path_taken":["M","?","?","?","M","R","?","E","T","R","E","?","$","?","R","BOSS","M","?","M","M","M","R","$","R","T","R","M","M","M","?","R","BOSS","?","?","?","?","?","T","?","E","T","?","?","T","T","?","T","BOSS"],"items_purchased_type":["Relic","Relic","Card","Relic","Card"],"build_version":"2020-12-22","purchased_purges":2,"victory":true,"max_hp_per_floor":[88,88,88,88,88,88,88,88,88,88,88,88,88,88,88,88,88,88,88,88,88,88,88,88,88,88,88,88,88,88,88,88,88,88,88,88,88,88,88,88,88,93,93,93,93,93,93,93,93,93],"card_choices":[{"not_picked":["yuri:RepairCode","yuri:InsanityDefense"],"picked":"yuri:HeavierStrike","floor":1},{"not_picked":["yuri:ThrowBook","yuri:DebugCard"],"picked":"yuri:UntestedCode","floor":4},{"not_picked":["yuri:SelfHarm","yuri:WickedSlash"],"picked":"yuri:BlackTea","floor":5},{"not_picked":["yuri:DeepBreathing","yuri:yuriHeavyStrike"],"picked":"yuri:RepairCode","floor":8},{"not_picked":["yuri:GreenTea","yuri:DebugCard"],"picked":"yuri:BrokenCode","floor":11},{"not_picked":["yuri:CalmingAura","yuri:WickedSlash"],"picked":"yuri:GlitchedStrike","floor":14},{"not_picked":["yuri:BlackTea","yuri:MagneticKnives"],"picked":"yuri:Torment","floor":16},{"not_picked":["yuri:GreenTea","yuri:yuriQuickStrike+1","yuri:NerfBat"],"picked":"SKIP","floor":18},{"not_picked":["yuri:ThrowBook","yuri:Skip"],"picked":"yuri:Parry","floor":19},{"not_picked":["yuri:Skip","yuri:CorruptHitbox+1"],"picked":"yuri:ArmBrace","floor":19},{"not_picked":["yuri:NerfBat","yuri:Skip+1"],"picked":"yuri:ThrowingKnives","floor":20},{"not_picked":["yuri:BookGreen","yuri:RecklessStrike"],"picked":"yuri:CorruptHitbox+1","floor":21},{"not_picked":["yuri:yuriQuickStrike","yuri:UnstableStrike+1"],"picked":"yuri:DebugCard+1","floor":22},{"not_picked":["yuri:yuriQuickStrike","yuri:Skip"],"picked":"yuri:ThrowBook+1","floor":28},{"not_picked":["yuri:MultiDip","yuri:InsanityDefense"],"picked":"yuri:DebugCard+1","floor":29},{"not_picked":["yuri:SelfHarm","yuri:ThrowingKnives+1","yuri:Skip"],"picked":"SKIP","floor":30},{"not_picked":["yuri:ConsumeGlitch","yuri:RemoveSafetyChecks"],"picked":"yuri:BlackTea","floor":33},{"not_picked":["yuri:TPose","yuri:GreenTea"],"picked":"yuri:BookRed","floor":35},{"not_picked":["yuri:CorruptHitbox+1","yuri:ThrowBook","yuri:GreenTea"],"picked":"SKIP","floor":37},{"not_picked":["yuri:RecklessStrike","yuri:RepairCode+1"],"picked":"yuri:SelfHarm+1","floor":38},{"not_picked":["yuri:GlitchedStrike","yuri:RecklessStrike","yuri:Stare+1"],"picked":"SKIP","floor":39},{"not_picked":["yuri:UnstableStrike","yuri:CorruptHitbox+1"],"picked":"yuri:InduceGlitch+1","floor":41},{"not_picked":["yuri:Skip","yuri:Spin+1"],"picked":"yuri:TeaSet+1","floor":42},{"not_picked":["yuri:RepairCode","yuri:Spin"],"picked":"yuri:BookRed+1","floor":44},{"not_picked":["yuri:ThrowBook+1","yuri:RecklessStrike+1","yuri:yuriQuickStrike+1"],"picked":"SKIP","floor":48},{"not_picked":["yuri:RepairCode","yuri:DebugCard+1"],"picked":"yuri:SeeingDouble+1","floor":49}],"player_experience":232243,"relics_obtained":[{"floor":8,"key":"hubris:ToyBattleship"},{"floor":9,"key":"Whetstone"},{"floor":11,"key":"Matryoshka"},{"floor":19,"key":"hubris:Metronome"},{"floor":26,"key":"Mercury Hourglass"},{"floor":26,"key":"Orichalcum"},{"floor":42,"key":"Bronze Scales"},{"floor":43,"key":"Art of War"}],"event_choices":[{"damage_healed":0,"gold_gain":0,"player_choice":"Leave","damage_taken":0,"max_hp_gain":0,"max_hp_loss":0,"event_name":"The Cleric","floor":2,"gold_loss":0},{"damage_healed":0,"gold_gain":275,"player_choice":"Desecrate","damage_taken":0,"max_hp_gain":0,"max_hp_loss":0,"event_name":"Golden Shrine","floor":3,"gold_loss":0,"cards_obtained":["Regret"]},{"damage_healed":0,"gold_gain":0,"player_choice":"Success","damage_taken":3,"relics_obtained":["Dream Catcher"],"max_hp_gain":0,"max_hp_loss":0,"event_name":"Scrap Ooze","floor":7,"gold_loss":0},{"damage_healed":0,"gold_gain":0,"player_choice":"Ignored","damage_taken":0,"max_hp_gain":0,"max_hp_loss":0,"event_name":"NoteForYourself","floor":12,"gold_loss":0},{"damage_healed":0,"gold_gain":0,"player_choice":"Obtained Relic","damage_taken":0,"relics_obtained":["Omamori"],"max_hp_gain":0,"max_hp_loss":0,"event_name":"Addict","floor":31,"gold_loss":85},{"damage_healed":0,"gold_gain":0,"cards_transformed":["yuri:yuriStrike"],"player_choice":"Transformed","damage_taken":0,"max_hp_gain":0,"max_hp_loss":0,"event_name":"Transmorgrifier","floor":36,"gold_loss":0,"cards_obtained":["yuri:MagneticKnives"]}],"is_beta":false,"boss_relics":[{"not_picked":["Ectoplasm","Calling Bell"],"picked":"Abe\u0027s Treasure"},{"not_picked":["hubris:CrackedHourglass","Replay:Wanted Poster"],"picked":"Painkiller Herb"}],"items_purged_floors":[13,24],"is_endless":false,"potions_floor_spawned":[4,5,8,20,22,29,37,42],"ascension_level":0}}