{"host":"30jsp143e4v19aze","time":1608775060,"event":{"mods":["BaseMod","Colored Map","Colored Powertips","Curses Come First","DeckTracker","Highlight Path","Minty Spire (QoL Compilation)","Quick Restart","Relic Stats","StSLib"],"gold_per_floor":[116,4,16,16,16,16,29,29,29],"floor_reached":8,"playtime":471,"items_purged":["Regret"],"score":92,"play_id":"51756a1f-7e34-4b1b-b20e-e67dc56561b9","local_time":"20201224025740","is_ascension_mode":true,"campfire_choices":[{"data":"Flying Knee","floor":6,"key":"SMITH"}],"circlet_count":0,"master_deck":["AscendersBane","Strike_G","Strike_G","Strike_G","Strike_G","Defend_G","Defend_G","Defend_G","Defend_G","Defend_G","Survivor","Neutralize+1","Blur","Leg Sweep","Flying Knee+1","Quick Slash"],"relics":["Ring of the Snake","WingedGreaves"],"acts_visited":["Exordium"],"potions_floor_usage":[8],"damage_taken":[{"damage":5,"enemies":"Small Slimes","floor":1,"turns":5},{"damage":0,"enemies":"2 Louse","floor":3,"turns":4},{"damage":5,"enemies":"Cultist","floor":7,"turns":5},{"damage":37,"enemies":"Lagavulin","floor":8,"turns":12}],"seed_played":"286981320775536001","potions_obtained":[{"floor":7,"key":"SkillPotion"}],"is_trial":false,"path_per_floor":["M","$","M","?","?","R","M","E"],"character_chosen":"THE_SILENT","items_purchased":["Leg Sweep"],"campfire_rested":0,"item_purchase_floors":[2],"current_hp_per_floor":[54,54,54,47,47,47,42,5,5],"gold":29,"neow_bonus":"ONE_RARE_RELIC","is_daily":false,"chose_seed":false,"campfire_upgraded":1,"win_rate":0.0,"timestamp":1608775060,"path_taken":["M","$","M","?","?","R","M","E"],"items_purchased_type":["Card"],"build_version":"2020-12-22","purchased_purges":1,"victory":false,"max_hp_per_floor":[66,66,66,66,66,66,66,66,66],"relic_stats":{"counters":[4,26],"obtain_stats":[{"WingedGreaves":0,"Ring of the Snake":0},{"WingedGreaves":0,"Ring of the Snake":0},{"WingedGreaves":0,"Ring of the Snake":0}],"Ring of the Snake":[8]},"card_choices":[{"not_picked":["Cloak And Dagger","Caltrops"],"picked":"Blur","floor":1},{"not_picked":["Poisoned Stab","Expertise"],"picked":"Flying Knee","floor":3},{"not_picked":["Sucker Punch","Flying Knee"],"picked":"Quick Slash","floor":7}],"player_experience":3130634,"relics_obtained":[],"event_choices":[{"cards_removed":["Strike_G"],"damage_healed":0,"gold_gain":0,"player_choice":"Card Removal","damage_taken":7,"max_hp_gain":0,"max_hp_loss":0,"event_name":"Golden Wing","floor":4,"gold_loss":0},{"damage_healed":0,"gold_gain":0,"player_choice":"Upgraded","damage_taken":0,"max_hp_gain":0,"max_hp_loss":0,"event_name":"Upgrade Shrine","floor":5,"gold_loss":0,"cards_upgraded":["Neutralize"]}],"is_beta":false,"boss_relics":[],"items_purged_floors":[2],"is_endless":false,"potions_floor_spawned":[7],"killed_by":"Lagavulin","ascension_level":20}}