{"host":"utqe55yv0jihe4d6","time":1608818301,"event":{"mods":["2.2 Compatiblity","AchievementEnabler","BaseMod","Block Reminder","Colored Map","Colored Powertips","Minty Spire (QoL Compilation)","Quick Restart","Rare Cards Sparkle","Relic Stats","SuperFastMode"],"gold_per_floor":[115,40,40,59,72,100,118,153,153,303,19,19,35,19,19,95,95,67,82,62,74,91,91,120,120,145,145,158,188,188,188,188],"floor_reached":31,"playtime":1699,"items_purged":["Doubt"],"score":674,"play_id":"70fc7a59-00ea-4aa0-b379-6a58c4b79e3a","local_time":"20201224085821","is_ascension_mode":true,"campfire_choices":[{"data":"Static Discharge","floor":12.0,"key":"SMITH"},{"data":"Barrage","floor":15.0,"key":"SMITH"},{"data":"Fission","floor":23.0,"key":"SMITH"},{"data":"Coolheaded","floor":25.0,"key":"SMITH"},{"floor":27.0,"key":"REST"}],"circlet_count":0,"master_deck":["AscendersBane","Strike_B","Strike_B","Defend_B","Defend_B","Zap","Dualcast","Multi-Cast+1","Chill+1","Buffer+1","Barrage+1","Coolheaded+1","Sweeping Beam","Genetic Algorithm","Ball Lightning","Static Discharge+1","Heatsinks","Fission+1","Cold Snap","Glacier+1","Beam Cell+1","Double Energy"],"relics":["Astrolabe","Pocketwatch","Cables","Gremlin Horn","Pear","OrangePellets","Philosopher\u0027s Stone","Art of War","Lantern","Bag of Preparation"],"acts_visited":["Exordium","TheCity"],"potions_floor_usage":[31],"damage_taken":[{"damage":0.0,"enemies":"Small Slimes","floor":1.0,"turns":6.0},{"damage":0.0,"enemies":"Jaw Worm","floor":4.0,"turns":4.0},{"damage":0.0,"enemies":"2 Louse","floor":5.0,"turns":3.0},{"damage":0.0,"enemies":"Gremlin Nob","floor":6.0,"turns":4.0},{"damage":1.0,"enemies":"Gremlin Gang","floor":7.0,"turns":6.0},{"damage":14.0,"enemies":"3 Sentries","floor":8.0,"turns":6.0},{"damage":0.0,"enemies":"2 Fungi Beasts","floor":13.0,"turns":5.0},{"damage":0.0,"enemies":"Exordium Thugs","floor":14.0,"turns":5.0},{"damage":36.0,"enemies":"The Guardian","floor":16.0,"turns":12.0},{"damage":11.0,"enemies":"2 Thieves","floor":18.0,"turns":4.0},{"damage":0.0,"enemies":"Spheric Guardian","floor":19.0,"turns":5.0},{"damage":9.0,"enemies":"Snake Plant","floor":21.0,"turns":6.0},{"damage":0.0,"enemies":"3 Cultists","floor":22.0,"turns":6.0},{"damage":12.0,"enemies":"Book of Stabbing","floor":24.0,"turns":6.0},{"damage":0.0,"enemies":"Snecko","floor":28.0,"turns":8.0},{"damage":0.0,"enemies":"Slavers","floor":29.0,"turns":7.0},{"damage":37,"enemies":"Gremlin Leader","floor":31,"turns":8}],"seed_played":"-6265890588648113397","potions_obtained":[{"floor":4.0,"key":"Strength Potion"},{"floor":7.0,"key":"BlessingOfTheForge"},{"floor":16.0,"key":"AttackPotion"},{"floor":18.0,"key":"FearPotion"},{"floor":20.0,"key":"Energy Potion"},{"floor":22.0,"key":"Energy Potion"},{"floor":28.0,"key":"EntropicBrew"}],"is_trial":false,"path_per_floor":["M","?","?","M","M","E","M","E","T","?","$","R","M","M","R","B",null,"M","M","?","M","M","R","E","R","T","R","M","E","?","E"],"character_chosen":"DEFECT","items_purchased":["OrangePellets","Heatsinks"],"campfire_rested":1,"item_purchase_floors":[11,11],"current_hp_per_floor":[64,64,59,59,59,59,58,44,54,54,54,54,54,54,54,18,65,54,54,54,45,45,45,33,33,33,57,57,57,34,0,0],"gold":188,"neow_bonus":"BOSS_RELIC","is_daily":false,"chose_seed":false,"campfire_upgraded":4,"win_rate":0.0,"timestamp":1608818301,"path_taken":["M","?","?","M","?","E","M","E","T","?","$","R","M","M","R","BOSS","M","M","?","?","M","R","E","R","T","R","M","E","?","E"],"items_purchased_type":["Relic","Card"],"build_version":"2020-12-22","purchased_purges":1,"victory":false,"max_hp_per_floor":[71,71,71,71,71,71,71,71,81,81,81,81,81,81,81,81,81,81,81,81,81,81,81,81,81,81,81,81,81,86,86,86],"relic_stats":{"OrangePellets":[6],"Gremlin Horn":[13,13],"counters":[17,101],"Astrolabe":["Multi-Cast","Chill","Buffer"],"Art of War":[1],"Bag of Preparation":[2],"obtain_stats":[{"OrangePellets":11,"Lantern":26,"Pear":9,"Gremlin Horn":8,"Astrolabe":0,"Philosopher\u0027s Stone":17,"Art of War":24,"Bag of Preparation":29,"Cracked Core":0,"Pocketwatch":3,"Cables":6},{"OrangePellets":6,"Lantern":14,"Pear":6,"Gremlin Horn":6,"Astrolabe":0,"Philosopher\u0027s Stone":9,"Art of War":14,"Bag of Preparation":16,"Cracked Core":0,"Pocketwatch":1,"Cables":4},{"OrangePellets":29,"Lantern":78,"Pear":29,"Gremlin Horn":29,"Astrolabe":0,"Philosopher\u0027s Stone":51,"Art of War":78,"Bag of Preparation":93,"Cracked Core":0,"Pocketwatch":6,"Cables":17}],"Pocketwatch":[102],"Cables":[72,28,44,0,0]},"card_choices":[{"not_picked":["Compile Driver","Sweeping Beam"],"picked":"Barrage","floor":1.0},{"not_picked":["Conserve Battery","Reinforced Body"],"picked":"Coolheaded","floor":4.0},{"not_picked":["Melter","Barrage"],"picked":"Sweeping Beam","floor":5.0},{"not_picked":["Go for the Eyes","Steam"],"picked":"Genetic Algorithm","floor":6.0},{"not_picked":["Turbo","Lockon"],"picked":"Ball Lightning","floor":7.0},{"not_picked":["Gash","Compile Driver"],"picked":"Static Discharge","floor":8.0},{"not_picked":["Melter","Steam Power","Chill"],"picked":"SKIP","floor":13.0},{"not_picked":["Sweeping Beam","BootSequence","Rebound"],"picked":"SKIP","floor":14.0},{"not_picked":["Rainbow","Hyperbeam"],"picked":"Fission","floor":16.0},{"not_picked":["Redo+1","Skim"],"picked":"Cold Snap","floor":18.0},{"not_picked":["Blizzard","Rebound","Stack+1"],"picked":"SKIP","floor":19.0},{"not_picked":["Undo","Reprogram"],"picked":"Glacier+1","floor":21.0},{"not_picked":["Streamline","White Noise"],"picked":"Beam Cell+1","floor":22.0},{"not_picked":["Redo","Recycle","Streamline+1"],"picked":"SKIP","floor":24.0},{"not_picked":["Genetic Algorithm","Hologram","Steam"],"picked":"SKIP","floor":28.0},{"not_picked":["Cold Snap","Melter"],"picked":"Double Energy","floor":29}],"player_experience":2844159,"relics_obtained":[{"floor":6.0,"key":"Cables"},{"floor":8.0,"key":"Gremlin Horn"},{"floor":9.0,"key":"Pear"},{"floor":24.0,"key":"Art of War"},{"floor":26.0,"key":"Lantern"},{"floor":29,"key":"Bag of Preparation"}],"event_choices":[{"cards_removed":["Defend_B"],"damage_healed":0.0,"max_hp_gain":0.0,"max_hp_loss":0.0,"gold_gain":0.0,"event_name":"The Cleric","player_choice":"Card Removal","floor":2.0,"gold_loss":75.0,"damage_taken":0.0},{"damage_healed":0.0,"max_hp_gain":0.0,"max_hp_loss":0.0,"gold_gain":0.0,"event_name":"Scrap Ooze","player_choice":"Success","floor":3.0,"gold_loss":0.0,"damage_taken":5.0,"relics_obtained":["Pocketwatch"]},{"damage_healed":0.0,"max_hp_gain":0.0,"max_hp_loss":0.0,"gold_gain":150.0,"event_name":"Liars Game","player_choice":"AGREE","floor":10.0,"gold_loss":0.0,"damage_taken":0.0,"cards_obtained":["Doubt"]},{"damage_healed":0.0,"max_hp_gain":0.0,"max_hp_loss":0.0,"gold_gain":0.0,"event_name":"The Woman in Blue","player_choice":"Bought 1 Potion","floor":20.0,"gold_loss":0.0,"damage_taken":0.0},{"damage_healed":0,"gold_gain":0,"player_choice":"Shed Blood","damage_taken":28,"max_hp_gain":5,"max_hp_loss":0,"event_name":"Forgotten Altar","floor":30,"gold_loss":0}],"is_beta":false,"boss_relics":[{"not_picked":["Runic Dome","Nuclear Battery"],"picked":"Philosopher\u0027s Stone"}],"items_purged_floors":[11],"is_endless":false,"potions_floor_spawned":[4,7,16,18,22,28],"killed_by":"Gremlin Leader","ascension_level":20}}