{"host":"0ueeacaatm8t6jyh","time":1608820050,"event":{"mods":["AchievementEnabler","BaseMod","Colored Powertips","Minty Spire (QoL Compilation)","Quick Restart","Rare Cards Sparkle","StSLib"],"gold_per_floor":[114,114,128,128,145,177,177,188,236,236,8,73,23,34,34,134,134,146,163,213,263,102,102,131,146,173,191,253,253,3,33,33,135,135,146,196,213,341,268,268,282,282,282,387,452,480,218,229,229,229,229,229,10,36,36,36],"floor_reached":55,"playtime":2681,"items_purged":["Strike_R","Strike_R"],"score":1164,"play_id":"38b0705f-c079-4744-b7fe-d8caf79f826b","local_time":"20201224222730","is_ascension_mode":true,"campfire_choices":[{"data":"Armaments","floor":7.0,"key":"SMITH"},{"floor":15.0,"key":"RECALL"},{"data":"Corruption","floor":23.0,"key":"SMITH"},{"floor":29.0,"key":"REST"},{"data":"Dark Embrace","floor":32.0,"key":"SMITH"},{"data":"Inflame","floor":40.0,"key":"SMITH"},{"data":"Sentinel","floor":42.0,"key":"SMITH"},{"data":"Spot Weakness","floor":49.0,"key":"SMITH"},{"data":"Bash","floor":52.0,"key":"SMITH"}],"circlet_count":0,"master_deck":["AscendersBane","Bash+1","Shrug It Off","Rampage+1","Armaments+1","Carnage+1","Twin Strike+1","Streamline+1","Corruption+1","CurseOfTheBell","Dark Embrace+1","Dual Wield","Panacea","Spot Weakness+1","Impervious","Inflame+1","Evolve","Immolate+1","Disarm","Immolate+1","Finesse","Sentinel+1","Bloodletting","Caltrops"],"relics":["Burning Blood","Molten Egg 2","Lantern","Blood Vial","SsserpentHead","PrismaticShard","Calling Bell","Lizard Tail","Mercury Hourglass","Akabeko","Enchiridion","Tiny Chest","Bag of Preparation","Pantograph","MealTicket","Pandora\u0027s Box","Mummified Hand","Anchor","InkBottle","Membership Card","Pen Nib","ClockworkSouvenir","Ginger","White Beast Statue"],"acts_visited":["Exordium","TheCity","TheBeyond","TheEnding"],"potions_floor_usage":[54],"damage_taken":[{"damage":0.0,"enemies":"Small Slimes","floor":1.0,"turns":4.0},{"damage":9.0,"enemies":"2 Louse","floor":3.0,"turns":3.0},{"damage":1.0,"enemies":"Cultist","floor":5.0,"turns":4.0},{"damage":32.0,"enemies":"Gremlin Nob","floor":6.0,"turns":4.0},{"damage":5.0,"enemies":"Red Slaver","floor":8.0,"turns":3.0},{"damage":0.0,"enemies":"Exordium Wildlife","floor":12.0,"turns":2.0},{"damage":13.0,"enemies":"Blue Slaver","floor":14.0,"turns":2.0},{"damage":20.0,"enemies":"Hexaghost","floor":16.0,"turns":9.0},{"damage":17.0,"enemies":"3 Byrds","floor":18.0,"turns":5.0},{"damage":6.0,"enemies":"Spheric Guardian","floor":19.0,"turns":3.0},{"damage":21.0,"enemies":"Gremlin Leader","floor":24.0,"turns":6.0},{"damage":20.0,"enemies":"Cultist and Chosen","floor":25.0,"turns":5.0},{"damage":20.0,"enemies":"Snake Plant","floor":27.0,"turns":3.0},{"damage":6.0,"enemies":"3 Cultists","floor":28.0,"turns":6.0},{"damage":45.0,"enemies":"Slavers","floor":31.0,"turns":5.0},{"damage":6.0,"enemies":"Automaton","floor":33.0,"turns":3.0},{"damage":25.0,"enemies":"Orb Walker","floor":35.0,"turns":3.0},{"damage":0.0,"enemies":"3 Darklings","floor":37.0,"turns":2.0},{"damage":10.0,"enemies":"Maw","floor":41.0,"turns":6.0},{"damage":0.0,"enemies":"Jaw Worm Horde","floor":45.0,"turns":1.0},{"damage":32.0,"enemies":"Nemesis","floor":46.0,"turns":5.0},{"damage":4.0,"enemies":"3 Darklings","floor":48.0,"turns":2.0},{"damage":59.0,"enemies":"Donu and Deca","floor":50.0,"turns":5.0},{"damage":29,"enemies":"Shield and Spear","floor":54,"turns":4},{"damage":120,"enemies":"The Heart","floor":55,"turns":6}],"seed_played":"-7625740799882006492","potions_obtained":[{"floor":3.0,"key":"EssenceOfSteel"},{"floor":6.0,"key":"Energy Potion"},{"floor":19.0,"key":"AttackPotion"},{"floor":24.0,"key":"EssenceOfSteel"},{"floor":28.0,"key":"EntropicBrew"},{"floor":31.0,"key":"LiquidMemories"},{"floor":33.0,"key":"Explosive Potion"},{"floor":37.0,"key":"DuplicationPotion"}],"is_trial":false,"path_per_floor":["M","?","M","?","M","E","R","M","T","?","$","M","$","M","R","B",null,"M","M","?","?","$","R","E","M","T","M","M","R","$","E","R","B",null,"M","?","M","T","$","R","M","R","T","T","M","E","$","M","R","B",null,"R","$","E","B"],"character_chosen":"IRONCLAD","items_purchased":["PrismaticShard","Dark Embrace","Dual Wield","Pantograph","Sentinel","Membership Card","Pen Nib","LiquidMemories","ClockworkSouvenir","Ginger"],"campfire_rested":1,"item_purchase_floors":[11,22,22,30,39,47,47,47,53,53],"current_hp_per_floor":[78,66,63,56,61,35,35,36,36,36,36,44,44,39,39,27,67,58,60,44,44,44,44,31,19,19,7,9,33,33,12,12,39,70,53,53,61,61,76,76,74,74,74,74,80,54,69,73,73,27,67,67,80,57,0,0],"gold":36,"neow_bonus":"REMOVE_CARD","is_daily":false,"chose_seed":false,"campfire_upgraded":7,"win_rate":0.0,"timestamp":1608820050,"path_taken":["M","?","M","?","M","E","R","M","T","?","$","?","?","M","R","BOSS","M","M","?","?","$","R","E","M","T","M","?","R","$","E","R","BOSS","M","?","M","?","$","R","M","R","T","?","?","E","$","M","R","BOSS","R","$","E","BOSS"],"items_purchased_type":["Relic","Card","Card","Relic","Card","Relic","Relic","Potion","Relic","Relic"],"build_version":"2020-12-22","purchased_purges":2,"victory":false,"max_hp_per_floor":[80,80,80,80,80,80,80,80,80,80,80,80,80,80,80,80,80,80,80,80,80,80,80,80,80,80,80,80,80,80,80,80,80,80,80,80,80,80,80,80,80,80,80,80,80,80,80,80,80,80,80,80,80,80,80,80],"card_choices":[{"not_picked":["Anger","Sword Boomerang"],"picked":"Shrug It Off","floor":1.0},{"not_picked":["Heavy Blade+1","Shrug It Off"],"picked":"Rampage+1","floor":3.0},{"not_picked":["Iron Wave+1","Seeing Red"],"picked":"Armaments","floor":5.0},{"not_picked":["Armaments","Second Wind"],"picked":"Carnage+1","floor":6.0},{"not_picked":["Havoc","Perfected Strike+1"],"picked":"Twin Strike+1","floor":8.0},{"not_picked":["Discovery","Chill"],"picked":"Streamline+1","floor":12.0},{"not_picked":["Cold Snap+1","Headbutt+1","Masterful Stab+1"],"picked":"SKIP","floor":14.0},{"not_picked":["Impervious","DeusExMachina"],"picked":"Corruption","floor":16.0},{"not_picked":["Cleave+1","Warcry","JustLucky+1"],"picked":"SKIP","floor":18.0},{"not_picked":["Dagger Spray+1","ClearTheMind","Compile Driver+1"],"picked":"SKIP","floor":19.0},{"not_picked":["Tactician+1","True Grit","Unload+1"],"picked":"SKIP","floor":24.0},{"not_picked":["FlurryOfBlows+1","Deep Breath","Dark Embrace"],"picked":"SKIP","floor":25.0},{"not_picked":["PiercingWail","Battle Trance","Twin Strike+1"],"picked":"SKIP","floor":27.0},{"not_picked":["Sever Soul+1","Armaments+1"],"picked":"Panacea","floor":28.0},{"not_picked":["Purity","Power Through"],"picked":"Spot Weakness","floor":31.0},{"not_picked":["Double Tap","Establishment"],"picked":"Impervious","floor":33.0},{"not_picked":["Inflame+1","Sucker Punch+1","Doom and Gloom+1"],"picked":"SKIP","floor":35.0},{"not_picked":["Flash of Steel+1","Impatience"],"picked":"Finesse","floor":36.0},{"not_picked":["Collect+1","Good Instincts","FlurryOfBlows+1"],"picked":"SKIP","floor":37.0},{"not_picked":["Wild Strike+1","Flying Knee+1","Rebound+1"],"picked":"SKIP","floor":41.0},{"not_picked":["Streamline+1","Prostrate+1"],"picked":"Bloodletting","floor":45.0},{"not_picked":["Deflect+1","PathToVictory","Forethought"],"picked":"SKIP","floor":46.0},{"not_picked":["Discovery","Sweeping Beam+1","Clash+1"],"picked":"SKIP","floor":48.0},{"not_picked":["Leap+1","Grand Finale+1"],"picked":"Caltrops","floor":54}],"player_experience":299868,"relics_obtained":[{"floor":6.0,"key":"Lantern"},{"floor":9.0,"key":"Blood Vial"},{"floor":17.0,"key":"Lizard Tail"},{"floor":17.0,"key":"Mercury Hourglass"},{"floor":17.0,"key":"Akabeko"},{"floor":20.0,"key":"Enchiridion"},{"floor":24.0,"key":"Tiny Chest"},{"floor":26.0,"key":"Bag of Preparation"},{"floor":31.0,"key":"MealTicket"},{"floor":43.0,"key":"Mummified Hand"},{"floor":44.0,"key":"Anchor"},{"floor":46.0,"key":"InkBottle"},{"floor":54,"key":"White Beast Statue"}],"event_choices":[{"damage_healed":0.0,"max_hp_gain":0.0,"max_hp_loss":0.0,"gold_gain":0.0,"event_name":"Scrap Ooze","player_choice":"Success","floor":2.0,"gold_loss":0.0,"damage_taken":12.0,"relics_obtained":["Molten Egg 2"]},{"cards_removed":["Strike_R"],"damage_healed":0.0,"max_hp_gain":0.0,"max_hp_loss":0.0,"gold_gain":0.0,"event_name":"Golden Wing","player_choice":"Card Removal","floor":4.0,"gold_loss":0.0,"damage_taken":7.0},{"damage_healed":0.0,"max_hp_gain":0.0,"max_hp_loss":0.0,"gold_gain":0.0,"event_name":"FaceTrader","player_choice":"Trade","floor":10.0,"gold_loss":0.0,"damage_taken":0.0,"relics_obtained":["SsserpentHead"]},{"damage_healed":0.0,"max_hp_gain":0.0,"max_hp_loss":0.0,"gold_gain":0.0,"event_name":"Cursed Tome","player_choice":"Obtained Book","floor":20.0,"gold_loss":0.0,"damage_taken":16.0},{"damage_healed":0.0,"max_hp_gain":0.0,"max_hp_loss":0.0,"gold_gain":0.0,"event_name":"Ghosts","player_choice":"Ignored","floor":21.0,"gold_loss":0.0,"damage_taken":0.0},{"damage_healed":0.0,"max_hp_gain":0.0,"max_hp_loss":0.0,"gold_gain":0.0,"event_name":"SensoryStone","player_choice":"Memory 1","floor":36.0,"gold_loss":0.0,"damage_taken":0.0}],"is_beta":false,"boss_relics":[{"not_picked":["Ectoplasm","Philosopher\u0027s Stone"],"picked":"Calling Bell"},{"not_picked":["Busted Crown","Runic Pyramid"],"picked":"Pandora\u0027s Box"}],"items_purged_floors":[11,13],"is_endless":false,"potions_floor_spawned":[3,6,12,19,24,28,31,33,37],"killed_by":"The Heart","ascension_level":12}}