{"host":"4xikrlo049sozq0n","time":1608779486,"event":{"mods":["AchievementEnabler","BaseMod","BetterRewards","Challenge The Spire","Colored Powertips","Downfall","Energized Spire","Highlight Path","Hubris","Minty Spire (QoL Compilation)","Permanent Neow","Quick Restart","Relic Filter","Relic Sorter","Remove Card Discount Mod","Replay The Spire","StSLib","SuperFastMode","Synergy Search"],"gold_per_floor":[118,118,293,305,278,278,310,310,310,327,0,12,28,45,45,142,142,155,130,12,12,12,12,47,47,72,83,83,98,98,98],"floor_reached":30,"playtime":2157,"items_purged":["Strike_B","Defend_B","Defend_B","Doubt","Strike_B","Strike_B","Strike_B"],"score":385,"play_id":"b80bf0f5-6702-4e91-8526-bfcc8efafba3","local_time":"20201223221126","is_ascension_mode":true,"campfire_choices":[{"data":"Zap","floor":6.0,"key":"SMITH"},{"floor":8.0,"key":"REST"},{"floor":15.0,"key":"REST"},{"data":"Storm","floor":23,"key":"SMITH"},{"data":"Self Repair","floor":25,"key":"SMITH"},{"data":"ReplayGash","floor":28,"key":"SMITH"}],"circlet_count":0,"master_deck":["Defend_B","Defend_B","Zap+1","Dualcast","Leap","Hologram","Ball Lightning","Rebound","Hologram","Self Repair+1","ReplayGash+1","Conserve Battery","Coolheaded","Storm+1","ReplayRNGCard","Sweeping Beam","Sweeping Beam","Heatsinks","Melter","Barrage","Loop+1"],"relics":["Cracked Core","PreservedInsect","Anchor","hubris:MysteriousPyramids","Raider\u0027s Mask","Replay:Bronze Core","hubris:BottledHeart","Juzu Bracelet","Pen Nib"],"acts_visited":["Exordium","TheCity"],"potions_floor_usage":[24,27,29],"damage_taken":[{"damage":1.0,"enemies":"Cultist","floor":1.0,"turns":4.0},{"damage":4.0,"enemies":"Small Slimes","floor":4.0,"turns":3.0},{"damage":29.0,"enemies":"Gremlin Nob","floor":7.0,"turns":4.0},{"damage":0.0,"enemies":"2 Louse","floor":10.0,"turns":2.0},{"damage":6.0,"enemies":"Large Slime","floor":12.0,"turns":4.0},{"damage":1.0,"enemies":"Red Slaver","floor":13.0,"turns":2.0},{"damage":22.0,"enemies":"Lots of Slimes","floor":14.0,"turns":4.0},{"damage":19.0,"enemies":"The Guardian","floor":16.0,"turns":10.0},{"damage":19,"enemies":"Spheric Guardian","floor":18,"turns":4},{"damage":35,"enemies":"2 Thieves","floor":19,"turns":5},{"damage":0,"enemies":"Gremlin Leader","floor":24,"turns":5},{"damage":0,"enemies":"Snecko","floor":27,"turns":4},{"damage":0,"enemies":"3 Cultists","floor":29,"turns":4},{"damage":8,"enemies":"Snake Plant","floor":30,"turns":5}],"seed_played":"-5400381480978403122","potions_obtained":[{"floor":7.0,"key":"Strength Potion"},{"floor":13.0,"key":"Death Potion"},{"floor":14.0,"key":"sneckomod:MuddlingPotion"},{"floor":19,"key":"Adrenaline Potion"},{"floor":27,"key":"SteroidPotion"}],"is_trial":false,"path_per_floor":["M","?","?","M","?","R","E","R","T","M","$","M","M","M","R","B",null,"M","M","$","?","?","R","E","R","T","M","R","M","M"],"character_chosen":"DEFECT","items_purchased":["Self Repair","Raider\u0027s Mask","ReplayGash","Conserve Battery","Heatsinks","Melter"],"campfire_rested":2,"item_purchase_floors":[11,11,11,11,20,20],"current_hp_per_floor":[67,42,42,38,38,38,9,31,31,31,31,32,38,23,45,33,65,53,25,25,1,1,1,1,1,1,1,1,1,0,0],"gold":98,"neow_bonus":"THREE_CARDS","is_daily":false,"chose_seed":false,"campfire_upgraded":4,"win_rate":0.0,"timestamp":1608779486,"path_taken":["M","?","?","M","?","R","E","R","T","M","$","M","M","M","R","BOSS","M","M","$","?","?","R","E","R","T","M","R","M","M"],"items_purchased_type":["Card","Relic","Card","Card","Card","Card"],"build_version":"2020-12-22","purchased_purges":7,"victory":false,"max_hp_per_floor":[75,75,75,75,75,75,75,75,75,75,75,75,75,75,75,75,75,75,75,75,1,1,1,1,1,1,1,1,1,1,1],"card_choices":[{"not_picked":["Go for the Eyes","Steam"],"picked":"Leap","floor":0.0},{"not_picked":["Compile Driver","Go for the Eyes"],"picked":"Hologram","floor":1.0},{"not_picked":["Fusion","Scrape"],"picked":"Ball Lightning","floor":4.0},{"not_picked":["ReplayTheSpireMod:GoodbyeWorld","Capacitor"],"picked":"Rebound","floor":7.0},{"not_picked":["ReplaySolidLightProjector","Turbo"],"picked":"Hologram","floor":10.0},{"not_picked":["Melter","Compile Driver"],"picked":"Coolheaded","floor":12.0},{"not_picked":["Steam","Steam Power"],"picked":"Storm","floor":13.0},{"not_picked":["Turbo","Go for the Eyes","Beam Cell"],"picked":"SKIP","floor":14.0},{"not_picked":["Seek","ReplayTheSpireMod:Omega Cannon"],"picked":"ReplayRNGCard","floor":16.0},{"not_picked":["Lockon","Cold Snap"],"picked":"Sweeping Beam","floor":18},{"not_picked":["Compile Driver+1","Undo+1"],"picked":"Sweeping Beam","floor":19},{"not_picked":["ReplaySort","Crystallizer"],"picked":"Barrage","floor":24},{"not_picked":["Rebound","Turbo","Recycle"],"picked":"SKIP","floor":27},{"not_picked":["BasicCrystalCard","Coolheaded+1"],"picked":"Loop+1","floor":29}],"player_experience":908515,"relics_obtained":[{"floor":7.0,"key":"Anchor"},{"floor":9.0,"key":"hubris:MysteriousPyramids"},{"floor":24,"key":"Juzu Bracelet"},{"floor":26,"key":"Pen Nib"}],"event_choices":[{"damage_healed":0.0,"max_hp_gain":0.0,"max_hp_loss":0.0,"gold_gain":0.0,"event_name":"Scrap Ooze","player_choice":"Success","floor":2.0,"gold_loss":0.0,"damage_taken":25.0,"relics_obtained":["PreservedInsect"]},{"damage_healed":0.0,"max_hp_gain":0.0,"max_hp_loss":0.0,"gold_gain":175.0,"event_name":"Liars Game","player_choice":"AGREE","floor":3.0,"gold_loss":0.0,"damage_taken":0.0,"cards_obtained":["Doubt"]},{"damage_healed":0.0,"max_hp_gain":0.0,"max_hp_loss":0.0,"gold_gain":0.0,"event_name":"World of Goop","player_choice":"Left Gold","floor":5.0,"gold_loss":27.0,"damage_taken":0.0},{"damage_healed":0,"gold_gain":0,"player_choice":"Shed Blood","damage_taken":0,"max_hp_gain":5,"max_hp_loss":0,"event_name":"Forgotten Altar","floor":22,"gold_loss":0}],"is_beta":false,"boss_relics":[{"not_picked":["hubris:GrandSneckoEye","ChewingGum"],"picked":"Replay:Bronze Core"}],"items_purged_floors":[11,11,11,11,11,20,20],"is_endless":false,"potions_floor_spawned":[7,13,14,19,27],"killed_by":"Snake Plant","ascension_level":8}}