{"host":"1tmagqyeywr2w44t","time":1608817936,"event":{"mods":["2.2 Compatiblity","BaseMod","Colored Powertips","Downfall","Minty Spire (QoL Compilation)","Rare Cards Sparkle","Replay The Spire","StSLib","SuperFastMode","The Marked"],"gold_per_floor":[99,110,126,144,144,169,195,195,210,210,226,151,167,167,181,280,280,280,300,319,334,349,349,349,362,382,382,414,514,514,217,232,327,327,177,193,193,16,16,41,41,52,65,65,83,153,153,153,169,169,169,201,21,21,57],"floor_reached":56,"playtime":2793,"items_purged":[],"score":1328,"play_id":"e1027b26-fe7e-45d9-9e69-7fb36ea2e097","local_time":"20201224225216","is_ascension_mode":false,"campfire_choices":[{"data":"champ:Execute","floor":1,"key":"SMITH"},{"floor":10,"key":"RECALL"},{"data":"champ:FocusedGladiator","floor":12,"key":"SMITH"},{"floor":27,"key":"REST"},{"floor":44,"key":"REST"},{"floor":47,"key":"REST"},{"floor":54,"key":"REST"}],"circlet_count":0,"master_deck":["champ:Strike","champ:Strike","champ:Strike","champ:Defend+1","champ:Defend+1","champ:Defend+1","champ:Defend+1","champ:Execute+1","champ:Taunt+1","champ:GladiatorsShout+1","champ:FocusedGladiator+1","champ:GutPunch+1","champ:PreciseThrust","champ:RecklessLeap+1","champ:Riposte","Iron Wave","champ:MurderStrike","champ:Encircle","champ:BerserkerStyle","champ:EnragedBash+1","champ:CrookedStrike","The Bomb","Replay:Bootleg Shield Generator","champ:SwordThrow","champ:FanOfKnives+1","expansioncontent:QuickStudy","Shame","champ:BladeFlurry+1","champ:AdrenalArmor","Magnetism"],"relics":["Busted Crown","Bag of Preparation","Anchor","downfall:HeartBlessingRed","Fusion Hammer","Ice Cream","champ:BlackKnightHelmet","Replay:Bottled Eggs","Vajra","ReplayTheSpireMod:ShopPack","SlaversCollar","downfall:HeartBlessingGreen","downfall:HeartBlessingBlue","ClockworkSouvenir","Replay:Mystery Machine","Ring of Peace","Juzu Bracelet","Mummified Hand","Lantern","Replay:Bandana"],"acts_visited":["Exordium","TheCity","TheBeyond","TheEnding"],"potions_floor_usage":[6,16,28,33,33,33,52,55,55],"damage_taken":[{"damage":13,"enemies":"Jaw Worm","floor":2,"turns":3},{"damage":5,"enemies":"Small Slimes","floor":3,"turns":3},{"damage":5,"enemies":"Cultist","floor":4,"turns":3},{"damage":28,"enemies":"Gremlin Nob","floor":6,"turns":3},{"damage":15,"enemies":"Large Slime","floor":9,"turns":4},{"damage":15,"enemies":"Exordium Thugs","floor":11,"turns":4},{"damage":3,"enemies":"3 Louse","floor":13,"turns":2},{"damage":10,"enemies":"Exordium Thugs","floor":15,"turns":3},{"damage":84,"enemies":"downfall:Ironclad","floor":16,"turns":7},{"damage":31,"enemies":"Shell Parasite","floor":19,"turns":4},{"damage":46,"enemies":"3 Byrds","floor":20,"turns":3},{"damage":30,"enemies":"Cultist and Chosen","floor":21,"turns":4},{"damage":35,"enemies":"Chosen and Byrds","floor":22,"turns":4},{"damage":60,"enemies":"Shelled Parasite and Fungi","floor":25,"turns":4},{"damage":35,"enemies":"Centurion and Healer","floor":26,"turns":4},{"damage":30,"enemies":"Book of Stabbing","floor":28,"turns":5},{"damage":51,"enemies":"Book of Stabbing","floor":29,"turns":5},{"damage":55,"enemies":"downfall:FleeingMerchant","floor":31,"turns":4},{"damage":26,"enemies":"Snecko","floor":32,"turns":3},{"damage":43,"enemies":"downfall:Silent","floor":33,"turns":8},{"damage":6,"enemies":"Orb Walker","floor":36,"turns":2},{"damage":36,"enemies":"downfall:FleeingMerchant","floor":38,"turns":3},{"damage":33,"enemies":"Nemesis","floor":40,"turns":5},{"damage":28,"enemies":"3 Darklings","floor":42,"turns":4},{"damage":8,"enemies":"Sphere and 2 Shapes","floor":43,"turns":3},{"damage":30,"enemies":"Jaw Worm Horde","floor":45,"turns":3},{"damage":47,"enemies":"Maw","floor":49,"turns":5},{"damage":13,"enemies":"downfall:Watcher","floor":50,"turns":4},{"damage":98,"enemies":"downfall:CharBossMerchant","floor":52,"turns":7},{"damage":77,"enemies":"downfall:NeowBoss","floor":55,"turns":15}],"seed_played":"-7989167933644247162","potions_obtained":[{"floor":3,"key":"sneckomod:MuddlingPotion"},{"floor":4,"key":"Dexterity Potion"},{"floor":13,"key":"hexamod:EctoCoolerPotion"},{"floor":15,"key":"SpeedPotion"},{"floor":21,"key":"SpeedPotion"},{"floor":28,"key":"Energy Potion"},{"floor":29,"key":"Swift Potion"},{"floor":33,"key":"Dexterity Potion"},{"floor":40,"key":"Death Potion"},{"floor":42,"key":"ColorlessPotion"},{"floor":46,"key":"Elixir"}],"is_trial":false,"path_per_floor":["R","M","M","M","?","E","T","?","M","R","M","R","M","?","M","B",null,"R","M","M","M","M","?","T","M","M","R","E","?","?","$","M","B",null,"R","M","?","$","?","E","T","M","M","R","M","?","R","?","M","B",null,"E","$","R","B",null],"character_chosen":"THE_CHAMP","items_purchased":["Vajra","ReplayTheSpireMod:ShopPack","ClockworkSouvenir","expansioncontent:QuickStudy","Replay:Mystery Machine","Magnetism"],"campfire_rested":4,"item_purchase_floors":[31,31,38,38,38,53],"current_hp_per_floor":[90,87,87,87,87,74,74,74,74,74,72,72,72,72,67,21,90,90,82,70,70,70,70,70,42,42,69,55,52,52,52,52,51,90,100,100,100,94,94,95,95,77,79,100,100,100,100,100,92,100,100,62,62,92,66],"gold":57,"neow_bonus":"BOSS_RELIC","is_daily":false,"chose_seed":false,"campfire_upgraded":2,"win_rate":0.0,"timestamp":1608817936,"path_taken":["R","M","M","M","?","E","T","?","M","R","M","R","M","?","M","BOSS","R","M","M","M","?","?","T","M","M","R","E","?","?","$","M","BOSS","R","M","?","$","?","E","T","M","M","R","M","?","R","?","M","BOSS","E","$","R","BOSS"],"items_purchased_type":["Relic","Relic","Relic","Card","Relic","Card"],"build_version":"2020-12-22","purchased_purges":0,"victory":true,"max_hp_per_floor":[90,90,90,90,90,90,90,90,90,90,90,90,90,90,90,90,90,90,90,90,90,90,90,90,90,90,90,90,90,90,90,90,90,90,100,100,100,100,100,100,100,100,100,100,100,100,100,100,100,100,100,100,100,100,100],"card_choices":[{"not_picked":[],"picked":"champ:GladiatorsShout","floor":2},{"not_picked":[],"picked":"champ:FocusedGladiator","floor":3},{"not_picked":[],"picked":"champ:GutPunch","floor":4},{"not_picked":[],"picked":"champ:PreciseThrust","floor":6},{"not_picked":["champ:CrookedStrike"],"picked":"SKIP","floor":9},{"not_picked":[],"picked":"champ:RecklessLeap","floor":11},{"not_picked":[],"picked":"champ:Riposte","floor":13},{"not_picked":["champ:GutPunch"],"picked":"SKIP","floor":15},{"not_picked":[],"picked":"champ:MurderStrike","floor":16},{"not_picked":[],"picked":"champ:Encircle","floor":19},{"not_picked":["champ:DefensiveShout"],"picked":"SKIP","floor":20},{"not_picked":["champ:GladiatorsShout+1"],"picked":"SKIP","floor":21},{"not_picked":[],"picked":"champ:BerserkerStyle","floor":22},{"not_picked":[],"picked":"champ:EnragedBash","floor":25},{"not_picked":["champ:EnragedBash"],"picked":"SKIP","floor":26},{"not_picked":["champ:Circumvent+1"],"picked":"SKIP","floor":28},{"not_picked":[],"picked":"champ:CrookedStrike","floor":31},{"not_picked":[],"picked":"The Bomb","floor":31},{"not_picked":[],"picked":"Replay:Bootleg Shield Generator","floor":31},{"not_picked":["champ:PerfectedStrike"],"picked":"SKIP","floor":32},{"not_picked":[],"picked":"champ:SwordThrow","floor":33},{"not_picked":["champ:StanceDance"],"picked":"SKIP","floor":36},{"not_picked":[],"picked":"champ:FanOfKnives+1","floor":38},{"not_picked":["champ:Backstep"],"picked":"SKIP","floor":40},{"not_picked":[],"picked":"champ:BladeFlurry+1","floor":42},{"not_picked":[],"picked":"champ:AdrenalArmor","floor":43},{"not_picked":["champ:Riposte"],"picked":"SKIP","floor":45},{"not_picked":["champ:BerserkersShout+1"],"picked":"SKIP","floor":49},{"not_picked":["champ:DeathBlow"],"picked":"SKIP","floor":52}],"player_experience":165009,"relics_obtained":[{"floor":6,"key":"Bag of Preparation"},{"floor":7,"key":"Anchor"},{"floor":28,"key":"Ice Cream"},{"floor":29,"key":"champ:BlackKnightHelmet"},{"floor":29,"key":"Replay:Bottled Eggs"},{"floor":39,"key":"Ring of Peace"},{"floor":40,"key":"Juzu Bracelet"},{"floor":41,"key":"Mummified Hand"},{"floor":46,"key":"Lantern"},{"floor":52,"key":"Replay:Bandana"}],"event_choices":[{"cards_removed":["Regret"],"damage_healed":0,"gold_gain":0,"player_choice":"Card Removal","damage_taken":0,"max_hp_gain":0,"max_hp_loss":0,"event_name":"The Cleric","floor":8,"gold_loss":0},{"cards_removed":["champ:Strike"],"damage_healed":0,"gold_gain":0,"player_choice":"Took Card","damage_taken":0,"max_hp_gain":0,"max_hp_loss":0,"event_name":"NoteForYourself","floor":14,"gold_loss":0,"cards_obtained":["Iron Wave"]},{"damage_healed":0,"gold_gain":0,"player_choice":"Copied","damage_taken":0,"max_hp_gain":0,"max_hp_loss":0,"event_name":"Duplicator","floor":30,"gold_loss":0,"cards_obtained":["champ:GladiatorsShout"]},{"cards_removed":["champ:GladiatorsShout"],"damage_healed":0,"gold_gain":0,"player_choice":"Removed Skill","damage_taken":0,"max_hp_gain":0,"max_hp_loss":0,"event_name":"Falling","floor":48,"gold_loss":0}],"is_beta":false,"boss_relics":[{"not_picked":["Abe\u0027s Treasure","Runic Dome"],"picked":"Fusion Hammer"},{"not_picked":["Painkiller Herb","Philosopher\u0027s Stone"],"picked":"SlaversCollar"}],"items_purged_floors":[],"is_endless":false,"potions_floor_spawned":[3,4,13,15,21,28,29,32,33,40,42,45,49],"ascension_level":0}}