{"host":"sc0o2qwpf9j16a4i","time":1608847501,"event":{"mods":["AchievementEnabler","BaseMod","BetterRewards","Block Reminder","Colored Map","Colored Powertips","Custom Start","Highlight Path","Minty Spire (QoL Compilation)","Relic Stats"],"gold_per_floor":[111,33,33,50,50,50,84,84,84,96,96,109,134,134,146,158,158],"floor_reached":16,"playtime":210,"items_purged":[],"score":266,"play_id":"10fb6c9f-3acb-4d4f-acaa-d8a8fdc15556","local_time":"20201225000501","is_ascension_mode":true,"campfire_choices":[{"data":"Inflame","floor":6,"key":"SMITH"},{"data":"Wild Strike","floor":8,"key":"SMITH"},{"floor":15,"key":"REST"}],"circlet_count":0,"master_deck":["AscendersBane","Strike_R","Strike_R","Strike_R+1","Strike_R","Strike_R+1","Defend_R","Defend_R","Defend_R","Defend_R","Bash+1","Clothesline","Inflame+1","Wild Strike+1","Sever Soul+1","Fire Breathing","Shockwave"],"relics":["Burning Blood","NeowsBlessing","Blue Candle","Whetstone","Bottled Tornado","Anchor","MawBank"],"acts_visited":["Exordium"],"potions_floor_usage":[16],"damage_taken":[{"damage":0,"enemies":"Jaw Worm","floor":1,"turns":1},{"damage":0,"enemies":"2 Louse","floor":4,"turns":1},{"damage":0,"enemies":"Gremlin Nob","floor":7,"turns":1},{"damage":16,"enemies":"Small Slimes","floor":10,"turns":3},{"damage":10,"enemies":"Red Slaver","floor":12,"turns":2},{"damage":20,"enemies":"Lagavulin","floor":13,"turns":5},{"damage":49,"enemies":"The Guardian","floor":16,"turns":6}],"seed_played":"-2243909152752646756","potions_obtained":[{"floor":4,"key":"SteroidPotion"},{"floor":10,"key":"LiquidBronze"}],"is_trial":false,"path_per_floor":["M","$","?","M","$","R","E","R","T","M","?","M","E","?","R","B"],"character_chosen":"IRONCLAD","items_purchased":["Inflame"],"campfire_rested":1,"item_purchase_floors":[2],"current_hp_per_floor":[74,74,69,75,75,75,75,75,75,65,42,38,24,24,46,0,0],"gold":158,"neow_bonus":"THREE_ENEMY_KILL","is_daily":false,"chose_seed":false,"campfire_upgraded":2,"win_rate":0.0,"timestamp":1608847501,"path_taken":["M","$","?","M","$","R","E","R","T","M","?","M","E","?","R","BOSS"],"items_purchased_type":["Card"],"build_version":"2020-12-22","purchased_purges":0,"victory":false,"max_hp_per_floor":[75,75,75,75,75,75,75,75,75,75,75,75,75,75,75,75,75],"relic_stats":{"counters":[7,19],"Blue Candle":[0],"Whetstone":["Strike_R","Bash"],"MawBank":24,"obtain_stats":[{"Anchor":13,"NeowsBlessing":0,"Blue Candle":3,"Whetstone":7,"Bottled Tornado":9,"MawBank":14,"Burning Blood":0},{"Anchor":6,"NeowsBlessing":0,"Blue Candle":1,"Whetstone":3,"Bottled Tornado":3,"MawBank":6,"Burning Blood":0},{"Anchor":13,"NeowsBlessing":0,"Blue Candle":1,"Whetstone":3,"Bottled Tornado":3,"MawBank":13,"Burning Blood":0}],"Burning Blood":30},"card_choices":[{"not_picked":["Havoc","Sword Boomerang"],"picked":"Clothesline","floor":1},{"not_picked":["Blood for Blood","Perfected Strike"],"picked":"Wild Strike","floor":4},{"not_picked":["Rupture","Clash"],"picked":"Sever Soul","floor":7},{"not_picked":["Exhume","Shrug It Off"],"picked":"Fire Breathing","floor":10},{"not_picked":["Armaments","Blood for Blood"],"picked":"Shockwave","floor":12},{"not_picked":["Dual Wield","Fire Breathing","Intimidate"],"picked":"SKIP","floor":13}],"player_experience":358462,"relics_obtained":[{"floor":7,"key":"Whetstone"},{"floor":9,"key":"Bottled Tornado"},{"floor":13,"key":"Anchor"},{"floor":14,"key":"MawBank"}],"event_choices":[{"damage_healed":0,"gold_gain":0,"player_choice":"Success","damage_taken":5,"relics_obtained":["Blue Candle"],"max_hp_gain":0,"max_hp_loss":0,"event_name":"Scrap Ooze","floor":3,"gold_loss":0},{"damage_healed":0,"gold_gain":0,"player_choice":"Entered Light","damage_taken":23,"max_hp_gain":0,"max_hp_loss":0,"event_name":"Shining Light","floor":11,"gold_loss":0,"cards_upgraded":["Sever Soul","Strike_R"]},{"damage_healed":0,"gold_gain":0,"player_choice":"Relic","damage_taken":0,"max_hp_gain":0,"max_hp_loss":0,"event_name":"Wheel of Change","floor":14,"gold_loss":0}],"is_beta":false,"boss_relics":[],"items_purged_floors":[],"is_endless":false,"potions_floor_spawned":[4,10,13],"killed_by":"The Guardian","ascension_level":20}}