{"host":"1a32ffxog1zcqoh0","time":1608832094,"event":{"mods":["BaseMod","Block Reminder","Colored Map","Colored Powertips","Googly Eyes","Minty Spire (QoL Compilation)","Quick Restart","Rare Cards Sparkle","Relic Stats","StSLib","Unceasing Turn Reminder","everything is the same but u backflip on backflip","slay the spire mod where everything is the same but ironclad has a cowboy hat"],"gold_per_floor":[209,209,33,49,62,62,96,96,120,145,145,14,14,25,25,126,126,137,157,256,171,20,48,48,80,80,80,90,15,15,40,40,40,40],"floor_reached":33,"playtime":2452,"items_purged":["Pain"],"score":386,"play_id":"3b55c263-1849-4215-9f17-3afcf04a28f8","local_time":"20201224124814","is_ascension_mode":true,"campfire_choices":[{"data":"Underhanded Strike","floor":6,"key":"SMITH"},{"floor":8,"key":"REST"},{"data":"Tools of the Trade","floor":11,"key":"SMITH"},{"data":"Dagger Throw","floor":13,"key":"SMITH"},{"data":"Underhanded Strike","floor":15,"key":"SMITH"},{"floor":24,"key":"REST"},{"floor":27,"key":"REST"},{"floor":32,"key":"REST"}],"circlet_count":0,"master_deck":["Strike_G","Strike_G+1","Strike_G+1","Defend_G+1","Defend_G","Defend_G","Defend_G+1","Survivor","Neutralize","Prepared","Underhanded Strike+1","Dagger Throw+1","Slice","Footwork","Quick Slash","Tools of the Trade+1","Escape Plan","Dagger Spray","Underhanded Strike+1","Riddle With Holes+1","Eviscerate+1","Underhanded Strike+1","Calculated Gamble","Dagger Spray","Adrenaline","Predator+1","Flying Knee","Blade Dance"],"relics":["Ring of the Snake","WarpedTongs","Bronze Scales","Nunchaku","Ancient Tea Set","Astrolabe","Bag of Preparation","Pen Nib","Question Card","War Paint","Whetstone","MutagenicStrength","Bottled Lightning"],"acts_visited":["Exordium","TheCity"],"potions_floor_usage":[7,10,16,19,31],"damage_taken":[{"damage":4,"enemies":"Small Slimes","floor":1,"turns":5},{"damage":0,"enemies":"Cultist","floor":4,"turns":3},{"damage":0,"enemies":"2 Louse","floor":5,"turns":2},{"damage":17,"enemies":"Lagavulin","floor":7,"turns":6},{"damage":13,"enemies":"3 Sentries","floor":10,"turns":9},{"damage":0,"enemies":"Exordium Wildlife","floor":14,"turns":3},{"damage":25,"enemies":"The Guardian","floor":16,"turns":10},{"damage":6,"enemies":"Shell Parasite","floor":18,"turns":3},{"damage":7,"enemies":"3 Byrds","floor":19,"turns":4},{"damage":22,"enemies":"Book of Stabbing","floor":23,"turns":4},{"damage":9,"enemies":"Slavers","floor":25,"turns":3},{"damage":0,"enemies":"Snecko","floor":28,"turns":2},{"damage":9,"enemies":"Book of Stabbing","floor":31,"turns":1},{"damage":72,"enemies":"Collector","floor":33,"turns":7}],"seed_played":"-955644275102086976","potions_obtained":[{"floor":1,"key":"GamblersBrew"},{"floor":7,"key":"SneckoOil"},{"floor":10,"key":"AttackPotion"},{"floor":16,"key":"Energy Potion"},{"floor":25,"key":"BlessingOfTheForge"}],"is_trial":false,"path_per_floor":["M","?","$","M","M","R","E","R","T","E","R","$","R","M","R","B",null,"M","M","?","?","$","E","R","E","T","R","M","?","?","E","R","B"],"character_chosen":"THE_SILENT","items_purchased":["Underhanded Strike","Dagger Throw","Escape Plan","Dagger Spray","Pen Nib"],"campfire_rested":4,"item_purchase_floors":[3,3,12,12,22],"current_hp_per_floor":[66,66,66,66,66,66,49,70,70,57,57,57,57,57,57,32,61,55,48,48,48,48,26,47,38,38,59,59,59,59,50,70,0,0],"gold":40,"neow_bonus":"HUNDRED_GOLD","is_daily":false,"chose_seed":false,"campfire_upgraded":4,"win_rate":0.0,"timestamp":1608832094,"path_taken":["M","?","?","?","M","R","E","R","T","E","R","?","R","M","R","BOSS","M","M","?","?","?","E","R","E","T","R","M","?","?","E","R","BOSS"],"items_purchased_type":["Card","Card","Card","Card","Relic"],"build_version":"2020-12-22","purchased_purges":1,"victory":false,"max_hp_per_floor":[70,70,70,70,70,70,70,70,70,70,70,70,70,70,70,70,70,70,70,70,70,70,70,70,70,70,70,70,70,70,70,70,70,70],"relic_stats":{"Nunchaku":[12],"counters":[14,62],"Bronze Scales":[153],"Astrolabe":["Riddle With Holes","Eviscerate","Underhanded Strike"],"Pen Nib":[6],"Bag of Preparation":[10],"Whetstone":["Strike_G","Strike_G"],"War Paint":["Defend_G","Defend_G"],"Question Card":3,"obtain_stats":[{"Astrolabe":17,"Pen Nib":22,"Bag of Preparation":21,"Whetstone":26,"War Paint":25,"Ancient Tea Set":10,"Question Card":23,"WarpedTongs":2,"Nunchaku":9,"Bronze Scales":7,"MutagenicStrength":30,"Bottled Lightning":31,"Ring of the Snake":0},{"Astrolabe":7,"Pen Nib":9,"Bag of Preparation":9,"Whetstone":11,"War Paint":11,"Ancient Tea Set":5,"Question Card":10,"WarpedTongs":1,"Nunchaku":4,"Bronze Scales":4,"MutagenicStrength":12,"Bottled Lightning":13,"Ring of the Snake":0},{"Astrolabe":38,"Pen Nib":45,"Bag of Preparation":45,"Whetstone":52,"War Paint":52,"Ancient Tea Set":25,"Question Card":49,"WarpedTongs":5,"Nunchaku":16,"Bronze Scales":16,"MutagenicStrength":54,"Bottled Lightning":55,"Ring of the Snake":0}],"Ring of the Snake":[28],"WarpedTongs":[56]},"card_choices":[{"not_picked":["Caltrops","Catalyst"],"picked":"Prepared","floor":1},{"not_picked":["Endless Agony","Caltrops"],"picked":"Slice","floor":4},{"not_picked":["Deflect","Leg Sweep"],"picked":"Footwork","floor":5},{"not_picked":["Deflect","Storm of Steel"],"picked":"Quick Slash","floor":7},{"not_picked":["Underhanded Strike","Outmaneuver"],"picked":"Tools of the Trade","floor":10},{"not_picked":["Deflect","Backflip"],"picked":"Underhanded Strike","floor":14},{"not_picked":["Unload","Tools of the Trade"],"picked":"After Image","floor":16},{"not_picked":["Backstab","Masterful Stab"],"picked":"Calculated Gamble","floor":18},{"not_picked":["Sucker Punch","Finisher"],"picked":"Dagger Spray","floor":19},{"not_picked":["Bouncing Flask","Slice"],"picked":"Adrenaline","floor":23},{"not_picked":["Backflip","Footwork","Quick Slash"],"picked":"Predator+1","floor":25},{"not_picked":["Cloak And Dagger","Slice","Catalyst+1"],"picked":"Flying Knee","floor":28},{"not_picked":["Leg Sweep","Flying Knee","PiercingWail"],"picked":"Blade Dance","floor":31}],"player_experience":264437,"relics_obtained":[{"floor":7,"key":"Bronze Scales"},{"floor":9,"key":"Nunchaku"},{"floor":10,"key":"Ancient Tea Set"},{"floor":23,"key":"Question Card"},{"floor":25,"key":"War Paint"},{"floor":26,"key":"Whetstone"},{"floor":31,"key":"Bottled Lightning"}],"event_choices":[{"damage_healed":0,"gold_gain":0,"player_choice":"Rummage","damage_taken":0,"relics_obtained":["WarpedTongs"],"max_hp_gain":0,"max_hp_loss":0,"event_name":"Accursed Blacksmith","floor":2,"gold_loss":0,"cards_obtained":["Pain"]},{"damage_healed":0,"gold_gain":99,"player_choice":"Stole From Cult","damage_taken":0,"max_hp_gain":0,"max_hp_loss":0,"event_name":"Nest","floor":20,"gold_loss":0},{"damage_healed":0,"gold_gain":0,"player_choice":"Obtained Relic","damage_taken":0,"relics_obtained":["Bag of Preparation"],"max_hp_gain":0,"max_hp_loss":0,"event_name":"Addict","floor":21,"gold_loss":85},{"cards_removed":["Strike_G"],"damage_healed":0,"gold_gain":0,"player_choice":"Gave Gold","damage_taken":0,"max_hp_gain":0,"max_hp_loss":0,"event_name":"Beggar","floor":29,"gold_loss":75},{"damage_healed":0,"gold_gain":0,"player_choice":"Inject Mutagens","damage_taken":0,"relics_obtained":["MutagenicStrength"],"max_hp_gain":0,"max_hp_loss":0,"event_name":"Drug Dealer","floor":30,"gold_loss":0}],"is_beta":false,"boss_relics":[{"not_picked":["Runic Dome","Runic Pyramid"],"picked":"Astrolabe"}],"items_purged_floors":[3],"is_endless":false,"potions_floor_spawned":[1,7,10,16,25],"killed_by":"Collector","ascension_level":5}}