{"host":"idmgg8r816nmas40","time":1608789643,"event":{"mods":["AchievementEnabler","BaseMod","BetterRewards","Colored Map","Colored Powertips","DeckTracker","Highlight Path","Minty Spire (QoL Compilation)","Quick Restart","Relic Stats","SuperFastMode","Transform Curses"],"gold_per_floor":[112,125,125,77,92,132,132,132,132,167,192,192,216,249,249,377,377,401,401,167,167,67,100,100,100,146,146,161,161,196,209,209,328,328,349,682,682,732,478,813,832,858,858,893,912,912,992,992,992,992],"floor_reached":51,"playtime":2174,"items_purged":["Regret"],"score":1689,"play_id":"b48eebac-5fd9-4085-a7b6-4c0548cd9417","local_time":"20201224000043","is_ascension_mode":true,"campfire_choices":[{"floor":7.0,"key":"REST"},{"data":"Dramatic Entrance","floor":12.0,"key":"SMITH"},{"floor":15.0,"key":"REST"},{"floor":25.0,"key":"REST"},{"floor":27.0,"key":"REST"},{"data":"Devotion","floor":32.0,"key":"SMITH"},{"floor":49,"key":"REST"}],"circlet_count":0,"master_deck":["AscendersBane","Strike_P+1","Strike_P+1","Strike_P+1","Defend_P+1","Defend_P+1","Defend_P+1","Defend_P+1","Eruption","Vigilance","Dramatic Entrance+1","Evaluate","Consecrate","Sanctity","FollowUp","FlurryOfBlows","Devotion+1","TalkToTheHand+1","WindmillStrike","Devotion","BowlingBash","Omniscience+1","CrushJoints+1","FlurryOfBlows","Ragnarok+1","FlurryOfBlows","Scrawl","FlyingSleeves+1","TalkToTheHand","Wish","FollowUp","Tantrum","Alpha","Consecrate","ClearTheMind+1","Crescendo+1","Blind"],"relics":["PureWater","Lee\u0027s Waffle","Regal Pillow","Lizard Tail","Sling","GoldenEye","Shuriken","Darkstone Periapt","Akabeko","Question Card","Black Star","Membership Card","DollysMirror","Prayer Wheel","Art of War","Damaru","MealTicket","StrikeDummy","Philosopher\u0027s Stone","CaptainsWheel","InkBottle","Happy Flower","PreservedInsect","Old Coin","Strawberry","Whetstone","White Beast Statue","Bottled Flame","CloakClasp","Bottled Tornado"],"acts_visited":["Exordium","TheCity","TheBeyond"],"potions_floor_usage":[45],"damage_taken":[{"damage":1.0,"enemies":"2 Louse","floor":1.0,"turns":2.0},{"damage":7.0,"enemies":"Jaw Worm","floor":2.0,"turns":3.0},{"damage":0.0,"enemies":"Small Slimes","floor":5.0,"turns":1.0},{"damage":16.0,"enemies":"Lagavulin","floor":6.0,"turns":5.0},{"damage":8.0,"enemies":"3 Sentries","floor":10.0,"turns":2.0},{"damage":13.0,"enemies":"Exordium Thugs","floor":11.0,"turns":3.0},{"damage":11.0,"enemies":"Large Slime","floor":13.0,"turns":5.0},{"damage":15.0,"enemies":"Gremlin Nob","floor":14.0,"turns":4.0},{"damage":58.0,"enemies":"Slime Boss","floor":16.0,"turns":10.0},{"damage":17.0,"enemies":"2 Thieves","floor":18.0,"turns":2.0},{"damage":60.0,"enemies":"Book of Stabbing","floor":23.0,"turns":6.0},{"damage":0.0,"enemies":"Spheric Guardian","floor":28.0,"turns":1.0},{"damage":0.0,"enemies":"Gremlin Leader","floor":30.0,"turns":4.0},{"damage":0.0,"enemies":"Centurion and Healer","floor":31.0,"turns":2.0},{"damage":21.0,"enemies":"Collector","floor":33.0,"turns":5.0},{"damage":4.0,"enemies":"Orb Walker","floor":35.0,"turns":2.0},{"damage":0.0,"enemies":"Mind Bloom Boss Battle","floor":38.0,"turns":3.0},{"damage":20.0,"enemies":"Giant Head","floor":40.0,"turns":4.0},{"damage":22.0,"enemies":"3 Darklings","floor":41.0,"turns":4.0},{"damage":20.0,"enemies":"Nemesis","floor":42.0,"turns":3.0},{"damage":6.0,"enemies":"Giant Head","floor":44.0,"turns":4.0},{"damage":6,"enemies":"Sphere and 2 Shapes","floor":45,"turns":2},{"damage":1,"enemies":"Time Eater","floor":50,"turns":4}],"seed_played":"1410982037624463578","potions_obtained":[{"floor":6.0,"key":"Swift Potion"},{"floor":11.0,"key":"BlessingOfTheForge"},{"floor":13.0,"key":"BottledMiracle"},{"floor":16.0,"key":"CultistPotion"},{"floor":28.0,"key":"Swift Potion"},{"floor":31.0,"key":"Swift Potion"},{"floor":33.0,"key":"BlessingOfTheForge"},{"floor":35.0,"key":"Dexterity Potion"},{"floor":45,"key":"FearPotion"}],"is_trial":false,"path_per_floor":["M","M","?","$","M","E","R","?","T","E","M","R","M","E","R","B",null,"M","?","$","?","$","E","?","R","T","R","M","?","E","M","R","B",null,"M","?","?","?","$","E","M","E","T","E","M","?","T","?","R","B",null],"character_chosen":"WATCHER","items_purchased":["Lee\u0027s Waffle","Regal Pillow","Sling","Dramatic Entrance","Consecrate","Membership Card","AttackPotion","WindmillStrike","DollysMirror","BowlingBash","InkBottle","Happy Flower","FairyPotion"],"campfire_rested":5,"item_purchase_floors":[0,0,0,0,4,20,20,20,22,22,39,39,39],"current_hp_per_floor":[78,71,52,52,52,36,74,74,74,66,53,53,42,27,65,7,61,44,44,44,70,70,10,10,48,48,79,79,79,79,79,79,58,74,70,70,70,70,79,59,37,24,24,18,12,12,12,12,52,51],"gold":992,"neow_bonus":"","is_daily":false,"chose_seed":false,"campfire_upgraded":2,"win_rate":0.0,"timestamp":1608789643,"path_taken":["M","M","?","$","M","E","R","?","T","E","M","R","M","E","R","BOSS","M","?","$","?","$","E","?","R","T","R","M","?","E","M","R","BOSS","M","?","?","?","$","E","?","E","T","E","M","?","?","?","R","BOSS"],"items_purchased_type":["Relic","Relic","Relic","Card","Card","Relic","Potion","Card","Relic","Card","Relic","Relic","Potion"],"build_version":"2020-12-22","purchased_purges":1,"victory":true,"max_hp_per_floor":[79,79,79,79,79,79,79,79,79,79,79,79,79,79,79,79,79,79,79,79,79,79,79,79,79,79,79,79,79,79,79,79,79,79,79,79,79,79,79,79,79,86,86,86,86,86,86,86,86,86],"relic_stats":{"Darkstone Periapt":12,"Lee\u0027s Waffle":14,"Regal Pillow":68,"Happy Flower":[7],"counters":[160,606],"PreservedInsect":180,"CloakClasp":[19],"Whetstone":["TalkToTheHand","Ragnarok"],"GoldenEye":[0],"Question Card":21,"Lizard Tail":0,"Shuriken":[45],"Prayer Wheel":5,"MealTicket":9,"Black Star":5,"Art of War":[1],"obtain_stats":[{"TwistedFunnel":20,"Spirit Poop":3,"Whetstone":22,"Bottled Tornado":6,"Sling":0,"Boot":6,"Old Coin":40,"Sundial":11,"MealTicket":43,"Fusion Hammer":34,"HandDrill":0,"Pear":48,"Pen Nib":6,"Paper Crane":44,"Akabeko":0,"MutagenicStrength":20,"Snecko Eye":34,"Pandora\u0027s Box":17,"Mark of Pain":34,"StrikeDummy":0,"Unceasing Top":36,"Lantern":22,"Regal Pillow":9,"Singing Bowl":44,"Torii":0,"Magic Flower":0,"Bag of Preparation":5,"Burning Blood":0,"Matryoshka":26,"WingedGreaves":13,"InkBottle":43,"Ring of the Snake":0,"Lee\u0027s Waffle":0,"Self Forming Clay":37,"Golden Idol":13,"Damaru":26,"Thread and Needle":22,"The Courier":17,"PreservedInsect":40,"Frozen Egg 2":0,"MawBank":44,"GoldenEye":6,"Ornamental Fan":8,"Orrery":0,"Art of War":25,"Bottled Lightning":14,"Toy Ornithopter":37,"Ice Cream":28,"Tiny House":17,"Gremlin Horn":31,"CeramicFish":46,"Vajra":23,"Centennial Puzzle":9,"Lizard Tail":0,"DollysMirror":4,"Strawberry":43,"Philosopher\u0027s Stone":34,"Prayer Wheel":23,"Toxic Egg 2":43,"Girya":11,"Happy Flower":37,"Oddly Smooth Stone":17,"Charon\u0027s Ashes":0,"War Paint":48,"Question Card":14,"OrangePellets":0,"Bottled Flame":44,"Brimstone":22,"Shuriken":24,"Bronze Scales":3,"Molten Egg 2":9,"Black Star":17,"Meat on the Bone":26,"Darkstone Periapt":0,"Black Blood":17,"Enchiridion":27,"Mango":28,"Snake Skull":8,"Juzu Bracelet":40,"Incense Burner":45,"CloakClasp":44,"Nunchaku":24,"Dream Catcher":27,"Mummified Hand":8,"Pantograph":6,"Tiny Chest":9,"Red Mask":30,"Red Skull":37,"Odd Mushroom":14,"White Beast Statue":40,"Mercury Hourglass":0,"Calling Bell":17,"Peace Pipe":9,"CaptainsWheel":39,"Bag of Marbles":42,"Membership Card":0,"PureWater":0,"FossilizedHelix":46,"TungstenRod":0},{"TwistedFunnel":89,"Spirit Poop":108,"Whetstone":61,"Bottled Tornado":124,"Sling":26,"Boot":52,"Old Coin":155,"Sundial":114,"MealTicket":45,"Fusion Hammer":41,"HandDrill":26,"Pear":77,"Pen Nib":29,"Paper Crane":104,"Akabeko":26,"MutagenicStrength":10,"Snecko Eye":97,"Pandora\u0027s Box":58,"Mark of Pain":70,"StrikeDummy":0,"Unceasing Top":99,"Lantern":10,"Regal Pillow":53,"Singing Bowl":23,"Torii":79,"Magic Flower":48,"Bag of Preparation":28,"Burning Blood":0,"Matryoshka":11,"WingedGreaves":7,"InkBottle":22,"Ring of the Snake":0,"Lee\u0027s Waffle":137,"Self Forming Clay":43,"Golden Idol":126,"Damaru":148,"Thread and Needle":61,"The Courier":33,"PreservedInsect":155,"Frozen Egg 2":0,"MawBank":76,"GoldenEye":141,"Ornamental Fan":125,"Orrery":0,"Art of War":63,"Bottled Lightning":32,"Toy Ornithopter":72,"Ice Cream":66,"Tiny House":128,"Gremlin Horn":15,"CeramicFish":46,"Vajra":62,"Centennial Puzzle":29,"Lizard Tail":137,"DollysMirror":2,"Strawberry":22,"Philosopher\u0027s Stone":16,"Prayer Wheel":148,"Toxic Egg 2":75,"Girya":6,"Happy Flower":72,"Oddly Smooth Stone":33,"Charon\u0027s Ashes":26,"War Paint":77,"Question Card":145,"OrangePellets":48,"Bottled Flame":158,"Brimstone":10,"Shuriken":11,"Bronze Scales":27,"Molten Egg 2":4,"Black Star":146,"Meat on the Bone":92,"Darkstone Periapt":107,"Black Blood":8,"Enchiridion":39,"Mango":13,"Snake Skull":112,"Juzu Bracelet":45,"Incense Burner":46,"CloakClasp":158,"Nunchaku":38,"Dream Catcher":64,"Mummified Hand":53,"Pantograph":4,"Tiny Chest":112,"Red Mask":95,"Red Skull":43,"Odd Mushroom":57,"White Beast Statue":21,"Mercury Hourglass":26,"Calling Bell":33,"Peace Pipe":84,"CaptainsWheel":20,"Bag of Marbles":22,"Membership Card":48,"PureWater":0,"FossilizedHelix":24,"TungstenRod":48},{"TwistedFunnel":297,"Spirit Poop":380,"Whetstone":205,"Bottled Tornado":454,"Sling":87,"Boot":185,"Old Coin":589,"Sundial":407,"MealTicket":158,"Fusion Hammer":146,"HandDrill":87,"Pear":247,"Pen Nib":94,"Paper Crane":360,"Akabeko":87,"MutagenicStrength":39,"Snecko Eye":328,"Pandora\u0027s Box":197,"Mark of Pain":227,"StrikeDummy":0,"Unceasing Top":335,"Lantern":39,"Regal Pillow":187,"Singing Bowl":79,"Torii":257,"Magic Flower":172,"Bag of Preparation":90,"Burning Blood":0,"Matryoshka":41,"WingedGreaves":24,"InkBottle":76,"Ring of the Snake":0,"Lee\u0027s Waffle":525,"Self Forming Clay":150,"Golden Idol":466,"Damaru":568,"Thread and Needle":205,"The Courier":111,"PreservedInsect":589,"Frozen Egg 2":0,"MawBank":244,"GoldenEye":536,"Ornamental Fan":462,"Orrery":0,"Art of War":210,"Bottled Lightning":100,"Toy Ornithopter":231,"Ice Cream":216,"Tiny House":479,"Gremlin Horn":51,"CeramicFish":163,"Vajra":208,"Centennial Puzzle":94,"Lizard Tail":525,"DollysMirror":5,"Strawberry":76,"Philosopher\u0027s Stone":56,"Prayer Wheel":568,"Toxic Egg 2":240,"Girya":20,"Happy Flower":231,"Oddly Smooth Stone":111,"Charon\u0027s Ashes":87,"War Paint":247,"Question Card":550,"OrangePellets":172,"Bottled Flame":600,"Brimstone":39,"Shuriken":41,"Bronze Scales":89,"Molten Egg 2":14,"Black Star":560,"Meat on the Bone":308,"Darkstone Periapt":376,"Black Blood":30,"Enchiridion":132,"Mango":47,"Snake Skull":400,"Juzu Bracelet":158,"Incense Burner":163,"CloakClasp":600,"Nunchaku":130,"Dream Catcher":213,"Mummified Hand":187,"Pantograph":14,"Tiny Chest":400,"Red Mask":318,"Red Skull":150,"Odd Mushroom":194,"White Beast Statue":73,"Mercury Hourglass":87,"Calling Bell":111,"Peace Pipe":275,"CaptainsWheel":68,"Bag of Marbles":76,"Membership Card":172,"PureWater":0,"FossilizedHelix":81,"TungstenRod":172}],"InkBottle":[33]},"card_choices":[{"not_picked":["MentalFortress","WindmillStrike"],"picked":"Evaluate","floor":1.0},{"not_picked":["Weave","PathToVictory","Meditate"],"picked":"SKIP","floor":2.0},{"not_picked":["CutThroughFate","Halt"],"picked":"Sanctity","floor":5.0},{"not_picked":["Evaluate","WindmillStrike","Worship"],"picked":"SKIP","floor":6.0},{"not_picked":["EmptyBody","Conclude","SignatureMove"],"picked":"SKIP","floor":10.0},{"not_picked":["WheelKick","Sanctity","LikeWater"],"picked":"SKIP","floor":11.0},{"not_picked":["EmptyBody","SashWhip"],"picked":"FollowUp","floor":13.0},{"not_picked":["SandsOfTime","Nirvana"],"picked":"FlurryOfBlows","floor":14.0},{"not_picked":["Scrawl","DeusExMachina","Vault"],"picked":"Devotion","floor":16.0},{"not_picked":["BowlingBash","Swivel+1","Evaluate"],"picked":"TalkToTheHand","floor":18.0},{"not_picked":["ForeignInfluence","Fasting2+1","LikeWater"],"picked":"Omniscience","floor":23.0},{"not_picked":["Conclude","FlyingSleeves","ClearTheMind"],"picked":"CrushJoints+1","floor":28.0},{"not_picked":["SashWhip","Protect","CutThroughFate"],"picked":"FlurryOfBlows","floor":28.0},{"not_picked":["MentalFortress","EmptyFist+1","Protect"],"picked":"Ragnarok","floor":30.0},{"not_picked":["BowlingBash","FearNoEvil","Collect"],"picked":"FlurryOfBlows","floor":31.0},{"not_picked":["InnerPeace","Vengeance","Halt","Collect"],"picked":"SKIP","floor":31.0},{"not_picked":["SpiritShield","Alpha","Vault"],"picked":"Scrawl","floor":33.0},{"not_picked":["WreathOfFlame+1","MentalFortress","FollowUp+1"],"picked":"FlyingSleeves+1","floor":35.0},{"not_picked":["FlyingSleeves","Perseverance","ClearTheMind","JustLucky"],"picked":"SKIP","floor":35.0},{"not_picked":["FollowUp","PathToVictory","CarveReality"],"picked":"TalkToTheHand","floor":38.0},{"not_picked":["Ragnarok","CarveReality+1","ThirdEye"],"picked":"Wish","floor":40.0},{"not_picked":["JustLucky","Evaluate","EmptyBody+1"],"picked":"FollowUp","floor":41.0},{"not_picked":["CrushJoints","Consecrate","Protect"],"picked":"Tantrum","floor":41.0},{"not_picked":["Collect","WheelKick","Halt"],"picked":"Alpha","floor":42.0},{"not_picked":["Pray","Alpha","Omniscience"],"picked":"Consecrate","floor":44.0},{"not_picked":["JustLucky","FlyingSleeves+1","CutThroughFate"],"picked":"ClearTheMind+1","floor":45},{"not_picked":["WindmillStrike+1","CrushJoints","PathToVictory"],"picked":"Crescendo+1","floor":45},{"not_picked":["Swift Strike","Discovery","Jack Of All Trades"],"picked":"Blind","floor":48}],"player_experience":1003647,"relics_obtained":[{"floor":6.0,"key":"GoldenEye"},{"floor":9.0,"key":"Darkstone Periapt"},{"floor":10.0,"key":"Akabeko"},{"floor":14.0,"key":"Question Card"},{"floor":23.0,"key":"Prayer Wheel"},{"floor":23.0,"key":"Art of War"},{"floor":26.0,"key":"Damaru"},{"floor":30.0,"key":"MealTicket"},{"floor":30.0,"key":"StrikeDummy"},{"floor":38.0,"key":"CaptainsWheel"},{"floor":40.0,"key":"PreservedInsect"},{"floor":40.0,"key":"Old Coin"},{"floor":42.0,"key":"Strawberry"},{"floor":42.0,"key":"Whetstone"},{"floor":43.0,"key":"White Beast Statue"},{"floor":44.0,"key":"Bottled Flame"},{"floor":44.0,"key":"CloakClasp"},{"floor":47,"key":"Bottled Tornado"}],"event_choices":[{"damage_healed":0.0,"max_hp_gain":0.0,"max_hp_loss":0.0,"gold_gain":0.0,"event_name":"Golden Idol","player_choice":"Take Damage","floor":3.0,"gold_loss":0.0,"damage_taken":19.0,"relics_obtained":["Golden Idol"]},{"damage_healed":0.0,"max_hp_gain":0.0,"max_hp_loss":0.0,"gold_gain":0.0,"event_name":"Big Fish","player_choice":"Box","floor":8.0,"gold_loss":0.0,"damage_taken":0.0,"relics_obtained":["Shuriken"],"cards_obtained":["Regret"]},{"damage_healed":0.0,"max_hp_gain":0.0,"max_hp_loss":0.0,"gold_gain":0.0,"event_name":"Back to Basics","player_choice":"Simplicity","floor":19.0,"gold_loss":0.0,"damage_taken":0.0,"cards_upgraded":["Strike_P","Strike_P","Strike_P","Strike_P","Defend_P","Defend_P","Defend_P","Defend_P"]},{"damage_healed":26.0,"max_hp_gain":0.0,"max_hp_loss":0.0,"gold_gain":0.0,"event_name":"The Library","player_choice":"Heal","floor":21.0,"gold_loss":0.0,"damage_taken":0.0},{"damage_healed":0.0,"max_hp_gain":0.0,"max_hp_loss":0.0,"gold_gain":0.0,"event_name":"Vampires","player_choice":"Ignored","floor":24.0,"gold_loss":0.0,"damage_taken":0.0},{"damage_healed":0.0,"max_hp_gain":0.0,"max_hp_loss":0.0,"gold_gain":0.0,"event_name":"Upgrade Shrine","player_choice":"Upgraded","floor":29.0,"gold_loss":0.0,"damage_taken":0.0,"cards_upgraded":["Omniscience"]},{"damage_healed":0.0,"max_hp_gain":0.0,"max_hp_loss":0.0,"gold_gain":333.0,"event_name":"The Moai Head","player_choice":"Gave Idol","floor":36.0,"relics_lost":["Golden Idol"],"gold_loss":0.0,"damage_taken":0.0},{"damage_healed":0.0,"max_hp_gain":0.0,"max_hp_loss":0.0,"gold_gain":0.0,"event_name":"Tomb of Lord Red Mask","player_choice":"Ignored","floor":37.0,"gold_loss":0.0,"damage_taken":0.0},{"damage_healed":0.0,"max_hp_gain":0.0,"max_hp_loss":0.0,"gold_gain":0.0,"event_name":"MindBloom","player_choice":"Fight","floor":38.0,"gold_loss":0.0,"damage_taken":0.0},{"cards_removed":["Strike_P"],"damage_healed":0,"gold_gain":0,"player_choice":"Removed Attack","damage_taken":0,"max_hp_gain":0,"max_hp_loss":0,"event_name":"Falling","floor":46,"gold_loss":0},{"damage_healed":0,"gold_gain":0,"player_choice":"Memory 1","damage_taken":0,"max_hp_gain":0,"max_hp_loss":0,"event_name":"SensoryStone","floor":48,"gold_loss":0}],"is_beta":false,"boss_relics":[{"not_picked":["Sozu","Astrolabe"],"picked":"Black Star"},{"not_picked":["Empty Cage","Fusion Hammer"],"picked":"Philosopher\u0027s Stone"}],"items_purged_floors":[20],"is_endless":false,"potions_floor_spawned":[6,11,13,16,28,31,33,35,40,44,45],"ascension_level":12}}