{"host":"873t0y8ybyo38pfq","time":1608841297,"event":{"mods":["BaseMod","Colored Map","Highlight Path","Minty Spire (QoL Compilation)","Rare Cards Sparkle","StSLib"],"gold_per_floor":[117,192,192,192,210,210,0,35,112,112,23,73,73,96,96,189,189,203,227,251,251,251,284,284,284],"floor_reached":24,"playtime":403,"items_purged":[],"score":474,"play_id":"5e46a738-df29-4d2d-9d31-77a3b8055483","local_time":"20201224152137","is_ascension_mode":true,"campfire_choices":[{"data":"Neutralize","floor":6,"key":"SMITH"},{"data":"Die Die Die","floor":10,"key":"SMITH"},{"data":"Noxious Fumes","floor":13,"key":"SMITH"},{"data":"Deadly Poison","floor":15,"key":"SMITH"}],"circlet_count":0,"master_deck":["AscendersBane","Strike_G","Strike_G","Defend_G","Defend_G","Defend_G","Defend_G","Defend_G","Survivor","Neutralize+1","Backstab","Deadly Poison+1","Die Die Die+1","Noxious Fumes+1","Corpse Explosion","Tactician+1","Distraction+1","Cloak And Dagger+1","Cloak And Dagger+1","Pain","Venomology"],"relics":["Ring of the Snake","NeowsBlessing","Golden Idol","Vajra","Akabeko","Sundial","Astrolabe","WarpedTongs","Ancient Tea Set"],"acts_visited":["Exordium","TheCity"],"potions_floor_usage":[19,20,23,23],"damage_taken":[{"damage":0,"enemies":"Small Slimes","floor":1,"turns":1},{"damage":0,"enemies":"2 Louse","floor":5,"turns":1},{"damage":0,"enemies":"Gremlin Nob","floor":8,"turns":1},{"damage":2,"enemies":"Jaw Worm","floor":14,"turns":2},{"damage":16,"enemies":"Hexaghost","floor":16,"turns":9},{"damage":13,"enemies":"Shell Parasite","floor":18,"turns":6},{"damage":5,"enemies":"Spheric Guardian","floor":19,"turns":5},{"damage":26,"enemies":"Shelled Parasite and Fungi","floor":20,"turns":7},{"damage":40,"enemies":"Gremlin Leader","floor":23,"turns":7},{"damage":1,"enemies":"Sentry and Sphere","floor":24,"turns":2}],"seed_played":"-8834513796864139182","potions_obtained":[{"floor":5,"key":"Block Potion"},{"floor":8,"key":"SkillPotion"},{"floor":14,"key":"CunningPotion"},{"floor":19,"key":"Regen Potion"},{"floor":20,"key":"CunningPotion"}],"is_trial":false,"path_per_floor":["M","?","?","?","M","R","$","E","T","R","$","?","R","M","R","B",null,"M","M","M","?","?","E","M"],"character_chosen":"THE_SILENT","items_purchased":["Vajra","Deadly Poison","Noxious Fumes"],"campfire_rested":0,"item_purchase_floors":[7,7,11],"current_hp_per_floor":[59,48,53,53,53,53,53,53,53,53,53,53,53,51,51,35,57,44,39,28,41,41,1,0,0],"gold":284,"neow_bonus":"THREE_ENEMY_KILL","is_daily":false,"chose_seed":false,"campfire_upgraded":4,"win_rate":0.0,"timestamp":1608841297,"path_taken":["M","?","?","?","?","R","$","E","T","R","?","?","R","M","R","BOSS","M","M","?","?","?","E","?"],"items_purchased_type":["Relic","Card","Card"],"build_version":"2020-12-22","purchased_purges":0,"victory":false,"max_hp_per_floor":[66,66,71,64,64,64,64,64,64,64,64,64,64,64,64,64,64,64,64,64,64,64,64,64,64],"card_choices":[{"not_picked":["Deadly Poison","Concentrate"],"picked":"Backstab","floor":1},{"not_picked":["Calculated Gamble","Flying Knee","Sucker Punch"],"picked":"SKIP","floor":5},{"not_picked":["Tools of the Trade","Quick Slash"],"picked":"Die Die Die","floor":8},{"not_picked":["Choke","Reflex","Outmaneuver"],"picked":"SKIP","floor":14},{"not_picked":["Storm of Steel","Phantasmal Killer"],"picked":"Corpse Explosion","floor":16},{"not_picked":["Setup","Sucker Punch"],"picked":"Cloak And Dagger+1","floor":18},{"not_picked":["Cloak And Dagger","Sucker Punch","Infinite Blades"],"picked":"SKIP","floor":19},{"not_picked":["Masterful Stab","Infinite Blades","Cloak And Dagger"],"picked":"SKIP","floor":20},{"not_picked":["Prepared","Masterful Stab"],"picked":"Venomology","floor":23}],"player_experience":1352375,"relics_obtained":[{"floor":8,"key":"Akabeko"},{"floor":9,"key":"Sundial"},{"floor":23,"key":"Ancient Tea Set"}],"event_choices":[{"damage_healed":0,"gold_gain":75,"player_choice":"Gather Gold","damage_taken":11,"max_hp_gain":0,"max_hp_loss":0,"event_name":"World of Goop","floor":2,"gold_loss":0},{"damage_healed":0,"gold_gain":0,"player_choice":"Donut","damage_taken":0,"max_hp_gain":5,"max_hp_loss":0,"event_name":"Big Fish","floor":3,"gold_loss":0},{"damage_healed":0,"gold_gain":0,"player_choice":"Lose Max HP","damage_taken":0,"relics_obtained":["Golden Idol"],"max_hp_gain":0,"max_hp_loss":7,"event_name":"Golden Idol","floor":4,"gold_loss":0},{"damage_healed":0,"gold_gain":50,"player_choice":"Pray","damage_taken":0,"max_hp_gain":0,"max_hp_loss":0,"event_name":"Golden Shrine","floor":12,"gold_loss":0},{"damage_healed":13,"gold_gain":0,"player_choice":"Heal","damage_taken":0,"max_hp_gain":0,"max_hp_loss":0,"event_name":"The Library","floor":21,"gold_loss":0},{"damage_healed":0,"gold_gain":0,"player_choice":"Rummage","damage_taken":0,"relics_obtained":["WarpedTongs"],"max_hp_gain":0,"max_hp_loss":0,"event_name":"Accursed Blacksmith","floor":22,"gold_loss":0,"cards_obtained":["Pain"]}],"is_beta":false,"boss_relics":[{"not_picked":["SlaversCollar","Runic Dome"],"picked":"Astrolabe"}],"items_purged_floors":[],"is_endless":false,"potions_floor_spawned":[5,8,14,19,20],"killed_by":"Sentry and Sphere","ascension_level":20}}