{"host":"v1m5rkjj38qutr02","time":1608802296,"event":{"mods":["ATMod(°¢èªMod)","Act Like it!","BaseMod","Conspire","Gensokyo","GungeonMod","Hallownest","Minty Spire (QoL Compilation)","Replay The Spire","StSLib","The Bug Knight","Youmu£¨»êÆÇÑýÃÎ£©"],"gold_per_floor":[111,111,111,65,65,97,107,107,107,127,140,140,140,158,158,262,262,281,50,69,69,80,80,111,127,153,153,188,188,220,34,34,139,139,149,53,53,66,79,79,79,79,79,79,97,113,113,144,144,144,144],"floor_reached":50,"playtime":1722,"items_purged":["Strike_B"],"score":716,"play_id":"6559c67d-66ef-4a67-b175-3ac382bdde8f","local_time":"20201224173136","is_ascension_mode":true,"campfire_choices":[{"data":"Defragment","floor":8.0,"key":"SMITH"},{"data":"Static Discharge","floor":13.0,"key":"SMITH"},{"floor":15.0,"key":"REST"},{"floor":23.0,"key":"REST"},{"floor":27,"key":"REST"},{"floor":29,"key":"REST"},{"floor":32,"key":"REST"},{"floor":40,"key":"REST"},{"floor":42,"key":"REST"},{"data":"Loop","floor":44,"key":"SMITH"},{"floor":49,"key":"REST"}],"circlet_count":0,"master_deck":["Defend_B","Defend_B","Defend_B","Zap+1","Dualcast","Ball Lightning","Defragment+1","Static Discharge+1","Heatsinks","FIFO Queue","Turbo+1","Redo","Hologram","Coolheaded+1","Recycle","Steam Power","Skim","Loop+1","Amplify","Double Energy+1","Reinforced Body+1","Chaos+1","Loop","Conserve Battery","Reboot","Static Discharge+1","Turbo+1","Turbo+1","Double Energy+1","AT_DarkMatter"],"relics":["Cracked Core","AT_ATBox","NeowsBlessing","Carrot","DemoMod:SerJunkan","Matryoshka","ChewingGum","Ancient Tea Set","DataDisk","Art of War","Dream Catcher","HornCleat","PreservedInsect","Astrolabe","DemoMod:Junk","Kunai","DemoMod:MonsterBlood"],"acts_visited":["Exordium","TheCity","TheBeyond"],"potions_floor_usage":[24,25,33,39,39,39,50,50],"damage_taken":[{"damage":0.0,"enemies":"2 Louse","floor":1.0,"turns":1.0},{"damage":0.0,"enemies":"Gremlin Nob","floor":6.0,"turns":1.0},{"damage":0.0,"enemies":"Cultist","floor":7.0,"turns":1.0},{"damage":1.0,"enemies":"Small Slimes","floor":10.0,"turns":3.0},{"damage":0.0,"enemies":"Exordium Wildlife","floor":11.0,"turns":2.0},{"damage":2.0,"enemies":"Red Slaver","floor":14.0,"turns":3.0},{"damage":22.0,"enemies":"Hexaghost","floor":16.0,"turns":6.0},{"damage":9.0,"enemies":"conspire:FuzzyDice","floor":18.0,"turns":7.0},{"damage":13.0,"enemies":"2 Thieves","floor":20.0,"turns":3.0},{"damage":29.0,"enemies":"Cultist and Chosen","floor":22.0,"turns":5.0},{"damage":31,"enemies":"Slavers","floor":24,"turns":4},{"damage":25,"enemies":"3 Cultists","floor":25,"turns":4},{"damage":30,"enemies":"Replay:Snechameleon","floor":28,"turns":4},{"damage":26,"enemies":"Slavers","floor":30,"turns":4},{"damage":43,"enemies":"Champ","floor":33,"turns":8},{"damage":16,"enemies":"3 Darklings","floor":35,"turns":5},{"damage":21,"enemies":"Orb Walker","floor":38,"turns":5},{"damage":5,"enemies":"Spire Growth","floor":39,"turns":6},{"damage":6,"enemies":"Jaw Worm Horde","floor":45,"turns":4},{"damage":12,"enemies":"Sphere and 2 Shapes","floor":46,"turns":5},{"damage":33,"enemies":"Nemesis","floor":48,"turns":5},{"damage":37,"enemies":"Replay:Hell Engine","floor":50,"turns":6}],"seed_played":"-3703695165655946795","potions_obtained":[{"floor":1.0,"key":"ColorlessPotion"},{"floor":6.0,"key":"Flashbang"},{"floor":7.0,"key":"Strength Potion"},{"floor":10.0,"key":"FearPotion"},{"floor":16.0,"key":"Explosive Potion"},{"floor":24,"key":"PowerPotion"},{"floor":28,"key":"Elixir"},{"floor":37,"key":"CultistPotion"},{"floor":37,"key":"FocusPotion"},{"floor":39,"key":"Toxic Potion"},{"floor":46,"key":"Explosive Potion"},{"floor":48,"key":"FocusPotion"}],"is_trial":false,"path_per_floor":["M","$","?","$","?","E","M","R","T","M","M","?","R","M","R","B",null,"M","$","M","?","M","R","E","M","T","R","E","R","E","$","R","B",null,"M","$","?","M","M","R","$","R","T","R","M","M","?","E","R","B"],"character_chosen":"DEFECT","items_purchased":["Ball Lightning","FIFO Queue","Turbo+1","Redo","Loop","PreservedInsect","Loop","Conserve Battery"],"campfire_rested":8,"item_purchase_floors":[4,19,19,19,31,31,36,36],"current_hp_per_floor":[75,75,63,63,63,63,63,63,63,62,62,55,55,53,75,53,70,61,61,48,85,56,81,50,25,25,50,20,45,19,19,44,1,64,48,48,48,27,22,47,47,72,72,72,66,54,54,28,55,18,18],"gold":144,"neow_bonus":"THREE_ENEMY_KILL","is_daily":false,"chose_seed":false,"campfire_upgraded":3,"win_rate":0.0,"timestamp":1608802296,"path_taken":["M","$","?","$","?","E","M","R","T","M","?","?","R","M","R","BOSS","M","$","M","?","M","R","E","M","T","R","E","R","E","$","R","BOSS","M","$","?","M","?","R","?","R","T","R","M","M","?","E","R","BOSS"],"items_purchased_type":["Card","Card","Card","Card","Card","Relic","Card","Card"],"build_version":"2020-12-22","purchased_purges":1,"victory":false,"max_hp_per_floor":[75,75,75,75,75,75,75,75,75,75,75,75,75,75,75,75,75,75,75,75,85,85,85,85,85,85,85,85,85,85,85,85,85,85,85,85,85,85,85,85,85,85,85,85,85,85,85,92,92,92,92],"card_choices":[{"not_picked":["Recycle","Stack","Gash"],"picked":"SKIP","floor":1.0},{"not_picked":["Self Repair","AT_RightCognition"],"picked":"Defragment","floor":6.0},{"not_picked":["Ball Lightning","Panic Button"],"picked":"Static Discharge","floor":7.0},{"not_picked":["Go for the Eyes","ReplayTheSpireMod:Dual Polarity","AT_HeatAcrobatics"],"picked":"SKIP","floor":10.0},{"not_picked":["BasicCrystalCard","conspire:Rain","Stack"],"picked":"SKIP","floor":11.0},{"not_picked":["Undo","ReplayTheSpireMod:System Scan","Sunder"],"picked":"SKIP","floor":14.0},{"not_picked":["Leap+1","AT_EMC2"],"picked":"Heatsinks","floor":18.0},{"not_picked":["Barrage","Blizzard"],"picked":"Hologram","floor":20.0},{"not_picked":["FIFO Queue","Redo","Sweeping Beam"],"picked":"SKIP","floor":22.0},{"not_picked":["Beam Cell","Chaos"],"picked":"Coolheaded+1","floor":24},{"not_picked":["Go for the Eyes+1","Sweeping Beam"],"picked":"Recycle","floor":25},{"not_picked":["Go for the Eyes","Stack"],"picked":"Steam Power","floor":28},{"not_picked":["AT_HeatAcrobatics","Compile Driver"],"picked":"Skim","floor":29},{"not_picked":["Panic Button","Stack+1","Recycle+1"],"picked":"SKIP","floor":30},{"not_picked":["Hyperbeam","Mirror Shield"],"picked":"Amplify","floor":33},{"not_picked":["Coolheaded","BasicCrystalCard","Gash"],"picked":"SKIP","floor":35},{"not_picked":["Redo+1","Barrage+1"],"picked":"Reboot","floor":38},{"not_picked":["Leap","Coolheaded+1"],"picked":"Static Discharge+1","floor":39},{"not_picked":["Fusion","AT_HeatAcrobatics+1"],"picked":"Turbo+1","floor":40},{"not_picked":["Reinforced Body+1","Beam Cell","Go for the Eyes"],"picked":"SKIP","floor":45},{"not_picked":["Beam Cell+1","ReplayTheSpireMod:Omega Cannon"],"picked":"Turbo+1","floor":46},{"not_picked":["Sweeping Beam","Redo"],"picked":"AT_DarkMatter","floor":48}],"player_experience":366969,"relics_obtained":[{"floor":6.0,"key":"DemoMod:SerJunkan"},{"floor":9.0,"key":"Matryoshka"},{"floor":24,"key":"Ancient Tea Set"},{"floor":26,"key":"DataDisk"},{"floor":26,"key":"Art of War"},{"floor":28,"key":"Dream Catcher"},{"floor":30,"key":"HornCleat"},{"floor":43,"key":"DemoMod:Junk"},{"floor":43,"key":"Kunai"},{"floor":48,"key":"DemoMod:MonsterBlood"}],"event_choices":[{"damage_healed":0.0,"max_hp_gain":0.0,"max_hp_loss":0.0,"gold_gain":0.0,"event_name":"Scrap Ooze","player_choice":"Success","floor":3.0,"gold_loss":0.0,"damage_taken":12.0,"relics_obtained":["Carrot"]},{"damage_healed":0.0,"max_hp_gain":0.0,"max_hp_loss":0.0,"gold_gain":0.0,"event_name":"Accursed Blacksmith","player_choice":"Forge","floor":5.0,"gold_loss":0.0,"damage_taken":0.0,"cards_upgraded":["Zap"]},{"cards_removed":["Strike_B"],"damage_healed":0.0,"max_hp_gain":0.0,"max_hp_loss":0.0,"gold_gain":0.0,"event_name":"Golden Wing","player_choice":"Card Removal","floor":12.0,"gold_loss":0.0,"damage_taken":7.0},{"cards_removed":["AT_TearsDenial"],"damage_healed":27.0,"max_hp_gain":10.0,"max_hp_loss":0.0,"gold_gain":0.0,"event_name":"Bonfire Elementals","player_choice":"Offered Rare","floor":21.0,"gold_loss":0.0,"damage_taken":0.0},{"damage_healed":0,"gold_gain":0,"player_choice":"Got Potions","damage_taken":0,"max_hp_gain":0,"max_hp_loss":0,"event_name":"Lab","floor":37,"gold_loss":0},{"damage_healed":0,"gold_gain":0,"player_choice":"Copied","damage_taken":0,"max_hp_gain":0,"max_hp_loss":0,"event_name":"Duplicator","floor":47,"gold_loss":0,"cards_obtained":["Double Energy"]}],"is_beta":false,"boss_relics":[{"not_picked":["conspire:RunicOctahedron","Cursed Key"],"picked":"ChewingGum"},{"not_picked":["Kintsugi","SacredBark"],"picked":"Astrolabe"}],"items_purged_floors":[19],"is_endless":false,"potions_floor_spawned":[1,6,7,10,16,18,24,28,39,46,48],"killed_by":"Replay:Hell Engine","ascension_level":5}}