{"host":"npubv26u89aif4fa","time":1608799579,"event":{"mods":["Astrologer","BaseMod","Better Vampires","Better-Laid Plans","Colored Powertips","GifTheSpireLib","GungeonMod","HornydragonMod","Hubris","Jedi Mod","Minty Spire (QoL Compilation)","Quick Restart","Remilia£®¿Ÿ√◊¿Ú—«£©","Replay The Spire","StSLib","Td1madao Mod","The Administrix","The Alterego","The Bug Knight","The Cursed","The Mystic","The Runesmith","TheWitcher","Yuri Mod","Yuyuko"],"gold_per_floor":[129,5,5,36,36,87,105,105,105,5,36,68,96,96,96,99,99],"floor_reached":16,"playtime":937,"items_purged":["SnafuTest:DefaultCommonAttack","SnafuTest:DefaultCommonAttack"],"score":127,"play_id":"9a80928f-a53f-4882-9c9e-0a4359a1f449","local_time":"20201224164619","is_ascension_mode":false,"campfire_choices":[{"floor":8,"key":"RECALL"},{"floor":15,"key":"REST"}],"circlet_count":0,"master_deck":["SnafuTest:BountyHunt","SnafuTest:DefaultCommonSkill","SnafuTest:DefaultCommonSkill","SnafuTest:DefaultCommonSkill","SnafuTest:SignYrden","SnafuTest:WitchHunt","SnafuTest:BlueWhale","SnafuTest:BombNorthernWind","SnafuTest:RecklessBlow","SnafuTest:PowerVainGlory","SnafuTest:SwordDance","SnafuTest:UnpredictablePuncture","SnafuTest:PowerBloodLust","SnafuTest:HermitsErudition"],"relics":["SnafuTest:PlaceholderRelic","NeowsBlessing","Golden Idol","DemoMod:MemoryAlloy"],"acts_visited":["Exordium"],"potions_floor_usage":[16,16],"damage_taken":[{"damage":0,"enemies":"Jaw Worm","floor":1,"turns":1},{"damage":0,"enemies":"Small Slimes","floor":4,"turns":1},{"damage":0,"enemies":"3 Sentries","floor":6,"turns":2},{"damage":0,"enemies":"2 Louse","floor":7,"turns":2},{"damage":7,"enemies":"Blue Slaver","floor":11,"turns":5},{"damage":11,"enemies":"3 Louse","floor":12,"turns":5},{"damage":14,"enemies":"Red Slaver","floor":13,"turns":5},{"damage":77,"enemies":"Slime Boss","floor":16,"turns":14}],"seed_played":"4072330741152175120","potions_obtained":[{"floor":7,"key":"DemoMod:LeadSkinPotion"},{"floor":11,"key":"jedi:StrikingPotion"},{"floor":13,"key":"Dexterity Potion"}],"is_trial":false,"path_per_floor":["M","$","?","M","?","E","M","R","T","$","M","M","M","?","R","B"],"character_chosen":"THE_WITCHER","items_purchased":["SnafuTest:WitchHunt"],"campfire_rested":1,"item_purchase_floors":[2],"current_hp_per_floor":[75,75,57,57,57,57,57,57,57,57,50,39,25,18,40,0,0],"gold":99,"neow_bonus":"THREE_ENEMY_KILL","is_daily":false,"chose_seed":false,"campfire_upgraded":0,"win_rate":0.0,"timestamp":1608799579,"path_taken":["M","$","?","M","?","E","M","R","T","?","M","M","M","?","R","BOSS"],"items_purchased_type":["Card"],"build_version":"2020-12-22","purchased_purges":2,"victory":false,"max_hp_per_floor":[75,75,75,75,75,75,75,75,75,75,75,75,75,75,75,75,75],"card_choices":[{"not_picked":["SnafuTest:SpellBlindFury","SnafuTest:SignYrden","SnafuTest:PowerAlwaysAWay"],"picked":"SKIP","floor":1},{"not_picked":["SnafuTest:PowerMartialMagical","SnafuTest:BombNorthernWind","SnafuTest:Siege"],"picked":"SKIP","floor":4},{"not_picked":["SnafuTest:PaySmithWorkshop","SnafuTest:PowerEquilibrium"],"picked":"SnafuTest:UnpredictablePuncture","floor":6},{"not_picked":["SnafuTest:SmashingSlash","SnafuTest:Offering"],"picked":"SnafuTest:PowerBloodLust","floor":7},{"not_picked":["SnafuTest:PowerVainGlory","SnafuTest:BombSamum"],"picked":"SnafuTest:HermitsErudition","floor":11},{"not_picked":["SnafuTest:PowerProbingFeint","SnafuTest:SignQuen","SnafuTest:SpellDispellingPush"],"picked":"SKIP","floor":12},{"not_picked":["SnafuTest:BlueWhale","SnafuTest:ArmoredSortie","SnafuTest:SpellLifeDrain"],"picked":"SKIP","floor":13}],"player_experience":153092,"relics_obtained":[{"floor":6,"key":"DemoMod:MemoryAlloy"}],"event_choices":[{"damage_healed":0,"gold_gain":0,"player_choice":"Take Damage","damage_taken":18,"relics_obtained":["Golden Idol"],"max_hp_gain":0,"max_hp_loss":0,"event_name":"Golden Idol","floor":3,"gold_loss":0},{"cards_removed":["SnafuTest:DefaultCommonAttack"],"damage_healed":0,"gold_gain":0,"player_choice":"Card Removal","damage_taken":7,"max_hp_gain":0,"max_hp_loss":0,"event_name":"Golden Wing","floor":14,"gold_loss":0}],"is_beta":false,"boss_relics":[],"items_purged_floors":[2,10],"is_endless":false,"potions_floor_spawned":[7,11,13],"killed_by":"Slime Boss","ascension_level":0}}