{"host":"sc0o2qwpf9j16a4i","time":1608846444,"event":{"mods":["AchievementEnabler","BaseMod","BetterRewards","Block Reminder","Colored Map","Colored Powertips","Custom Start","Highlight Path","Minty Spire (QoL Compilation)","Relic Stats"],"gold_per_floor":[115,265,281,206,5,5,5,5],"floor_reached":7,"playtime":199,"items_purged":["Strike_R"],"score":78,"play_id":"3b9df5ab-290a-474f-9417-19c850e41504","local_time":"20201224234724","is_ascension_mode":true,"campfire_choices":[{"data":"True Grit","floor":6,"key":"SMITH"}],"circlet_count":0,"master_deck":["AscendersBane","Strike_R","Strike_R","Strike_R","Strike_R","Defend_R","Defend_R","Defend_R","Defend_R","Bash","True Grit+1","Body Slam"],"relics":["Runic Pyramid","Membership Card"],"acts_visited":["Exordium"],"potions_floor_usage":[],"damage_taken":[{"damage":9,"enemies":"2 Louse","floor":1,"turns":4},{"damage":5,"enemies":"Small Slimes","floor":3,"turns":3},{"damage":47,"enemies":"3 Sentries","floor":7,"turns":12}],"seed_played":"-6310727637475997359","potions_obtained":[],"is_trial":false,"path_per_floor":["M","?","M","?","$","R","E"],"character_chosen":"IRONCLAD","items_purchased":["Membership Card"],"campfire_rested":0,"item_purchase_floors":[5],"current_hp_per_floor":[59,59,54,54,54,54,7,7],"gold":5,"neow_bonus":"BOSS_RELIC","is_daily":false,"chose_seed":false,"campfire_upgraded":1,"win_rate":0.0,"timestamp":1608846444,"path_taken":["M","?","M","?","$","R","E"],"items_purchased_type":["Relic"],"build_version":"2020-12-22","purchased_purges":1,"victory":false,"max_hp_per_floor":[75,75,75,75,75,75,75,75],"relic_stats":{"counters":[3,19],"obtain_stats":[{"Membership Card":5,"Burning Blood":0,"Runic Pyramid":0},{"Membership Card":2,"Burning Blood":0,"Runic Pyramid":0},{"Membership Card":7,"Burning Blood":0,"Runic Pyramid":0}]},"card_choices":[{"not_picked":["Clash","Body Slam"],"picked":"True Grit","floor":1},{"not_picked":["Power Through","Dual Wield"],"picked":"Body Slam","floor":3}],"player_experience":357483,"relics_obtained":[],"event_choices":[{"damage_healed":0,"gold_gain":150,"player_choice":"AGREE","damage_taken":0,"max_hp_gain":0,"max_hp_loss":0,"event_name":"Liars Game","floor":2,"gold_loss":0,"cards_obtained":["Doubt"]},{"cards_removed":["Doubt"],"damage_healed":0,"gold_gain":0,"player_choice":"Card Removal","damage_taken":0,"max_hp_gain":0,"max_hp_loss":0,"event_name":"The Cleric","floor":4,"gold_loss":75}],"is_beta":false,"boss_relics":[],"items_purged_floors":[5],"is_endless":false,"potions_floor_spawned":[],"killed_by":"3 Sentries","ascension_level":20}}