{"host":"4nqeo0vu1vuav7gg","time":1608812380,"event":{"mods":["AchievementEnabler","BaseMod","Block Reminder","Colored Map","Colored Powertips","Highlight Path","Minty Spire (QoL Compilation)","Quick Restart","Rare Cards Sparkle","Relic Relevance Reorder","StSLib"],"gold_per_floor":[114,264,36,36,50,80,80,91,118,449,449,460,478,510,510,581,581,593,593,372,384,111,123,123,123],"floor_reached":24,"playtime":1210,"items_purged":["Doubt"],"score":389,"play_id":"0bee63ef-cbc4-403a-9bdf-0faaebdb44cd","local_time":"20201224131940","is_ascension_mode":true,"campfire_choices":[{"data":"White Noise","floor":7.0,"key":"SMITH"},{"floor":11.0,"key":"REST"},{"floor":15.0,"key":"REST"}],"circlet_count":0,"master_deck":["AscendersBane","Strike_B","Strike_B","Defend_B","Defend_B","Defend_B","Defend_B","Zap","Dualcast","White Noise","Capacitor","Chill","Cold Snap","White Noise+1","Cold Snap","Consume","Genetic Algorithm","Self Repair","Genetic Algorithm","Electrodynamics","Redo","Barrage","Consume"],"relics":["Cracked Core","Nunchaku","Mummified Hand","Runic Capacitor","PreservedInsect","Ancient Tea Set","Cursed Key","Old Coin"],"acts_visited":["Exordium","TheCity"],"potions_floor_usage":[24],"damage_taken":[{"damage":14.0,"enemies":"2 Louse","floor":1.0,"turns":3.0},{"damage":0.0,"enemies":"Jaw Worm","floor":5.0,"turns":4.0},{"damage":27.0,"enemies":"3 Sentries","floor":6.0,"turns":11.0},{"damage":2.0,"enemies":"Cultist","floor":8.0,"turns":4.0},{"damage":6.0,"enemies":"Lagavulin","floor":10.0,"turns":7.0},{"damage":7.0,"enemies":"Red Slaver","floor":12.0,"turns":5.0},{"damage":12.0,"enemies":"Exordium Wildlife","floor":13.0,"turns":7.0},{"damage":20.0,"enemies":"Gremlin Nob","floor":14.0,"turns":3.0},{"damage":45.0,"enemies":"Hexaghost","floor":16.0,"turns":17.0},{"damage":19.0,"enemies":"2 Thieves","floor":18.0,"turns":4.0},{"damage":22.0,"enemies":"Shell Parasite","floor":21.0,"turns":6.0},{"damage":2.0,"enemies":"Snecko","floor":23.0,"turns":4.0},{"damage":38,"enemies":"Book of Stabbing","floor":24,"turns":4}],"seed_played":"8575169167583590670","potions_obtained":[{"floor":6.0,"key":"Swift Potion"},{"floor":8.0,"key":"LiquidMemories"},{"floor":14.0,"key":"CultistPotion"}],"is_trial":false,"path_per_floor":["M","?","$","?","M","E","R","M","T","E","R","M","M","E","R","B",null,"M","?","$","M","$","M","E"],"character_chosen":"DEFECT","items_purchased":["Capacitor","Chill","Runic Capacitor","Barrage","Mummified Hand"],"campfire_rested":2,"item_purchase_floors":[3,3,20,20,22],"current_hp_per_floor":[50,50,50,71,71,44,44,42,42,36,57,50,38,25,46,8,55,43,43,43,28,28,33,0,0],"gold":123,"neow_bonus":"REMOVE_CARD","is_daily":false,"chose_seed":false,"campfire_upgraded":1,"win_rate":0.0,"timestamp":1608812380,"path_taken":["M","?","$","?","M","E","R","M","T","E","R","M","M","E","R","BOSS","M","?","$","?","?","M","E"],"items_purchased_type":["Card","Card","Relic","Card","Relic"],"build_version":"2020-12-22","purchased_purges":1,"victory":false,"max_hp_per_floor":[71,71,71,71,71,71,71,71,71,71,71,71,71,71,71,71,71,71,71,71,71,71,71,71,71],"card_choices":[{"not_picked":["Turbo","Steam Power"],"picked":"White Noise","floor":1.0},{"not_picked":["Sweeping Beam","Darkness"],"picked":"Cold Snap","floor":5.0},{"not_picked":["Coolheaded","Beam Cell"],"picked":"White Noise","floor":6.0},{"not_picked":["Stack","Undo"],"picked":"Cold Snap","floor":8.0},{"not_picked":["Ball Lightning","Fusion"],"picked":"Consume","floor":10.0},{"not_picked":["Stack","Coolheaded"],"picked":"Genetic Algorithm","floor":12.0},{"not_picked":["Coolheaded","Go for the Eyes"],"picked":"Self Repair","floor":13.0},{"not_picked":["Streamline","Hologram"],"picked":"Genetic Algorithm","floor":14.0},{"not_picked":["Rainbow","Multi-Cast"],"picked":"Electrodynamics","floor":16.0},{"not_picked":["Hologram","Conserve Battery"],"picked":"Redo","floor":18.0},{"not_picked":["Leap","Compile Driver","Hologram"],"picked":"SKIP","floor":21.0},{"not_picked":["Sweeping Beam","Turbo"],"picked":"Consume","floor":23.0}],"player_experience":990770,"relics_obtained":[{"floor":6.0,"key":"Ancient Tea Set"},{"floor":9.0,"key":"PreservedInsect"},{"floor":10.0,"key":"Old Coin"},{"floor":14.0,"key":"Nunchaku"}],"event_choices":[{"damage_healed":0.0,"max_hp_gain":0.0,"max_hp_loss":0.0,"gold_gain":150.0,"event_name":"Liars Game","player_choice":"AGREE","floor":2.0,"gold_loss":0.0,"damage_taken":0.0,"cards_obtained":["Doubt"]},{"damage_healed":23.0,"max_hp_gain":0.0,"max_hp_loss":0.0,"gold_gain":0.0,"event_name":"Big Fish","player_choice":"Banana","floor":4.0,"gold_loss":0.0,"damage_taken":0.0},{"cards_removed":["Strike_B"],"damage_healed":0.0,"max_hp_gain":0.0,"max_hp_loss":0.0,"gold_gain":0.0,"event_name":"Purifier","player_choice":"Purged","floor":19.0,"gold_loss":0.0,"damage_taken":0.0}],"is_beta":false,"boss_relics":[{"not_picked":["SacredBark","Velvet Choker"],"picked":"Cursed Key"}],"items_purged_floors":[3],"is_endless":false,"potions_floor_spawned":[6,8,12,14],"killed_by":"Book of Stabbing","ascension_level":16}}