{"host":"8xp52u5o8fcssvzz","time":1608794326,"event":{"mods":["2.2 Compatiblity","AchievementEnabler","Act Like it!","Aspiration","BaseMod","Better Altar","Better Match","Better Note","Better Sensory Stone","Better Skull","Better Third Choice","BetterRewards","Colored Map","Conspire","Downfall","Gensokyo","GifTheSpireLib","Googly Eyes","Halation","Hallownest","Highlight Path","Hubris","Infinite Spire","Jorbs\u0027s Wanderer Trilogy","Koishi","Lobotomy","LobotomyExtend","Marisa????????","Menagerie","Mimic Mod","Minty Spire (QoL Compilation)","Reimu??????","Remilia??????","Replay The Spire","Shade Mod","Spicy Shops","StSLib","Stuff the Spire","The Administrix","The Blackbeard","The Bladedancer","The Construct","The Cursed","The Gatherer","The Necromancer","The Runesmith","The Servant 0.9.4","The Valiant","TheFirefly","TheSwordswoman","Unceasing Turn Reminder","everything is the same but u backflip on backflip"],"gold_per_floor":[117,131,148,148,161,161,177,177,177,14,31,42,70,83,83,83,83],"floor_reached":16,"playtime":1197,"items_purged":[],"score":106,"play_id":"2c2610fe-4274-4d11-93d0-041a0c5111af","local_time":"20201223231846","is_ascension_mode":false,"campfire_choices":[{"data":"conspire:Charge","floor":6,"key":"SMITH"},{"data":"Uppercut","floor":8,"key":"SMITH"},{"floor":15,"key":"REST"}],"circlet_count":0,"master_deck":["Strike_R","Strike_R","Strike_R","Strike_R","Defend_R","Defend_R","Defend_R","Defend_R","Bash","Evolve","conspire:Charge+1","Iron Wave","StuffTheSpire:RockThrow","Uppercut+1","Run Through","Perfected Strike","Twin Strike","Entrench","Pommel Strike","Sentinel"],"relics":["Burning Blood","LetterFromLob","infinitespire:BottledMercury","Membership Card"],"acts_visited":["Exordium"],"potions_floor_usage":[5,16],"damage_taken":[{"damage":20,"enemies":"infinitespire:Voidling","floor":1,"turns":4},{"damage":5,"enemies":"Small Slimes","floor":2,"turns":4},{"damage":0,"enemies":"conspire:RoseBush","floor":3,"turns":3},{"damage":10,"enemies":"Exordium Thugs","floor":5,"turns":5},{"damage":7,"enemies":"Looter","floor":7,"turns":3},{"damage":11,"enemies":"Blue Slaver","floor":11,"turns":4},{"damage":9,"enemies":"Exordium Wildlife","floor":12,"turns":3},{"damage":21,"enemies":"Lagavulin","floor":13,"turns":5},{"damage":22,"enemies":"conspire:2 RoseBushes","floor":14,"turns":4},{"damage":60,"enemies":"The Guardian","floor":16,"turns":10}],"seed_played":"-5562578840915252090","potions_obtained":[{"floor":1,"key":"AttackPotion"},{"floor":2,"key":"Swift Potion"},{"floor":13,"key":"DuplicationPotion"}],"is_trial":false,"path_per_floor":["M","M","M","?","M","R","M","R","T","$","M","M","E","M","R","B"],"character_chosen":"IRONCLAD","items_purchased":["Membership Card","Perfected Strike"],"campfire_rested":1,"item_purchase_floors":[10,10],"current_hp_per_floor":[70,71,77,77,73,73,72,72,72,72,67,64,49,33,57,0,0],"gold":83,"neow_bonus":"TRANSFORM_CARD","is_daily":false,"chose_seed":false,"campfire_upgraded":2,"win_rate":0.0,"timestamp":1608794326,"path_taken":["M","M","?","?","M","R","M","R","T","$","M","M","E","M","R","BOSS"],"items_purchased_type":["Relic","Card"],"build_version":"2020-12-22","purchased_purges":0,"victory":false,"max_hp_per_floor":[80,80,80,80,80,80,80,80,80,80,80,80,80,80,80,80,80],"card_choices":[{"not_picked":["Entrench","Hemokinesis"],"picked":"conspire:Charge","floor":1},{"not_picked":["Clash","StuffTheSpire:BloodClot"],"picked":"Iron Wave","floor":2},{"not_picked":["True Grit","Spot Weakness"],"picked":"StuffTheSpire:RockThrow","floor":3},{"not_picked":["Flex","Fire Breathing"],"picked":"Uppercut","floor":5},{"not_picked":["Feed","Hemokinesis"],"picked":"Run Through","floor":7},{"not_picked":["Cleave","Berserk"],"picked":"Twin Strike","floor":11},{"not_picked":["Sword Boomerang","Iron Wave"],"picked":"Entrench","floor":12},{"not_picked":["Demonic Infusion","Flex"],"picked":"Pommel Strike","floor":13},{"not_picked":["Battle Trance","Evolve"],"picked":"Sentinel","floor":14}],"player_experience":470966,"relics_obtained":[{"floor":1,"key":"LetterFromLob"},{"floor":9,"key":"infinitespire:BottledMercury"}],"event_choices":[{"damage_healed":0,"gold_gain":0,"player_choice":"Ignored","damage_taken":0,"max_hp_gain":0,"max_hp_loss":0,"event_name":"Golden Wing","floor":4,"gold_loss":0}],"is_beta":false,"boss_relics":[],"items_purged_floors":[],"is_endless":false,"potions_floor_spawned":[1,2,5,13],"killed_by":"The Guardian","ascension_level":0}}