{"host":"kiauivt48syq9iz6","time":1608776003,"event":{"mods":["BaseMod","Conspire","Downfall","Hermit","Minty Spire (QoL Compilation)","Replay The Spire","SIMod","StSLib","The Animator","The Construct","The Cursed","The Runesmith","The Servant 0.9.4"],"gold_per_floor":[99,119,137,154,154,174,224,224,238,238,8,25,25,40,56,159,159,159,178,194,204,13,31,102,102,102,122,122,134,134,134,134],"floor_reached":30,"playtime":2485,"items_purged":["champ:Execute"],"score":253,"play_id":"24f7c989-04cd-4045-aec1-562fa564d683","local_time":"20201223191323","is_ascension_mode":false,"campfire_choices":[{"data":"champ:Taunt","floor":13,"key":"SMITH"},{"data":"champ:VampiricStrike","floor":18,"key":"SMITH"},{"floor":28,"key":"REST"}],"circlet_count":0,"master_deck":["champ:Strike","champ:Strike","champ:Defend","champ:Defend","champ:Defend","champ:Defend","champ:Taunt+1","champ:Backstep","champ:SkillfulDodge","champ:DefensiveStyle","champ:Duel","champ:BringItOn","champ:DefensiveShout","champ:ShieldWall","champ:PreciseThrust","champ:FocusedDefense","champ:BerserkerStyle","champ:VampiricStrike+1","champ:FanOfKnives","champ:Backstep","champ:BringItOn+1","champ:BladeFlurry","champ:Circumvent","champ:FocusedDefense","Sickly","champ:CheapShot"],"relics":["champ:ChampionCrown","Strawberry","Bag of Preparation","Busted Crown","Pantograph","ReplayTheSpireMod:Ring of Collecting"],"acts_visited":["Exordium","TheCity"],"potions_floor_usage":[16,22,23,29,30],"damage_taken":[{"damage":23,"enemies":"Cultist","floor":2,"turns":5},{"damage":0,"enemies":"Small Slimes","floor":3,"turns":7},{"damage":0,"enemies":"Jaw Worm","floor":4,"turns":6},{"damage":0,"enemies":"Blue Slaver","floor":6,"turns":7},{"damage":0,"enemies":"3 Louse","floor":9,"turns":4},{"damage":5,"enemies":"downfall:FleeingMerchant","floor":11,"turns":4},{"damage":0,"enemies":"Red Slaver","floor":12,"turns":5},{"damage":10,"enemies":"Lots of Slimes","floor":14,"turns":6},{"damage":10,"enemies":"Large Slime","floor":15,"turns":7},{"damage":21,"enemies":"downfall:Watcher","floor":16,"turns":19},{"damage":15,"enemies":"Shell Parasite","floor":19,"turns":7},{"damage":40,"enemies":"3 Cultists","floor":20,"turns":8},{"damage":30,"enemies":"Sentry and Sphere","floor":21,"turns":10},{"damage":0,"enemies":"downfall:FleeingMerchant","floor":22,"turns":4},{"damage":35,"enemies":"Centurion and Healer","floor":23,"turns":17},{"damage":35,"enemies":"Cultist and Chosen","floor":27,"turns":10},{"damage":31,"enemies":"Snecko","floor":29,"turns":7},{"damage":68,"enemies":"Snecko","floor":30,"turns":11}],"seed_played":"313278474648829919","potions_obtained":[{"floor":4,"key":"FearPotion"},{"floor":6,"key":"Languid Potion"},{"floor":12,"key":"Adrenaline Potion"},{"floor":20,"key":"sneckomod:MuddlingPotion"},{"floor":23,"key":"sneckomod:MuddlingPotion"},{"floor":29,"key":"Block Potion"}],"is_trial":false,"path_per_floor":["R","M","M","M","?","M","T","?","M","?","$","M","R","M","M","B",null,"R","M","M","M","$","M","T","?","?","M","R","M","?"],"character_chosen":"THE_CHAMP","items_purchased":["Bag of Preparation","champ:ShieldWall","champ:Circumvent","champ:FocusedDefense"],"campfire_rested":1,"item_purchase_floors":[11,11,22,22],"current_hp_per_floor":[99,86,86,86,91,91,98,98,98,111,111,111,111,104,99,83,111,111,101,83,74,88,69,69,69,69,43,76,55,0,0,0],"gold":134,"neow_bonus":"TEN_PERCENT_HP_BONUS","is_daily":false,"chose_seed":false,"campfire_upgraded":2,"win_rate":0.0,"timestamp":1608776003,"path_taken":["R","M","M","M","?","M","T","?","M","?","$","M","R","M","M","BOSS","R","M","M","M","$","M","T","?","?","M","R","M","?"],"items_purchased_type":["Relic","Card","Card","Card"],"build_version":"2020-12-22","purchased_purges":1,"victory":false,"max_hp_per_floor":[99,99,99,99,104,104,111,111,111,111,111,111,111,111,111,111,111,111,111,111,111,111,111,111,111,111,111,111,111,111,111,111],"card_choices":[{"not_picked":["champ:BerserkerStyle","champ:FlashCut"],"picked":"champ:Backstep","floor":2},{"not_picked":["champ:GutPunch","champ:FightOn"],"picked":"champ:SkillfulDodge","floor":3},{"not_picked":["champ:ArenaPreparation","champ:StanceDance"],"picked":"champ:DefensiveStyle","floor":4},{"not_picked":["champ:DeathBlow","champ:DefensiveShout"],"picked":"champ:Duel","floor":6},{"not_picked":["champ:Backstep","champ:FalseCounter"],"picked":"champ:BringItOn","floor":9},{"not_picked":["champ:FaceSlap","champ:Haymaker"],"picked":"champ:DefensiveShout","floor":11},{"not_picked":["champ:CrookedStrike","champ:Haymaker"],"picked":"champ:PreciseThrust","floor":12},{"not_picked":["champ:GladiatorsShout","champ:DefensiveStyle"],"picked":"champ:FocusedDefense","floor":14},{"not_picked":["champ:ShieldWall","champ:FocusedBerserking"],"picked":"champ:BerserkerStyle","floor":15},{"not_picked":["champ:PerfectForm","champ:Devastate"],"picked":"champ:VampiricStrike","floor":16},{"not_picked":[],"picked":"champ:FanOfKnives","floor":19},{"not_picked":[],"picked":"champ:Backstep","floor":20},{"not_picked":[],"picked":"champ:BringItOn+1","floor":21},{"not_picked":[],"picked":"champ:BladeFlurry","floor":22},{"not_picked":["champ:FightOn"],"picked":"SKIP","floor":23},{"not_picked":["champ:CrookedStrike"],"picked":"SKIP","floor":27},{"not_picked":[],"picked":"champ:CheapShot","floor":29}],"player_experience":36444,"relics_obtained":[{"floor":7,"key":"Strawberry"},{"floor":24,"key":"Pantograph"},{"floor":26,"key":"ReplayTheSpireMod:Ring of Collecting"}],"event_choices":[{"damage_healed":0,"gold_gain":0,"player_choice":"Donut","damage_taken":0,"max_hp_gain":5,"max_hp_loss":0,"event_name":"Big Fish","floor":5,"gold_loss":0},{"cards_removed":["champ:HeartStrike"],"damage_healed":13,"gold_gain":0,"player_choice":"Offered Uncommon","damage_taken":0,"max_hp_gain":0,"max_hp_loss":0,"event_name":"Bonfire Elementals","floor":10,"gold_loss":0}],"is_beta":false,"boss_relics":[{"not_picked":["conspire:RunicOctahedron","Runic Pyramid"],"picked":"Busted Crown"}],"items_purged_floors":[22],"is_endless":false,"potions_floor_spawned":[4,6,12,14,20,23,29],"killed_by":"Snecko","ascension_level":0}}