{"host":"0a7cgrrfh5edm4wz","time":1608790022,"event":{"mods":["BaseMod","Colored Map","Keyboard Shortcuts","Minty Spire (QoL Compilation)","Quick Restart","StSLib","SuperFastMode"],"gold_per_floor":[109,122,122,136,11,11,37,53,53,53,72,104,123,149,149,220,220,231,146,164,34,52,52,67,94,94,94,148,167,167,181,181,255,255,265,290,290,290,240,267,542,554,554,581,581,350,350,368,368,368,368,368,368,29,54,54],"floor_reached":57,"playtime":2098,"items_purged":["Strike_G","Defend_G","Defend_G","Defend_G"],"score":2900,"play_id":"d0c8a446-0b08-4add-97fa-d537b8bfa596","local_time":"20201224150702","is_ascension_mode":true,"campfire_choices":[{"data":"Underhanded Strike","floor":6.0,"key":"SMITH"},{"data":"Tactician","floor":10.0,"key":"SMITH"},{"data":"Acrobatics","floor":15.0,"key":"SMITH"},{"data":"Prepared","floor":23.0,"key":"SMITH"},{"data":"Impatience","floor":27.0,"key":"SMITH"},{"data":"Flechettes","floor":32.0,"key":"SMITH"},{"data":"A Thousand Cuts","floor":45.0,"key":"SMITH"},{"floor":49.0,"key":"RECALL"},{"data":"After Image","floor":53.0,"key":"SMITH"}],"circlet_count":0,"master_deck":["AscendersBane","Defend_G","Neutralize","Acrobatics+1","Backflip","Dagger Throw","Impatience+1","Underhanded Strike+1","Tactician+1","Underhanded Strike","After Image+1","Flechettes+1","After Image","Prepared+1","Malaise+1","Phantasmal Killer+1","Malaise+1","Storm of Steel+1","Backflip+1","Flash of Steel","A Thousand Cuts+1","Blur+1","Finesse+1","Escape Plan+1","Finesse+1"],"relics":["Ring of the Snake","NeowsBlessing","Pantograph","Ninja Scroll","Omamori","Lantern","Busted Crown","Gremlin Horn","Question Card","Toxic Egg 2","Smiling Mask","Astrolabe","Lizard Tail","Juzu Bracelet","Ornamental Fan","Toy Ornithopter"],"acts_visited":["Exordium","TheCity","TheBeyond","TheEnding"],"potions_floor_usage":[56],"damage_taken":[{"damage":0.0,"enemies":"2 Louse","floor":1.0,"turns":1.0},{"damage":0.0,"enemies":"Cultist","floor":2.0,"turns":1.0},{"damage":0.0,"enemies":"Small Slimes","floor":4.0,"turns":1.0},{"damage":25.0,"enemies":"Lagavulin","floor":7.0,"turns":5.0},{"damage":16.0,"enemies":"Exordium Wildlife","floor":8.0,"turns":3.0},{"damage":12.0,"enemies":"2 Fungi Beasts","floor":11.0,"turns":3.0},{"damage":21.0,"enemies":"3 Sentries","floor":12.0,"turns":10.0},{"damage":0.0,"enemies":"Blue Slaver","floor":13.0,"turns":1.0},{"damage":0.0,"enemies":"Gremlin Nob","floor":14.0,"turns":3.0},{"damage":25.0,"enemies":"The Guardian","floor":16.0,"turns":15.0},{"damage":0.0,"enemies":"2 Thieves","floor":18.0,"turns":4.0},{"damage":0.0,"enemies":"Spheric Guardian","floor":20.0,"turns":3.0},{"damage":10.0,"enemies":"Centurion and Healer","floor":22.0,"turns":6.0},{"damage":11.0,"enemies":"Chosen and Byrds","floor":24.0,"turns":4.0},{"damage":1.0,"enemies":"Book of Stabbing","floor":25.0,"turns":5.0},{"damage":10.0,"enemies":"Cultist and Chosen","floor":29.0,"turns":6.0},{"damage":5.0,"enemies":"Snake Plant","floor":31.0,"turns":4.0},{"damage":20.0,"enemies":"Collector","floor":33.0,"turns":12.0},{"damage":0.0,"enemies":"Orb Walker","floor":35.0,"turns":2.0},{"damage":0.0,"enemies":"Mind Bloom Boss Battle","floor":36.0,"turns":8.0},{"damage":0.0,"enemies":"Reptomancer","floor":40.0,"turns":2.0},{"damage":0.0,"enemies":"3 Shapes","floor":42.0,"turns":2.0},{"damage":2.0,"enemies":"Giant Head","floor":44.0,"turns":5.0},{"damage":0.0,"enemies":"3 Darklings","floor":48.0,"turns":3.0},{"damage":0.0,"enemies":"Awakened One","floor":50.0,"turns":11.0},{"damage":3.0,"enemies":"Donu and Deca","floor":51.0,"turns":7.0},{"damage":22.0,"enemies":"Shield and Spear","floor":55.0,"turns":8.0},{"damage":70,"enemies":"The Heart","floor":56,"turns":11}],"seed_played":"5074935522530808582","potions_obtained":[{"floor":4.0,"key":"Explosive Potion"},{"floor":7.0,"key":"Regen Potion"},{"floor":8.0,"key":"FairyPotion"},{"floor":24.0,"key":"BlessingOfTheForge"},{"floor":25.0,"key":"PowerPotion"},{"floor":31.0,"key":"Block Potion"},{"floor":35.0,"key":"Ancient Potion"},{"floor":42.0,"key":"SpeedPotion"}],"is_trial":false,"path_per_floor":["M","M","?","M","$","R","E","M","T","R","M","E","M","E","R","B",null,"M","?","M","$","M","R","M","E","T","R","T","M","?","M","R","B",null,"M","?","?","?","$","E","?","M","T","E","R","$","?","M","R","B","B",null,"R","$","E","B",null],"character_chosen":"THE_SILENT","items_purchased":["Impatience","Underhanded Strike","Prepared","Blur+1","Finesse+1","Escape Plan+1","Finesse+1","FairyPotion"],"campfire_rested":0,"item_purchase_floors":[5,5,21,46,46,54,54,54],"current_hp_per_floor":[59,59,59,59,59,59,34,18,18,18,6,19,19,19,19,19,54,54,54,54,54,44,44,33,32,32,32,32,22,22,17,17,22,55,55,66,66,66,66,66,66,66,66,64,64,64,64,64,64,66,63,65,65,65,43,16],"gold":54,"neow_bonus":"THREE_ENEMY_KILL","is_daily":false,"chose_seed":false,"campfire_upgraded":8,"win_rate":0.0,"timestamp":1608790022,"path_taken":["M","M","?","M","$","R","E","M","T","R","M","E","?","E","R","BOSS","M","?","M","$","M","R","M","E","T","R","?","M","?","M","R","BOSS","M","?","?","?","$","E","?","M","T","E","R","$","?","M","R","BOSS","BOSS","R","$","E","BOSS"],"items_purchased_type":["Card","Card","Card","Card","Card","Card","Card","Potion"],"build_version":"2020-12-22","purchased_purges":4,"victory":true,"max_hp_per_floor":[66,66,66,66,66,66,66,66,66,66,66,66,66,66,66,66,66,66,66,66,66,66,66,66,66,66,66,66,66,66,66,66,66,66,66,66,66,66,66,66,66,66,66,66,66,66,66,66,66,66,66,66,66,66,66,66],"card_choices":[{"not_picked":["Prepared","Deflect"],"picked":"Acrobatics","floor":1.0},{"not_picked":["Sucker Punch","Choke"],"picked":"Backflip","floor":2.0},{"not_picked":["Prepared","Poisoned Stab"],"picked":"Dagger Throw","floor":4.0},{"not_picked":["Sucker Punch","Crippling Poison"],"picked":"Tactician","floor":7.0},{"not_picked":["Endless Agony","Acrobatics"],"picked":"Underhanded Strike","floor":8.0},{"not_picked":["Reflex","Blade Dance"],"picked":"After Image","floor":11.0},{"not_picked":["Acrobatics","Riddle With Holes","Prepared"],"picked":"SKIP","floor":12.0},{"not_picked":["Escape Plan","All Out Attack"],"picked":"Flechettes","floor":13.0},{"not_picked":["Quick Slash","Prepared","Cloak And Dagger"],"picked":"SKIP","floor":14.0},{"not_picked":["Unload","Bullet Time"],"picked":"After Image","floor":16.0},{"not_picked":["Blade Dance"],"picked":"SKIP","floor":18.0},{"not_picked":["Slice"],"picked":"SKIP","floor":20.0},{"not_picked":["Dagger Spray"],"picked":"SKIP","floor":22.0},{"not_picked":["Dagger Spray"],"picked":"SKIP","floor":22.0},{"not_picked":["Flying Knee"],"picked":"SKIP","floor":24.0},{"not_picked":["Poisoned Stab"],"picked":"SKIP","floor":25.0},{"not_picked":["Bane","Distraction+1"],"picked":"SKIP","floor":29.0},{"not_picked":["Poisoned Stab","Blade Dance+1"],"picked":"SKIP","floor":31.0},{"not_picked":["Unload"],"picked":"Malaise+1","floor":33.0},{"not_picked":["Dodge and Roll+1","Flying Knee"],"picked":"SKIP","floor":35.0},{"not_picked":["Blade Dance+1"],"picked":"Backflip+1","floor":36.0},{"not_picked":["Bandage Up+1"],"picked":"Flash of Steel","floor":38.0},{"not_picked":["Footwork","Bane"],"picked":"SKIP","floor":40.0},{"not_picked":["Sucker Punch+1","Bane"],"picked":"SKIP","floor":42.0},{"not_picked":["Glass Knife"],"picked":"A Thousand Cuts","floor":44.0},{"not_picked":["Cloak And Dagger+1","Poisoned Stab"],"picked":"SKIP","floor":48.0},{"not_picked":["Deadly Poison+1","Terror+1"],"picked":"SKIP","floor":55.0}],"player_experience":885698,"relics_obtained":[{"floor":7.0,"key":"Pantograph"},{"floor":9.0,"key":"Ninja Scroll"},{"floor":12.0,"key":"Omamori"},{"floor":14.0,"key":"Lantern"},{"floor":25.0,"key":"Question Card"},{"floor":26.0,"key":"Toxic Egg 2"},{"floor":28.0,"key":"Smiling Mask"},{"floor":36.0,"key":"Lizard Tail"},{"floor":40.0,"key":"Juzu Bracelet"},{"floor":44.0,"key":"Ornamental Fan"},{"floor":55.0,"key":"Toy Ornithopter"}],"event_choices":[{"cards_removed":["Strike_G"],"damage_healed":0.0,"max_hp_gain":0.0,"max_hp_loss":0.0,"gold_gain":0.0,"event_name":"Purifier","player_choice":"Purged","floor":3.0,"gold_loss":0.0,"damage_taken":0.0},{"damage_healed":0.0,"max_hp_gain":0.0,"max_hp_loss":0.0,"gold_gain":0.0,"event_name":"Addict","player_choice":"Obtained Relic","floor":19.0,"gold_loss":85.0,"damage_taken":0.0,"relics_obtained":["Gremlin Horn"]},{"cards_removed":["Strike_G"],"damage_healed":0.0,"max_hp_gain":0.0,"max_hp_loss":0.0,"gold_gain":0.0,"event_name":"Back to Basics","player_choice":"Elegance","floor":30.0,"gold_loss":0.0,"damage_taken":0.0},{"damage_healed":0.0,"max_hp_gain":0.0,"max_hp_loss":0.0,"gold_gain":0.0,"event_name":"MindBloom","player_choice":"Fight","floor":36.0,"gold_loss":0.0,"damage_taken":0.0},{"cards_removed":["Survivor"],"damage_healed":0.0,"max_hp_gain":0.0,"max_hp_loss":0.0,"gold_gain":0.0,"event_name":"Falling","player_choice":"Removed Skill","floor":37.0,"gold_loss":0.0,"damage_taken":0.0},{"damage_healed":0.0,"max_hp_gain":0.0,"max_hp_loss":0.0,"gold_gain":0.0,"event_name":"SensoryStone","player_choice":"Memory 1","floor":38.0,"gold_loss":0.0,"damage_taken":0.0},{"damage_healed":0.0,"max_hp_gain":0.0,"max_hp_loss":0.0,"gold_gain":275.0,"event_name":"Golden Shrine","player_choice":"Desecrate","floor":41.0,"gold_loss":0.0,"damage_taken":0.0,"cards_obtained":["Regret"]},{"damage_healed":0.0,"max_hp_gain":0.0,"max_hp_loss":0.0,"gold_gain":0.0,"event_name":"Tomb of Lord Red Mask","player_choice":"Ignored","floor":47.0,"gold_loss":0.0,"damage_taken":0.0}],"is_beta":false,"boss_relics":[{"not_picked":["Runic Pyramid","Tiny House"],"picked":"Busted Crown"},{"not_picked":["Sozu","Fusion Hammer"],"picked":"Astrolabe"}],"items_purged_floors":[21,39,46,54],"is_endless":false,"potions_floor_spawned":[4,7,8,11,24,25,31,35,42,48,55],"ascension_level":20}}