{"host":"uyp13icwa33nzjib","time":1608832389,"event":{"mods":["AchievementEnabler","BaseMod","BetterRewards","Colored Map","Colored Powertips","Defuse TimeMaze Blight","Infinite Spire","Mimic Mod","Minty Spire (QoL Compilation)","Quick Restart","Relic Stats","Replay The Spire","StSLib","UnlockEverythingMod"],"gold_per_floor":[111,6,21,21,33,50,50,82,119,132,151,151,178,188,188,288,288,298,298,318,335,335],"floor_reached":21,"playtime":744,"items_purged":[],"score":195,"play_id":"1d158e1b-c3b7-4be7-b84a-09e051f3a16c","local_time":"20201224125309","daily_mods":["Red Cards","Green Cards","Blue Cards","Purple Cards","Heirloom","DeadlyEvents","Lethality","Uncertain Future"],"is_ascension_mode":false,"campfire_choices":[{"data":"Distraction","floor":12,"key":"SMITH"},{"data":"Life Link","floor":15,"key":"SMITH"}],"circlet_count":0,"master_deck":["Strike_R","Strike_R","Strike_R","Strike_R","Defend_R","Defend_R","Defend_R","Defend_R","Bash","Thunderclap","Outmaneuver","Slice","Distraction+1","Seeing Red","Conclude","Backstab","PiercingWail","Shockwave","Leap","FollowUp","Life Link+1","Immolate","Terror+1","Acrobatics+1"],"relics":["Burning Blood","Du-Vu Doll","Bag of Preparation","infinitespire:Broken Mirror","ReplayTheSpireMod:Lightbulb","Honey Jar"],"acts_visited":["Exordium","TheCity"],"potions_floor_usage":[16,16,16,16,21],"damage_taken":[{"damage":18,"enemies":"Small Slimes","floor":1,"turns":3},{"damage":0,"enemies":"Cultist","floor":3,"turns":2},{"damage":9,"enemies":"Jaw Worm","floor":5,"turns":2},{"damage":1,"enemies":"Looter","floor":6,"turns":2},{"damage":19,"enemies":"3 Sentries","floor":8,"turns":4},{"damage":5,"enemies":"Large Slime","floor":9,"turns":6},{"damage":0,"enemies":"Large Slime","floor":10,"turns":4},{"damage":8,"enemies":"3 Louse","floor":11,"turns":2},{"damage":4,"enemies":"Lagavulin","floor":13,"turns":5},{"damage":0,"enemies":"Looter","floor":14,"turns":1},{"damage":10,"enemies":"Slime Boss","floor":16,"turns":10},{"damage":20,"enemies":"3 Byrds","floor":18,"turns":2},{"damage":7,"enemies":"Spheric Guardian","floor":20,"turns":3},{"damage":11,"enemies":"Centurion and Healer","floor":21,"turns":3}],"seed_played":"-2213132125251281863","potions_obtained":[{"floor":3,"key":"LifebloodPotion"},{"floor":8,"key":"GamblersBrew"},{"floor":10,"key":"EssenceOfSteel"},{"floor":11,"key":"Block Potion"},{"floor":13,"key":"EntropicBrew"},{"floor":20,"key":"Dexterity Potion"},{"floor":21,"key":"SkillPotion"}],"is_trial":true,"path_per_floor":["M","$","M","?","M","M","?","E","MIM","M","M","R","E","M","R","B",null,"M","AVR","M","M"],"character_chosen":"IRONCLAD","items_purchased":["Outmaneuver","Slice"],"campfire_rested":0,"item_purchase_floors":[2,2],"current_hp_per_floor":[68,68,74,56,53,58,58,45,46,52,50,50,52,58,58,54,80,66,66,65,60,60],"gold":335,"neow_bonus":"","is_daily":false,"chose_seed":false,"campfire_upgraded":2,"win_rate":0.0,"timestamp":1608832389,"path_taken":["M","$","M","?","M","M","?","?","MIM","M","M","R","E","M","R","BOSS","M","AVR","M","M"],"items_purchased_type":["Card","Card"],"build_version":"2020-12-22","purchased_purges":0,"victory":false,"max_hp_per_floor":[80,80,80,80,80,80,80,80,80,80,80,80,80,80,80,80,80,80,80,80,80,80],"relic_stats":{"counters":[14,49],"Bag of Preparation":[24],"obtain_stats":[{"Du-Vu Doll":0,"infinitespire:Broken Mirror":8,"Honey Jar":17,"Bag of Preparation":4,"ReplayTheSpireMod:Lightbulb":9,"Burning Blood":0},{"Du-Vu Doll":0,"infinitespire:Broken Mirror":5,"Honey Jar":11,"Bag of Preparation":2,"ReplayTheSpireMod:Lightbulb":6,"Burning Blood":0},{"Du-Vu Doll":0,"infinitespire:Broken Mirror":13,"Honey Jar":41,"Bag of Preparation":5,"ReplayTheSpireMod:Lightbulb":19,"Burning Blood":0}],"Burning Blood":84},"card_choices":[{"not_picked":["Iron Wave","EmptyFist"],"picked":"Thunderclap","floor":1},{"not_picked":["Headbutt","Replay:DivineShield"],"picked":"Distraction","floor":3},{"not_picked":["FearNoEvil","Headbutt","Underhanded Strike"],"picked":"SKIP","floor":5},{"not_picked":["Gash","Caltrops"],"picked":"Seeing Red","floor":6},{"not_picked":["FollowUp","Compile Driver"],"picked":"Backstab","floor":8},{"not_picked":["Unload","Sword Boomerang"],"picked":"PiercingWail","floor":9},{"not_picked":["Skim","FlyingSleeves"],"picked":"Shockwave","floor":10},{"not_picked":["Scrape","Deflect"],"picked":"Leap","floor":11},{"not_picked":["ReplayTheSpireMod:System Scan","Shrug It Off"],"picked":"FollowUp","floor":13},{"not_picked":["ReplayTheSpireMod:Exploit Weakness","Corpse Explosion"],"picked":"Life Link","floor":14},{"not_picked":["Echo Form","Wraith Form v2"],"picked":"Immolate","floor":16},{"not_picked":["Wild Strike","Sunder","Bane"],"picked":"Terror+1","floor":18},{"not_picked":["ReplayTheSpireMod:The Works","EmptyFist","SandsOfTime+1"],"picked":"Acrobatics+1","floor":20}],"player_experience":313506,"relics_obtained":[{"floor":8,"key":"infinitespire:Broken Mirror"},{"floor":9,"key":"ReplayTheSpireMod:Lightbulb"}],"event_choices":[{"damage_healed":0,"gold_gain":0,"player_choice":"Success","damage_taken":18,"relics_obtained":["Bag of Preparation"],"max_hp_gain":0,"max_hp_loss":0,"event_name":"Scrap Ooze","floor":4,"gold_loss":0},{"damage_healed":0,"gold_gain":0,"cards_transformed":["Strike_R"],"player_choice":"Transformed","damage_taken":0,"max_hp_gain":0,"max_hp_loss":0,"event_name":"Transmorgrifier","floor":7,"gold_loss":0,"cards_obtained":["Conclude"]}],"is_beta":false,"boss_relics":[{"not_picked":["Astrolabe","Painkiller Herb"],"picked":"Honey Jar"}],"items_purged_floors":[],"is_endless":false,"potions_floor_spawned":[3,8,10,11,13,20,21],"killed_by":"Centurion and Healer","ascension_level":0}}