{"host":"zivz6e0vf73jivdq","time":1608820798,"event":{"mods":["ATMod(°¢èªMod)","Act Like it!","BaseMod","Friendly Minions","Gensokyo","HololiveMod","Koishi","Marisa£¨ìFÓê¡¡Ä§ÀíÉ³£©","Minty Spire (QoL Compilation)","MostiFishMod","Pale of the Ancients","Prisma Mod","Reimu£¨²©ÀöÁéÃÎ£©","Remilia£¨ÀÙÃ×ÀòÑÇ£©","Replay The Spire","RumiaBox-Â¶Ã×æ«µÄÉñÃØºÐ×Ó","StSLib","The Jungle","The Servant 0.9.4","Youmu£¨»êÆÇÑýÃÎ£©","¡¾¶«·½¶þ´Î´´×÷¡¿°ËÔÆ×Ïmod","¡¾ÒÅÎï¿¨ÅÆ¡¿REMEMod"],"gold_per_floor":[110,126,126,146,146,146,177,177,177,237,270,270,286,361,361,456,456,489,514,276,290,290,315,329,329,379,379,379,465,502,545,545,649,649,665,681,681,717,717,774,796,824,874,909,909,932,115,138,138,156,156,156,11,48,72],"floor_reached":56,"playtime":3719,"items_purged":["Strike_G","Defend_G"],"score":2149,"play_id":"4c23ebe2-9ac7-472a-82fd-aae1f1dc5c8a","local_time":"20201224223958","is_ascension_mode":true,"campfire_choices":[{"data":"Vault","floor":6.0,"key":"SMITH"},{"floor":8.0,"key":"RECALL"},{"floor":12.0,"key":"REST"},{"data":"Strike_G","floor":15.0,"key":"PURGE"},{"data":"MostiFishMod:Neurotoxin","floor":25.0,"key":"SMITH"},{"data":"ReplayTheSpireMod:Necrosis","floor":27.0,"key":"SMITH"},{"data":"Catalyst","floor":32.0,"key":"SMITH"},{"data":"Burst","floor":45,"key":"SMITH"},{"data":"Calculated Gamble","floor":49,"key":"SMITH"},{"data":"Madness","floor":52,"key":"SMITH"}],"circlet_count":0,"master_deck":["Strike_G","Strike_G","Strike_G","Defend_G","Defend_G","Survivor","Neutralize","Vault+1","AT_FamilyPortrait","REME_GreenPollution","Leg Sweep","Poisoned Stab","MostiFishMod:Wind","Bouncing Flask","MostiFishMod:Neurotoxin+1","Hidden Blade","ReplayTheSpireMod:Necrosis+1","Draining Mist+1","MostiFishMod:PoisonShield+1","MostiFishMod:BrokenBlackCloak","Catalyst+1","Calculated Gamble+1","MostiFishMod:Confrontation","Backflip+1","Acrobatics+1","ReplayTheSpireMod:Speed Training","Madness+1","Madness","Burst+1","Reflex","Replay:Bag of Tricks"],"relics":["DaveBox","REME_ComplimentaryCards","AT_ATBox","REME_DuelDisc","ChiXiaoBlade","SynthV:TestCard","Chameleon Ring","AT_ChloranthyRing","Tiny Chest","Matryoshka","SlaversCollar","Red Mask","Pet Ghost","Omamori","Lantern","Letter Opener","REME_ArchaeologicalTools","Singing Bowl","HoveringKite","Replay:Mystery Machine","SentryEyes","AT_ArchangelStaff","AT_ImmortalShieldbow","Paper Crane","TwistedFunnel","AT_SilverBalance","Ccalipers","Replay:Bottled Eggs"],"acts_visited":["Exordium","TheCity","TheBeyond","TheEnding"],"potions_floor_usage":[55,55,55,55,55],"damage_taken":[{"damage":0.0,"enemies":"Small Slimes","floor":1.0,"turns":3.0},{"damage":3.0,"enemies":"2 Louse","floor":2.0,"turns":3.0},{"damage":0.0,"enemies":"Jaw Worm","floor":4.0,"turns":3.0},{"damage":13.0,"enemies":"3 Sentries","floor":7.0,"turns":8.0},{"damage":12.0,"enemies":"3 Sentries","floor":10.0,"turns":8.0},{"damage":22.0,"enemies":"Gremlin Nob","floor":11.0,"turns":5.0},{"damage":0.0,"enemies":"Looter","floor":13.0,"turns":3.0},{"damage":4.0,"enemies":"Fading Forest","floor":16.0,"turns":12.0},{"damage":11.0,"enemies":"2 Thieves","floor":18.0,"turns":4.0},{"damage":0.0,"enemies":"Masked Bandits","floor":19.0,"turns":4.0},{"damage":0.0,"enemies":"Spheric Guardian","floor":21.0,"turns":2.0},{"damage":6.0,"enemies":"Gremlin Leader","floor":23.0,"turns":5.0},{"damage":0.0,"enemies":"Cultist and Chosen","floor":24.0,"turns":4.0},{"damage":0.0,"enemies":"Centurion and Healer","floor":29.0,"turns":2.0},{"damage":0.0,"enemies":"Shelled Parasite and Fungi","floor":30.0,"turns":2.0},{"damage":0.0,"enemies":"REME_1_Revenger","floor":31.0,"turns":3.0},{"damage":0.0,"enemies":"Collector","floor":33.0,"turns":4.0},{"damage":0.0,"enemies":"3 Shapes","floor":35.0,"turns":2.0},{"damage":5.0,"enemies":"3 Darklings","floor":36.0,"turns":4.0},{"damage":7.0,"enemies":"Sphere and 2 Shapes","floor":38.0,"turns":4.0},{"damage":15.0,"enemies":"R_Hoarder","floor":40.0,"turns":5.0},{"damage":0.0,"enemies":"Writhing Mass","floor":41.0,"turns":3.0},{"damage":6,"enemies":"Giant Head","floor":42,"turns":3},{"damage":0,"enemies":"Nemesis","floor":44,"turns":3},{"damage":0,"enemies":"Maw","floor":46,"turns":5},{"damage":0,"enemies":"Time Eater","floor":50,"turns":5},{"damage":0,"enemies":"Shield and Spear","floor":54,"turns":2},{"damage":0,"enemies":"The Heart","floor":55,"turns":6}],"seed_played":"178193942615360672","potions_obtained":[{"floor":2.0,"key":"ZuzhouPotion:ReiMu"},{"floor":4.0,"key":"GrandPatriotsElixir:ReiMu"},{"floor":18.0,"key":"LifebloodPotion"},{"floor":24.0,"key":"Swift Potion"},{"floor":29.0,"key":"Poison Potion"},{"floor":30.0,"key":"Elixir"},{"floor":33.0,"key":"Energy Potion"},{"floor":36.0,"key":"MagicPotion:ReiMu"},{"floor":41.0,"key":"LifebloodPotion"},{"floor":54,"key":"Venom Potion"}],"is_trial":false,"path_per_floor":["M","M","?","M","?","R","E","R","T","?","E","R","M","?","R","B",null,"M","?","$","M","?","E","M","R","T","R","T","M","M","E","R","B",null,"M","M","?","M","?","E","M","E","T","E","R","M","$","T","R","B",null,"R","$","E","B",null],"character_chosen":"THE_SILENT","items_purchased":["MostiFishMod:BrokenBlackCloak","Paper Crane","TwistedFunnel","AT_SilverBalance","Reflex","Ccalipers"],"campfire_rested":1,"item_purchase_floors":[20,47,47,47,47,53],"current_hp_per_floor":[63,60,60,60,60,60,47,47,47,35,13,34,34,23,23,33,61,50,50,50,50,50,44,44,44,44,44,44,44,48,50,50,55,68,68,63,63,56,47,34,36,30,30,33,33,35,35,35,35,40,70,70,70,40,40],"gold":72,"neow_bonus":"BOSS_RELIC","is_daily":false,"chose_seed":false,"campfire_upgraded":7,"win_rate":0.0,"timestamp":1608820798,"path_taken":["M","M","?","M","?","R","E","R","T","?","E","R","M","?","R","BOSS","M","?","$","M","?","E","M","R","T","R","?","?","M","E","R","BOSS","M","M","?","M","?","E","M","E","T","E","R","M","$","?","R","BOSS","R","$","E","BOSS"],"items_purchased_type":["Card","Relic","Relic","Relic","Card","Relic"],"build_version":"2020-12-22","purchased_purges":2,"victory":true,"max_hp_per_floor":[70,70,70,70,70,70,70,70,70,70,70,70,70,70,70,70,70,70,70,70,70,70,70,70,70,70,70,70,70,70,72,72,72,72,72,72,72,72,72,74,76,76,76,78,78,80,80,80,80,80,80,80,80,80,80],"card_choices":[{"not_picked":["ReplayTheSpireMod:Scrap Shanks","Bane"],"picked":"REME_GreenPollution","floor":1.0},{"not_picked":["Prepared","Blur","Backflip","Outmaneuver"],"picked":"Leg Sweep","floor":2.0},{"not_picked":["Sucker Punch","Underhanded Strike","AT_WindFlip","REME_GreenPollution"],"picked":"Poisoned Stab","floor":4.0},{"not_picked":["Dagger Spray","Concentrate","Toxin Wave","Flying Knee"],"picked":"MostiFishMod:Wind","floor":7.0},{"not_picked":["Flying Knee","Dagger Throw","Eviscerate","Sucker Punch"],"picked":"Bouncing Flask","floor":10.0},{"not_picked":["ReplayTheSpireMod:Tripwire","Backflip","Accuracy","AT_KneejerkReflex"],"picked":"MostiFishMod:Neurotoxin","floor":11.0},{"not_picked":["Bane","Poisoned Stab","Cloak And Dagger","PiercingWail"],"picked":"Hidden Blade","floor":13.0},{"not_picked":["Well Laid Plans","Storm of Steel","Phantasmal Killer","MostiFishMod:FullyArmed"],"picked":"ReplayTheSpireMod:Necrosis","floor":16.0},{"not_picked":["MostiFishMod:PreservedThorns","Deflect","ReplayTheSpireMod:Speed Training+1","REME_ShadowStrike"],"picked":"Draining Mist+1","floor":18.0},{"not_picked":["Flying Knee+1","AT_TinkerSharpsword","Underhanded Strike","Dagger Throw"],"picked":"MostiFishMod:PoisonShield+1","floor":19.0},{"not_picked":["Infinite Blades+1","Sucker Punch+1","Blade Dance+1","Cloak And Dagger","Leg Sweep"],"picked":"SKIP","floor":21.0},{"not_picked":["Sneak Up","Bane+1","MostiFishMod:PoisonShield","Calculated Gamble+1"],"picked":"Catalyst","floor":23.0},{"not_picked":["Backflip","Outmaneuver","Bane+1","MostiFishMod:SpreadingSpore","Acrobatics"],"picked":"SKIP","floor":24.0},{"not_picked":["Backflip","Outmaneuver","Bane+1","MostiFishMod:SpreadingSpore","Acrobatics"],"picked":"SKIP","floor":24.0},{"not_picked":["Dagger Spray","ReplayTheSpireMod:Scrap Shanks","ReplayTheSpireMod:Tripwire","Backstab"],"picked":"Calculated Gamble","floor":29.0},{"not_picked":["MostiFishMod:FrostNova+1","Deadly Poison","Underhanded Strike","Hidden Blade","Sucker Punch"],"picked":"SKIP","floor":30.0},{"not_picked":["Replay:Poison Smokescreen","Hidden Blade+1","Backflip","AT_Desolate","Quick Slash"],"picked":"Singing Bowl","floor":31.0},{"not_picked":["A Thousand Cuts","ReplayTheSpireMod:From All Sides","MostiFishMod:SpreadingSpore","Bullet Time"],"picked":"MostiFishMod:Confrontation","floor":33.0},{"not_picked":["Distraction+1","Deflect+1","PiercingWail+1","MostiFishMod:PerfectParry"],"picked":"Backflip+1","floor":35.0},{"not_picked":["Choke","Eviscerate","Cloak And Dagger","Dodge and Roll"],"picked":"Acrobatics","floor":36.0},{"not_picked":["ReplayTheSpireMod:From All Sides","Backstab","Poisoned Stab+1","Underhanded Strike"],"picked":"ReplayTheSpireMod:Speed Training","floor":38.0},{"not_picked":["ReplayTheSpireMod:Shiv Toss","Backflip+1","Finisher+1","ReplayTheSpireMod:Tripwire+1","Tools of the Trade"],"picked":"Singing Bowl","floor":40.0},{"not_picked":["PiercingWail+1","Blade Dance","Dagger Throw+1","REME_GreenPollution","Deadly Poison+1"],"picked":"Singing Bowl","floor":41.0},{"not_picked":["Caltrops","PiercingWail+1","Poisoned Stab","Backflip"],"picked":"Burst","floor":42},{"not_picked":["REME_ShadowStrike+1","AT_TwilightShroud","Corpse Explosion","AT_MyraUnstableElement","Fluid Movement"],"picked":"Singing Bowl","floor":44},{"not_picked":["MostiFishMod:FrostNova","Bouncing Flask+1","Poisoned Stab","Sucker Punch+1","Underhanded Strike+1"],"picked":"Singing Bowl","floor":46},{"not_picked":["Choke","Acrobatics+1","Dagger Throw","AT_TinkerSharpsword"],"picked":"Replay:Bag of Tricks","floor":54}],"player_experience":739039,"relics_obtained":[{"floor":1.0,"key":"SynthV:TestCard"},{"floor":7.0,"key":"Chameleon Ring"},{"floor":9.0,"key":"AT_ChloranthyRing"},{"floor":11.0,"key":"Matryoshka"},{"floor":19.0,"key":"Red Mask"},{"floor":23.0,"key":"Pet Ghost"},{"floor":26.0,"key":"Omamori"},{"floor":26.0,"key":"Lantern"},{"floor":28.0,"key":"Letter Opener"},{"floor":28.0,"key":"REME_ArchaeologicalTools"},{"floor":31.0,"key":"Singing Bowl"},{"floor":40.0,"key":"Replay:Mystery Machine"},{"floor":42,"key":"SentryEyes"},{"floor":43,"key":"AT_ArchangelStaff"},{"floor":44,"key":"AT_ImmortalShieldbow"},{"floor":54,"key":"Replay:Bottled Eggs"}],"event_choices":[{"cards_removed":["Defend_G"],"damage_healed":0.0,"max_hp_gain":0.0,"max_hp_loss":0.0,"gold_gain":0.0,"event_name":"Living Wall","player_choice":"Forget","floor":3.0,"gold_loss":0.0,"damage_taken":0.0},{"damage_healed":0.0,"max_hp_gain":0.0,"max_hp_loss":0.0,"gold_gain":30.0,"event_name":"Dead Adventurer","player_choice":"Searched \u00273\u0027 times","floor":10.0,"gold_loss":0.0,"damage_taken":0.0,"relics_obtained":["Tiny Chest"]},{"damage_healed":0.0,"max_hp_gain":0.0,"max_hp_loss":0.0,"gold_gain":75.0,"event_name":"World of Goop","player_choice":"Gather Gold","floor":14.0,"gold_loss":0.0,"damage_taken":11.0},{"damage_healed":0.0,"max_hp_gain":0.0,"max_hp_loss":0.0,"gold_gain":0.0,"event_name":"Masked Bandits","player_choice":"Fought Bandits","floor":19.0,"gold_loss":0.0,"damage_taken":0.0},{"damage_healed":0.0,"max_hp_gain":0.0,"max_hp_loss":0.0,"gold_gain":0.0,"cards_transformed":["Defend_G"],"event_name":"Transmorgrifier","player_choice":"Transformed","floor":22.0,"gold_loss":0.0,"damage_taken":0.0,"cards_obtained":["Underhanded Strike"]},{"cards_removed":["Underhanded Strike"],"damage_healed":0.0,"max_hp_gain":0.0,"max_hp_loss":0.0,"gold_gain":0.0,"event_name":"Falling","player_choice":"Removed Attack","floor":37.0,"gold_loss":0.0,"damage_taken":0.0},{"damage_healed":0.0,"max_hp_gain":0.0,"max_hp_loss":0.0,"gold_gain":0.0,"event_name":"Winding Halls","player_choice":"Embrace Madness","floor":39.0,"gold_loss":0.0,"damage_taken":9.0,"cards_obtained":["Madness","Madness"]}],"is_beta":false,"boss_relics":[{"not_picked":["Hololive_ChaosS","RhineFirstAidKit"],"picked":"SlaversCollar"},{"not_picked":["FixedStarFall","AT_TrinityForce"],"picked":"HoveringKite"}],"items_purged_floors":[20,47],"is_endless":false,"potions_floor_spawned":[2,4,18,24,29,30,33,36,41,44,54],"ascension_level":9}}