{"host":"nnxvcju6x1qybncj","time":1608850897,"event":{"mods":["BaseMod","Displayed Cursed Tome","Downfall","Jorbs\u0027s Wanderer Trilogy","Minty Spire (QoL Compilation)","Quick Restart","StSLib","The Construct","The Cursed","The Disciple","The Hierophant","The Judge","The Necromancer","The Spell Scribe","TheFirefly"],"gold_per_floor":[99,115,13,113,129,129,153,153,153,187,187,187,206,216,228,329,329,329,341,341,361,361,382,382,382,382,405,74,74,98,98,98,98],"floor_reached":31,"playtime":1974,"items_purged":[],"score":235,"play_id":"a4609b53-11a4-42ca-90ae-b04700e6b4e8","local_time":"20201225000137","is_ascension_mode":false,"campfire_choices":[{"data":"hexamod:Sear","floor":1,"key":"SMITH"},{"data":"hexamod:GhostflameInferno","floor":6,"key":"SMITH"},{"floor":9,"key":"REST"},{"floor":12,"key":"REST"},{"data":"hexamod:HexaLevel","floor":18,"key":"SMITH"},{"data":"hexamod:GhostOfSpirePresent","floor":25,"key":"SMITH"}],"circlet_count":0,"master_deck":["hexamod:Strike","hexamod:Strike","hexamod:Strike","hexamod:Strike","hexamod:Defend","hexamod:Defend","hexamod:Defend","hexamod:Defend","hexamod:Sear+1","hexamod:Float","hexamod:GhostOfSpirePresent+1","hexamod:GhostflameInferno+1","hexamod:FirstSeal","hexamod:HauntingEcho","hexamod:RadiantFlame","hexamod:Rewind+1","hexamod:GhostShield+1","hexamod:GhostflameInferno+1","hexamod:ShieldOfDarkness+1","hexamod:HexaLevel+1","hexamod:AdvancingGuard+1","hexamod:SecondSeal","hexamod:GhostShield+1","hexamod:SearingWound+1","hexamod:AdvancingGuard+1","hexamod:GhostOfSpirePresent","hexamod:Again+1","hexamod:SoulSteal+1"],"relics":["hexamod:SpiritBrand","Bag of Marbles","Orichalcum","Question Card","Toxic Egg 2","SacredBark","Sundial","PreservedInsect"],"acts_visited":["Exordium","TheCity"],"potions_floor_usage":[23,23,23],"damage_taken":[{"damage":0,"enemies":"Small Slimes","floor":2,"turns":3},{"damage":10,"enemies":"downfall:FleeingMerchant","floor":3,"turns":4},{"damage":1,"enemies":"Jaw Worm","floor":5,"turns":5},{"damage":10,"enemies":"Gremlin Nob","floor":10,"turns":3},{"damage":1,"enemies":"2 Louse","floor":13,"turns":3},{"damage":1,"enemies":"Blue Slaver","floor":14,"turns":4},{"damage":0,"enemies":"Large Slime","floor":15,"turns":5},{"damage":13,"enemies":"downfall:Watcher","floor":16,"turns":10},{"damage":15,"enemies":"Chosen","floor":19,"turns":6},{"damage":7,"enemies":"Shell Parasite","floor":21,"turns":11},{"damage":45,"enemies":"Cultist and Chosen","floor":23,"turns":12},{"damage":20,"enemies":"Centurion and Healer","floor":27,"turns":10},{"damage":0,"enemies":"downfall:FleeingMerchant","floor":28,"turns":4},{"damage":12,"enemies":"3 Cultists","floor":30,"turns":7},{"damage":47,"enemies":"Gremlin Leader","floor":31,"turns":5}],"seed_played":"8043871113965896818","potions_obtained":[{"floor":2,"key":"LiquidMemories"},{"floor":5,"key":"Block Potion"},{"floor":14,"key":"sneckomod:MuddlingPotion"},{"floor":19,"key":"Regen Potion"}],"is_trial":false,"path_per_floor":["R","M","$","?","M","R","T","?","R","E","?","R","M","M","M","B",null,"R","M","?","M","?","M","T","R","?","M","$","?","M","E"],"character_chosen":"THE_SPIRIT","items_purchased":["hexamod:FirstSeal","hexamod:HauntingEcho","hexamod:GhostOfSpirePresent","hexamod:Again+1","hexamod:SoulSteal+1","PreservedInsect"],"campfire_rested":2,"item_purchase_floors":[3,3,28,28,28,28],"current_hp_per_floor":[70,70,60,60,66,66,66,41,62,52,52,70,69,70,70,64,70,70,62,62,62,62,70,70,70,70,50,50,50,38,0,0,0],"gold":98,"neow_bonus":"RANDOM_COMMON_RELIC","is_daily":false,"chose_seed":false,"campfire_upgraded":4,"win_rate":0.0,"timestamp":1608850897,"path_taken":["R","M","$","?","M","R","T","?","R","E","?","R","?","M","M","BOSS","R","M","?","M","?","M","T","R","?","M","?","?","M","E"],"items_purchased_type":["Card","Card","Card","Card","Card","Relic"],"build_version":"2020-12-22","purchased_purges":0,"victory":false,"max_hp_per_floor":[70,70,70,70,70,70,70,70,70,70,70,70,70,70,70,70,70,70,70,70,70,70,70,70,70,70,70,70,70,70,70,70,70],"card_choices":[{"not_picked":["hexamod:PhantomFireball","hexamod:Firestarter"],"picked":"hexamod:GhostOfSpirePresent","floor":2},{"not_picked":["hexamod:HauntingEcho","hexamod:RainOfEmbers"],"picked":"hexamod:GhostflameInferno","floor":3},{"not_picked":["hexamod:InspiringFlames","hexamod:Firestarter"],"picked":"hexamod:RadiantFlame","floor":5},{"not_picked":["hexamod:HauntingEcho","hexamod:Again+1","hexamod:RadiantFlame"],"picked":"hexamod:Rewind+1","floor":10},{"not_picked":["hexamod:Firestarter","hexamod:GhostLash","hexamod:HauntingEcho"],"picked":"hexamod:GhostShield+1","floor":13},{"not_picked":["hexamod:SpectersWail","hexamod:GhostLash","hexamod:HeatMetal"],"picked":"hexamod:GhostflameInferno+1","floor":14},{"not_picked":["hexamod:SwordOfDarkness","hexamod:InspiringFlames+1","hexamod:Haunt+1"],"picked":"hexamod:ShieldOfDarkness+1","floor":15},{"not_picked":["hexamod:TimeOfNeed+1","hexamod:CrushingStance","hexamod:EmpoweringStance"],"picked":"hexamod:HexaLevel","floor":16},{"not_picked":["hexamod:HeatShield+1","hexamod:InspiringFlames+1","hexamod:SkipABeat+1"],"picked":"hexamod:AdvancingGuard+1","floor":19},{"not_picked":["hexamod:ThermalTransfer","hexamod:NightmareStrike","hexamod:PhantomFireball"],"picked":"hexamod:GhostShield+1","floor":21},{"not_picked":["hexamod:HauntingEcho","hexamod:RainOfEmbers","hexamod:ThermalTransfer+1"],"picked":"hexamod:SearingWound+1","floor":23},{"not_picked":["hexamod:PhantomCloak","hexamod:GhostShield+1","hexamod:FastForward+1","hexamod:BurningTouch+1"],"picked":"SKIP","floor":27},{"not_picked":["hexamod:HauntingEcho","hexamod:CrushingStance","hexamod:Firestarter"],"picked":"hexamod:AdvancingGuard+1","floor":28},{"not_picked":["hexamod:RainOfEmbers","hexamod:BacktrackSmack","hexamod:NecessarySacrifice+1","hexamod:TurnItUp+1"],"picked":"SKIP","floor":30}],"player_experience":733410,"relics_obtained":[{"floor":7,"key":"Orichalcum"},{"floor":10,"key":"Toxic Egg 2"},{"floor":24,"key":"Sundial"}],"event_choices":[{"damage_healed":0,"gold_gain":0,"player_choice":"Success","damage_taken":25,"relics_obtained":["Question Card"],"max_hp_gain":0,"max_hp_loss":0,"event_name":"Scrap Ooze","floor":8,"gold_loss":0},{"damage_healed":0,"gold_gain":0,"player_choice":"Read","damage_taken":0,"max_hp_gain":0,"max_hp_loss":0,"event_name":"The Library","floor":20,"gold_loss":0,"cards_obtained":["hexamod:SecondSeal"]}],"is_beta":false,"boss_relics":[{"not_picked":["Calling Bell","Tiny House"],"picked":"SacredBark"}],"items_purged_floors":[],"is_endless":false,"potions_floor_spawned":[2,5,14,19,21],"killed_by":"Gremlin Leader","ascension_level":0}}