{"host":"4edbuligkc8x13l4","time":1608807559,"event":{"mods":["BaseMod","Minty Spire (QoL Compilation)","StSLib","SuperFastMode"],"gold_per_floor":[116,96,107,123,141,141,166,166,166,91,91,91,110,137,137,208,208,221,221,221],"floor_reached":19,"playtime":445,"items_purged":["Beam Cell"],"score":629,"play_id":"ed24d5b9-e7ee-4000-836a-a25ebacd5383","local_time":"20201224185919","daily_mods":["SealedDeck"],"is_ascension_mode":true,"campfire_choices":[{"data":"Gash","floor":6.0,"key":"SMITH"},{"floor":8.0,"key":"REST"},{"floor":11.0,"key":"REST"},{"data":"Heatsinks","floor":15.0,"key":"PURGE"}],"circlet_count":0,"master_deck":["AscendersBane","Loop","Go for the Eyes","Go for the Eyes","Chill","Beam Cell","Go for the Eyes","Beam Cell","Gash+1","Go for the Eyes"],"relics":["Unceasing Top","Molten Egg 2","FossilizedHelix","Peace Pipe","Sozu"],"acts_visited":["Exordium","TheCity"],"potions_floor_usage":[],"damage_taken":[{"damage":2.0,"enemies":"Small Slimes","floor":1.0,"turns":2.0},{"damage":0.0,"enemies":"Cultist","floor":3.0,"turns":2.0},{"damage":7.0,"enemies":"2 Louse","floor":4.0,"turns":2.0},{"damage":0.0,"enemies":"Large Slime","floor":5.0,"turns":2.0},{"damage":0.0,"enemies":"Gremlin Nob","floor":7.0,"turns":2.0},{"damage":0.0,"enemies":"Red Slaver","floor":13.0,"turns":2.0},{"damage":0.0,"enemies":"Lagavulin","floor":14.0,"turns":2.0},{"damage":0.0,"enemies":"Slime Boss","floor":16.0,"turns":3.0},{"damage":0.0,"enemies":"Spheric Guardian","floor":18.0,"turns":2.0},{"damage":0,"enemies":"2 Thieves","floor":19,"turns":1}],"seed_played":"1794992488693089736","potions_obtained":[{"floor":2.0,"key":"EssenceOfSteel"},{"floor":3.0,"key":"DuplicationPotion"}],"is_trial":true,"path_per_floor":["M","?","M","M","M","R","E","R","T","$","R","?","M","E","R","B",null,"M","M"],"character_chosen":"DEFECT","items_purchased":[],"campfire_rested":2,"item_purchase_floors":[],"current_hp_per_floor":[62,62,62,55,55,55,55,71,71,71,71,76,76,76,76,76,76,76,76,76],"gold":221,"neow_bonus":"","is_daily":false,"chose_seed":false,"campfire_upgraded":1,"win_rate":0.0,"timestamp":1608807559,"path_taken":["M","?","M","?","M","R","E","R","T","$","R","?","M","E","R","BOSS","M","M"],"items_purchased_type":[],"build_version":"2020-12-22","purchased_purges":1,"victory":false,"max_hp_per_floor":[71,71,71,71,71,71,71,71,71,71,71,76,76,76,76,76,76,76,76,76],"card_choices":[{"not_picked":["Glacier","BootSequence"],"picked":"Go for the Eyes","floor":1.0},{"not_picked":["Skim","Rebound","Tempest"],"picked":"SKIP","floor":3.0},{"not_picked":["Sunder","Reprogram","Compile Driver"],"picked":"SKIP","floor":4.0},{"not_picked":["Genetic Algorithm","Steam Power","Rebound"],"picked":"SKIP","floor":5.0},{"not_picked":["Recycle","Blizzard+1","Machine Learning"],"picked":"SKIP","floor":7.0},{"not_picked":["Streamline+1","Compile Driver+1","Cold Snap+1"],"picked":"SKIP","floor":13.0},{"not_picked":["Compile Driver+1","Streamline+1","Leap"],"picked":"SKIP","floor":14.0},{"not_picked":["Hologram","Streamline+1","Leap"],"picked":"SKIP","floor":18.0}],"player_experience":913383,"relics_obtained":[{"floor":7.0,"key":"Molten Egg 2"},{"floor":9.0,"key":"FossilizedHelix"},{"floor":14.0,"key":"Peace Pipe"}],"event_choices":[{"damage_healed":0.0,"max_hp_gain":0.0,"max_hp_loss":0.0,"gold_gain":0.0,"event_name":"The Woman in Blue","player_choice":"Bought 1 Potion","floor":2.0,"gold_loss":0.0,"damage_taken":0.0},{"damage_healed":0.0,"max_hp_gain":5.0,"max_hp_loss":0.0,"gold_gain":0.0,"event_name":"Big Fish","player_choice":"Donut","floor":12.0,"gold_loss":0.0,"damage_taken":0.0}],"is_beta":false,"boss_relics":[{"not_picked":["Velvet Choker","Coffee Dripper"],"picked":"Sozu"}],"items_purged_floors":[10],"is_endless":false,"potions_floor_spawned":[3,7,13,14,18],"killed_by":"2 Thieves","ascension_level":20}}