{"host":"xgnmnr8f8w1a0eo3","time":1608799800,"event":{"mods":["BaseMod","Downfall","Highlight Path","Minty Spire (QoL Compilation)","Permanent Neow","Relic Stats","StSLib","everything is the same but u backflip on backflip"],"gold_per_floor":[99,119,174,184,203,234,234,334,369,387,387,387,387,3,14,112,162,162,179,454,194,212,237,315,465,497,508,537,554,573,634,649,744,744,744,754,764,781,795,135,159,179,212,230,230,230,263,281,295,295],"floor_reached":51,"playtime":4877,"items_purged":["hexamod:Strike","Regret","hexamod:Strike"],"score":1335,"play_id":"a6de1917-bafd-471c-9644-851c1c70c98e","local_time":"20201224035000","is_ascension_mode":true,"campfire_choices":[{"data":"Apotheosis","floor":1.0,"key":"SMITH"},{"data":"hexamod:Rewind","floor":11.0,"key":"SMITH"},{"data":"hexamod:TimeWarp","floor":18.0,"key":"SMITH"},{"data":"hexamod:EmpoweringStance","floor":35.0,"key":"SMITH"},{"data":"hexamod:EmpoweredFlame","floor":46,"key":"SMITH"}],"circlet_count":0,"master_deck":["hexamod:Defend","hexamod:Defend","hexamod:Defend","hexamod:Defend","hexamod:Sear","hexamod:Float+1","Apotheosis+1","hexamod:BacktrackSmack","hexamod:AdvancingGuard+1","hexamod:HauntingEcho","hexamod:BacktrackSmack","hexamod:Again","hexamod:Rewind+1","hexamod:SpectralAdrenaline","hexamod:ShieldOfDarkness","hexamod:TimeWarp+1","hexamod:ChargedBarrage","hexamod:TimeWarp+1","hexamod:CatchUp","hexamod:EmpoweredFlame+1","hexamod:EmpoweringStance+1","hexamod:BacktrackSmack+1","hexamod:SkipABeat","hexamod:Again+1"],"relics":["hexamod:SpiritBrand","CaptainsWheel","champ:DeflectingBracers","Blue Candle","downfall:ShatteredFragment","Matryoshka","Lantern","Toy Ornithopter","Tiny House","DollysMirror","Bronze Scales","Darkstone Periapt","hexamod:SoulConsumer","Bottled Tornado","FossilizedHelix","hexamod:JarOfFuel","Coffee Dripper","Pantograph","Letter Opener","Lee\u0027s Waffle","Molten Egg 2","Pen Nib","Eternal Feather","hexamod:Sixitude"],"acts_visited":["Exordium","TheCity","TheBeyond"],"potions_floor_usage":[42,44],"damage_taken":[{"damage":2.0,"enemies":"Jaw Worm","floor":2.0,"turns":3.0},{"damage":8.0,"enemies":"Lagavulin Event","floor":3.0,"turns":6.0},{"damage":0.0,"enemies":"2 Louse","floor":4.0,"turns":3.0},{"damage":0.0,"enemies":"Cultist","floor":5.0,"turns":3.0},{"damage":0.0,"enemies":"3 Sentries","floor":6.0,"turns":6.0},{"damage":12.0,"enemies":"downfall:Heads","floor":8.0,"turns":7.0},{"damage":3.0,"enemies":"Lagavulin","floor":9.0,"turns":5.0},{"damage":0.0,"enemies":"Large Slime","floor":10.0,"turns":3.0},{"damage":0.0,"enemies":"downfall:FleeingMerchant","floor":14.0,"turns":4.0},{"damage":5.0,"enemies":"Gremlin Gang","floor":15.0,"turns":4.0},{"damage":0.0,"enemies":"downfall:Defect","floor":16.0,"turns":5.0},{"damage":0.0,"enemies":"3 Byrds","floor":19.0,"turns":3.0},{"damage":2.0,"enemies":"downfall:FleeingMerchant","floor":21.0,"turns":4.0},{"damage":12.0,"enemies":"Snake Plant","floor":22.0,"turns":3.0},{"damage":14.0,"enemies":"Slavers","floor":23.0,"turns":4.0},{"damage":4.0,"enemies":"Book of Stabbing","floor":26.0,"turns":3.0},{"damage":12.0,"enemies":"Shelled Parasite and Fungi","floor":27.0,"turns":4.0},{"damage":15.0,"enemies":"Slavers","floor":28.0,"turns":3.0},{"damage":0.0,"enemies":"Cultist and Chosen","floor":29.0,"turns":4.0},{"damage":0.0,"enemies":"Centurion and Healer","floor":30.0,"turns":3.0},{"damage":0.0,"enemies":"downfall:FleeingMerchant","floor":31.0,"turns":3.0},{"damage":0.0,"enemies":"3 Cultists","floor":32.0,"turns":3.0},{"damage":0.0,"enemies":"downfall:Ironclad","floor":33.0,"turns":5.0},{"damage":0.0,"enemies":"3 Darklings","floor":36.0,"turns":3.0},{"damage":0.0,"enemies":"Orb Walker","floor":37.0,"turns":3.0},{"damage":0.0,"enemies":"4 Shapes","floor":38.0,"turns":4.0},{"damage":0.0,"enemies":"Transient","floor":39.0,"turns":5.0},{"damage":0,"enemies":"Writhing Mass","floor":42,"turns":3},{"damage":0,"enemies":"Giant Head","floor":43,"turns":6},{"damage":1,"enemies":"3 Darklings","floor":44,"turns":3},{"damage":0,"enemies":"Nemesis","floor":47,"turns":5},{"damage":0,"enemies":"Maw","floor":48,"turns":5},{"damage":0,"enemies":"Spire Growth","floor":49,"turns":2},{"damage":48,"enemies":"downfall:Silent","floor":50,"turns":4}],"seed_played":"-7407409420332146873","potions_obtained":[{"floor":4.0,"key":"AttackPotion"},{"floor":6.0,"key":"Energy Potion"},{"floor":15.0,"key":"SteroidPotion"},{"floor":17.0,"key":"GamblersBrew"},{"floor":19.0,"key":"Fruit Juice"},{"floor":22.0,"key":"LiquidBronze"},{"floor":28.0,"key":"champ:CounterPotion"},{"floor":30.0,"key":"LiquidMemories"},{"floor":33.0,"key":"ColorlessPotion"},{"floor":42,"key":"Slimebound:ThreeZeroPotion"},{"floor":44,"key":"hexamod:DoubleChargePotion"}],"is_trial":false,"path_per_floor":["R","M","?","M","M","E","T","?","E","M","R","?","?","$","M","B",null,"R","M","?","$","M","E","T","?","E","M","E","M","M","$","M","B",null,"R","M","M","M","M","$","T","M","E","M","?","R","E","M","M","B",null],"character_chosen":"THE_SPIRIT","items_purchased":["Lantern","Toy Ornithopter","DollysMirror","hexamod:MatchstickCase","Pantograph","Letter Opener","Lee\u0027s Waffle"],"campfire_rested":0,"item_purchase_floors":[14,14,21,31,40,40,40],"current_hp_per_floor":[63,61,53,53,53,53,53,41,38,38,38,17,10,10,5,10,55,55,55,55,58,46,32,32,32,28,26,11,11,11,11,11,16,59,59,59,59,59,59,80,80,80,80,79,79,80,80,80,80,32],"gold":295,"neow_bonus":"RANDOM_COLORLESS_2","is_daily":false,"chose_seed":false,"campfire_upgraded":5,"win_rate":0.0,"timestamp":1608799800,"path_taken":["R","M","?","M","M","E","T","?","E","M","R","?","?","$","M","BOSS","R","M","?","$","?","E","T","?","E","M","E","M","M","$","M","BOSS","R","M","M","M","?","$","T","M","E","M","?","R","E","M","M","BOSS"],"items_purchased_type":["Relic","Relic","Relic","Relic","Relic","Relic","Relic"],"build_version":"2020-12-22","purchased_purges":3,"victory":true,"max_hp_per_floor":[63,63,63,63,63,63,63,63,63,63,63,63,63,63,63,63,68,68,68,68,68,68,68,68,68,68,73,73,73,73,73,73,73,73,73,73,73,73,73,80,80,80,80,80,80,80,80,80,80,80],"relic_stats":{"Darkstone Periapt":0,"Lee\u0027s Waffle":21,"counters":[34,134],"Blue Candle":[0],"Bronze Scales":[157],"Pantograph":0,"Eternal Feather":1,"Pen Nib":[10],"Letter Opener":[128],"obtain_stats":[{"Darkstone Periapt":24,"hexamod:JarOfFuel":29,"Lantern":14,"Tiny House":17,"Bottled Tornado":23,"Matryoshka":13,"DollysMirror":21,"Pantograph":40,"hexamod:SpiritBrand":0,"Lee\u0027s Waffle":40,"downfall:ShatteredFragment":12,"Blue Candle":9,"hexamod:Sixitude":47,"Eternal Feather":43,"champ:DeflectingBracers":7,"Pen Nib":41,"Letter Opener":40,"hexamod:MatchstickCase":31,"CaptainsWheel":3,"Bronze Scales":24,"Molten Egg 2":41,"Bag of Marbles":6,"Coffee Dripper":34,"hexamod:SoulConsumer":26,"Toy Ornithopter":14,"FossilizedHelix":28},{"Darkstone Periapt":15,"hexamod:JarOfFuel":19,"Lantern":9,"Tiny House":11,"Bottled Tornado":15,"Matryoshka":8,"DollysMirror":13,"Pantograph":27,"hexamod:SpiritBrand":0,"Lee\u0027s Waffle":27,"downfall:ShatteredFragment":8,"Blue Candle":7,"hexamod:Sixitude":31,"Eternal Feather":29,"champ:DeflectingBracers":5,"Pen Nib":27,"Letter Opener":27,"hexamod:MatchstickCase":21,"CaptainsWheel":2,"Bronze Scales":15,"Molten Egg 2":27,"Bag of Marbles":5,"Coffee Dripper":23,"hexamod:SoulConsumer":16,"Toy Ornithopter":9,"FossilizedHelix":18},{"Darkstone Periapt":63,"hexamod:JarOfFuel":74,"Lantern":40,"Tiny House":49,"Bottled Tornado":63,"Matryoshka":36,"DollysMirror":56,"Pantograph":106,"hexamod:SpiritBrand":0,"Lee\u0027s Waffle":106,"downfall:ShatteredFragment":36,"Blue Candle":33,"hexamod:Sixitude":123,"Eternal Feather":115,"champ:DeflectingBracers":21,"Pen Nib":106,"Letter Opener":106,"hexamod:MatchstickCase":83,"CaptainsWheel":9,"Bronze Scales":63,"Molten Egg 2":106,"Bag of Marbles":21,"Coffee Dripper":91,"hexamod:SoulConsumer":66,"Toy Ornithopter":40,"FossilizedHelix":73}],"Toy Ornithopter":20},"card_choices":[{"not_picked":["Metamorphosis","Magnetism"],"picked":"Apotheosis","floor":0.0},{"not_picked":["hexamod:EmpoweredFlame","hexamod:Firestarter"],"picked":"hexamod:BacktrackSmack","floor":2.0},{"not_picked":["hexamod:BurningTouch","hexamod:Hexaguard"],"picked":"hexamod:AdvancingGuard","floor":3.0},{"not_picked":["hexamod:HeatMetal","hexamod:GhostLash"],"picked":"hexamod:HauntingEcho","floor":4.0},{"not_picked":["hexamod:WildfireWeapon","hexamod:BurningTouch","hexamod:GhostLash"],"picked":"SKIP","floor":5.0},{"not_picked":["hexamod:ThirdSeal","hexamod:HauntingEcho"],"picked":"hexamod:BacktrackSmack","floor":6.0},{"not_picked":["hexamod:HauntingEcho","hexamod:SpectersWail"],"picked":"hexamod:Again","floor":8.0},{"not_picked":["hexamod:GhostShield","hexamod:RainOfEmbers"],"picked":"hexamod:Rewind","floor":9.0},{"not_picked":["hexamod:ChargedBarrage","hexamod:ParanormalForm","hexamod:SwordOfDarkness"],"picked":"SKIP","floor":10.0},{"not_picked":["hexamod:SwordOfDarkness","hexamod:RainOfEmbers"],"picked":"hexamod:SpectralAdrenaline","floor":14.0},{"not_picked":["hexamod:InspiringFlames","hexamod:FourthSeal","hexamod:ShieldOfDarkness"],"picked":"SKIP","floor":15.0},{"not_picked":["hexamod:InspiringFlames","hexamod:FourthSeal"],"picked":"hexamod:ShieldOfDarkness","floor":15.0},{"not_picked":["hexamod:SearingWound","hexamod:WildfireWeapon"],"picked":"hexamod:TimeWarp","floor":16.0},{"not_picked":["hexamod:NecessarySacrifice","hexamod:NightmareStrike"],"picked":"hexamod:ChargedBarrage","floor":17.0},{"not_picked":["hexamod:RainOfEmbers","hexamod:HauntingEcho","hexamod:HeatMetal"],"picked":"SKIP","floor":19.0},{"not_picked":["hexamod:HauntingEcho","hexamod:Hexaguard","hexamod:NightmareGuise"],"picked":"SKIP","floor":21.0},{"not_picked":["hexamod:PhantomCloak","hexamod:RainOfEmbers+1","hexamod:NightmareStrike+1"],"picked":"SKIP","floor":22.0},{"not_picked":["hexamod:RainOfEmbers+1","hexamod:Hexaguard"],"picked":"hexamod:CatchUp","floor":23.0},{"not_picked":["hexamod:GhostShield","hexamod:EmpoweringStance","hexamod:NightmareStrike"],"picked":"SKIP","floor":26.0},{"not_picked":["hexamod:GhostOfSpirePresent","hexamod:RainOfEmbers"],"picked":"hexamod:BacktrackSmack+1","floor":27.0},{"not_picked":["hexamod:SwordOfDarkness","hexamod:Haunt+1","hexamod:NightmareGuise"],"picked":"SKIP","floor":28.0},{"not_picked":["hexamod:BacktrackSmack","hexamod:NightmareGuise","hexamod:Firestarter"],"picked":"SKIP","floor":29.0},{"not_picked":["hexamod:Firestarter","hexamod:SpectersWail","hexamod:ChargedBarrage"],"picked":"SKIP","floor":30.0},{"not_picked":["hexamod:ExtraCrispy","hexamod:HeatCrush+1","hexamod:SpectralSpark"],"picked":"SKIP","floor":31.0},{"not_picked":["hexamod:GhostLash","hexamod:SwordOfDarkness+1"],"picked":"hexamod:SkipABeat","floor":32.0},{"not_picked":["hexamod:NightmareStrike","hexamod:NightmareGuise+1","hexamod:AdvancingGuard+1"],"picked":"SKIP","floor":36.0},{"not_picked":["hexamod:GhostOfSpirePresent","hexamod:Incineration+1","hexamod:HeatMetal"],"picked":"SKIP","floor":37.0},{"not_picked":["hexamod:RecurringNightmare","hexamod:BacktrackSmack","hexamod:PhantomFireball"],"picked":"SKIP","floor":38.0},{"not_picked":["hexamod:InspiringFlames+1","hexamod:NightmareGuise+1","hexamod:Firestarter+1"],"picked":"SKIP","floor":39},{"not_picked":["hexamod:PhantomFireball+1","hexamod:SpectralAdrenaline+1","hexamod:Haunt"],"picked":"SKIP","floor":42},{"not_picked":["hexamod:SuperheatedStrike+1","hexamod:ChargedBarrage","hexamod:SpectersWail+1"],"picked":"SKIP","floor":43},{"not_picked":["hexamod:AdvancingGuard+1","hexamod:Firestarter+1","hexamod:SearingWound"],"picked":"SKIP","floor":44},{"not_picked":["hexamod:GhostLash+1","hexamod:InspiringFlames"],"picked":"hexamod:Again+1","floor":47},{"not_picked":["hexamod:BacktrackSmack+1","hexamod:Again","hexamod:GhostShield+1"],"picked":"SKIP","floor":48},{"not_picked":["hexamod:ShieldOfDarkness","hexamod:SuperheatedStrike+1","hexamod:SpectersWail+1"],"picked":"SKIP","floor":49}],"player_experience":1157534,"relics_obtained":[{"floor":3.0,"key":"CaptainsWheel"},{"floor":6.0,"key":"Bag of Marbles"},{"floor":7.0,"key":"champ:DeflectingBracers"},{"floor":9.0,"key":"Blue Candle"},{"floor":23.0,"key":"Bottled Tornado"},{"floor":24.0,"key":"Bronze Scales"},{"floor":24.0,"key":"Darkstone Periapt"},{"floor":26.0,"key":"hexamod:SoulConsumer"},{"floor":28.0,"key":"FossilizedHelix"},{"floor":41,"key":"Molten Egg 2"},{"floor":41,"key":"Pen Nib"},{"floor":43,"key":"Eternal Feather"},{"floor":47,"key":"hexamod:Sixitude"}],"event_choices":[{"damage_healed":0.0,"max_hp_gain":0.0,"max_hp_loss":0.0,"gold_gain":0.0,"event_name":"Scrap Ooze","player_choice":"Success","floor":13.0,"gold_loss":0.0,"damage_taken":7.0,"relics_obtained":["Matryoshka"]}],"is_beta":false,"boss_relics":[{"not_picked":["Runic Dome","Runic Pyramid"],"picked":"Tiny House"},{"not_picked":["Snecko Eye","Empty Cage"],"picked":"Coffee Dripper"}],"items_purged_floors":[14,21,31],"is_endless":false,"potions_floor_spawned":[4,6,15,19,22,28,30,33,38,42,43,44,47],"ascension_level":6}}