{"host":"raai0vtvcfkt8csp","time":1608818964,"event":{"mods":["2.2 Compatiblity","AchievementEnabler","BaseMod","Block Reminder","DeckTracker","Defective Defect","GifTheSpireLib","Minty Spire (QoL Compilation)","Quick Restart","Random Character Button","Rare Cards Sparkle","StSLib","Unceasing Turn Reminder"],"gold_per_floor":[113,123,9,9,9,52,70,95,148,54,54,93,93,109,109,228,228,247,268,268,268,268],"floor_reached":21,"playtime":1043,"items_purged":[],"score":251,"play_id":"eac40b68-cc10-4bf0-a342-ed64658d0721","local_time":"20201224150924","is_ascension_mode":true,"campfire_choices":[{"data":"Vault","floor":13,"key":"SMITH"},{"floor":15,"key":"REST"}],"circlet_count":0,"master_deck":["Strike_P","Strike_P","Strike_P","Strike_P","Defend_P","Defend_P","Defend_P","Defend_P","Eruption","Vigilance","Vault+1","EmptyFist","Vault","Perseverance","Protect","Eruption","Collect","WindmillStrike","Consecrate","DeceiveReality","Enlightenment","ReachHeaven","TalkToTheHand","Devotion","ReachHeaven"],"relics":["PureWater","Golden Idol","Mercury Hourglass","Bronze Scales","Centennial Puzzle","VioletLotus"],"acts_visited":["Exordium","TheCity"],"potions_floor_usage":[12,21],"damage_taken":[{"damage":0,"enemies":"Jaw Worm","floor":1,"turns":4},{"damage":2,"enemies":"2 Louse","floor":2,"turns":5},{"damage":0,"enemies":"Lagavulin","floor":6,"turns":8},{"damage":0,"enemies":"Cultist","floor":7,"turns":5},{"damage":3,"enemies":"Red Slaver","floor":8,"turns":4},{"damage":0,"enemies":"Gremlin Nob","floor":12,"turns":4},{"damage":0,"enemies":"Exordium Thugs","floor":14,"turns":3},{"damage":4,"enemies":"The Guardian","floor":16,"turns":8},{"damage":17,"enemies":"Spheric Guardian","floor":18,"turns":7},{"damage":4,"enemies":"3 Byrds","floor":19,"turns":3},{"damage":62,"enemies":"Snake Plant","floor":21,"turns":3}],"seed_played":"-6890826188026046946","potions_obtained":[{"floor":2,"key":"DistilledChaos"},{"floor":7,"key":"PowerPotion"},{"floor":12,"key":"GamblersBrew"},{"floor":14,"key":"CultistPotion"}],"is_trial":false,"path_per_floor":["M","M","$","?","?","E","M","M","T","$","T","E","R","M","R","B",null,"M","M","?","M"],"character_chosen":"WATCHER","items_purchased":["Perseverance","Protect","Enlightenment"],"campfire_rested":1,"item_purchase_floors":[3,3,10],"current_hp_per_floor":[72,70,70,52,52,52,52,49,49,49,49,49,49,49,70,66,72,55,51,51,0,0],"gold":268,"neow_bonus":"ONE_RANDOM_RARE_CARD","is_daily":false,"chose_seed":false,"campfire_upgraded":1,"win_rate":0.0,"timestamp":1608818964,"path_taken":["M","M","$","?","?","E","M","?","T","?","?","E","R","M","R","BOSS","M","M","?","M"],"items_purchased_type":["Card","Card","Card"],"build_version":"2020-12-22","purchased_purges":0,"victory":false,"max_hp_per_floor":[72,72,72,72,72,72,72,72,72,72,72,72,72,72,72,72,72,72,72,72,72,72],"card_choices":[{"not_picked":["Halt","FlurryOfBlows"],"picked":"EmptyFist","floor":1},{"not_picked":["EmptyBody","JustLucky"],"picked":"Vault","floor":2},{"not_picked":["Nirvana","Meditate"],"picked":"WindmillStrike","floor":6},{"not_picked":["SashWhip","PathToVictory"],"picked":"Consecrate","floor":7},{"not_picked":["CutThroughFate","Vengeance"],"picked":"DeceiveReality","floor":8},{"not_picked":["Evaluate","EmptyMind"],"picked":"ReachHeaven","floor":12},{"not_picked":["CutThroughFate","DeceiveReality"],"picked":"TalkToTheHand","floor":14},{"not_picked":["Scrawl","Ragnarok"],"picked":"Devotion","floor":16},{"not_picked":["DeceiveReality","EmptyFist"],"picked":"ReachHeaven","floor":18},{"not_picked":["ThirdEye","FlyingSleeves","CrushJoints"],"picked":"SKIP","floor":19}],"player_experience":450854,"relics_obtained":[{"floor":6,"key":"Mercury Hourglass"},{"floor":9,"key":"Bronze Scales"},{"floor":12,"key":"Centennial Puzzle"}],"event_choices":[{"damage_healed":0,"gold_gain":0,"player_choice":"Take Damage","damage_taken":18,"relics_obtained":["Golden Idol"],"max_hp_gain":0,"max_hp_loss":0,"event_name":"Golden Idol","floor":4,"gold_loss":0},{"damage_healed":0,"gold_gain":0,"player_choice":"2 cards matched","damage_taken":0,"max_hp_gain":0,"max_hp_loss":0,"event_name":"Match and Keep!","floor":5,"gold_loss":0,"cards_obtained":["Eruption","Collect"]},{"damage_healed":0,"gold_gain":0,"player_choice":"Ignored","damage_taken":0,"max_hp_gain":0,"max_hp_loss":0,"event_name":"Beggar","floor":20,"gold_loss":0}],"is_beta":false,"boss_relics":[{"not_picked":["Empty Cage","Snecko Eye"],"picked":"VioletLotus"}],"items_purged_floors":[],"is_endless":false,"potions_floor_spawned":[2,7,12,14,18],"killed_by":"Snake Plant","ascension_level":1}}