{"host":"5raohst9sk3kvp5v","time":1608788456,"event":{"mods":["BaseMod","Colored Powertips","Highlight Path","Minty Spire (QoL Compilation)","Quick Restart","Relic Stats","StSLib"],"gold_per_floor":[117,117,132,132,132,132,145,145,145,145,145],"floor_reached":10,"playtime":348,"items_purged":[],"score":112,"play_id":"ca54d7c2-7565-4c77-822b-efffbead337d","local_time":"20201223234056","is_ascension_mode":true,"campfire_choices":[{"floor":6.0,"key":"REST"},{"data":"Body Slam","floor":8.0,"key":"SMITH"}],"circlet_count":0,"master_deck":["AscendersBane","Strike_R","Strike_R","Defend_R","Defend_R","Defend_R","Defend_R","Bash","Body Slam+1","Shockwave","Pommel Strike"],"relics":["Burning Blood","Golden Idol","Eternal Feather","Magic Flower"],"acts_visited":["Exordium"],"potions_floor_usage":[10,10],"damage_taken":[{"damage":2.0,"enemies":"Cultist","floor":1.0,"turns":4.0},{"damage":7.0,"enemies":"Small Slimes","floor":3.0,"turns":6.0},{"damage":11.0,"enemies":"Jaw Worm","floor":7.0,"turns":6.0},{"damage":36,"enemies":"3 Sentries","floor":10,"turns":11}],"seed_played":"6681680464650084477","potions_obtained":[{"floor":1.0,"key":"SneckoOil"},{"floor":3.0,"key":"BlessingOfTheForge"}],"is_trial":false,"path_per_floor":["M","?","M","?","?","R","M","R","T","E"],"character_chosen":"IRONCLAD","items_purchased":[],"campfire_rested":1,"item_purchase_floors":[],"current_hp_per_floor":[54,28,27,16,9,37,32,38,38,2,2],"gold":145,"neow_bonus":"REMOVE_TWO","is_daily":false,"chose_seed":false,"campfire_upgraded":1,"win_rate":0.0,"timestamp":1608788456,"path_taken":["M","?","M","?","?","R","M","R","T","E"],"items_purchased_type":[],"build_version":"2020-12-22","purchased_purges":0,"victory":false,"max_hp_per_floor":[75,75,75,75,75,75,75,75,75,75,75],"relic_stats":{"counters":[4,27],"Golden Idol":6,"Magic Flower":[0],"Eternal Feather":12,"obtain_stats":[{"Golden Idol":2,"Magic Flower":9,"Eternal Feather":4,"Burning Blood":0},{"Golden Idol":1,"Magic Flower":3,"Eternal Feather":2,"Burning Blood":0},{"Golden Idol":4,"Magic Flower":16,"Eternal Feather":10,"Burning Blood":0}],"Burning Blood":18},"card_choices":[{"not_picked":["Sever Soul","Havoc"],"picked":"Body Slam","floor":1.0},{"not_picked":["Rage","Sword Boomerang"],"picked":"Shockwave","floor":3.0},{"not_picked":["Headbutt","Thunderclap"],"picked":"Pommel Strike","floor":7.0}],"player_experience":1689595,"relics_obtained":[{"floor":9.0,"key":"Magic Flower"}],"event_choices":[{"damage_healed":0.0,"max_hp_gain":0.0,"max_hp_loss":0.0,"gold_gain":0.0,"event_name":"Golden Idol","player_choice":"Take Damage","floor":2.0,"gold_loss":0.0,"damage_taken":26.0,"relics_obtained":["Golden Idol"]},{"damage_healed":0.0,"max_hp_gain":0.0,"max_hp_loss":0.0,"gold_gain":0.0,"event_name":"Scrap Ooze","player_choice":"Success","floor":4.0,"gold_loss":0.0,"damage_taken":11.0,"relics_obtained":["Eternal Feather"]},{"cards_removed":["Strike_R"],"damage_healed":0.0,"max_hp_gain":0.0,"max_hp_loss":0.0,"gold_gain":0.0,"event_name":"Golden Wing","player_choice":"Card Removal","floor":5.0,"gold_loss":0.0,"damage_taken":7.0}],"is_beta":false,"boss_relics":[],"items_purged_floors":[],"is_endless":false,"potions_floor_spawned":[1,3],"killed_by":"3 Sentries","ascension_level":20}}