{"host":"mniz8q056kux99zk","time":1608832574,"event":{"mods":["BaseMod","CapriCore","Highlight Path","Minty Spire (QoL Compilation)","Replay The Spire","StSLib"],"gold_per_floor":[110,185,185,185,202,231,231,245,245,256,276,309,328,328,328,328,328],"floor_reached":16,"playtime":1369,"items_purged":[],"score":144,"play_id":"90592791-5612-49e2-af19-4c111b87d886","local_time":"20201224125614","is_ascension_mode":true,"campfire_choices":[{"floor":7,"key":"REST"},{"floor":15,"key":"REST"}],"circlet_count":0,"master_deck":["Strike_P","Strike_P","Defend_P","Defend_P","Eruption","Vigilance","Evaluate","WreathOfFlame","Sanctity","Replay:AtTheReady","Vault","Perseverance","EmptyFist","Replay:Vibes","SandsOfTime"],"relics":["Replay:Drink Me","ReplayTheSpireMod:Shallot","Boot"],"acts_visited":["Exordium"],"potions_floor_usage":[6,12,16,16],"damage_taken":[{"damage":6,"enemies":"Small Slimes","floor":1,"turns":6},{"damage":0,"enemies":"2 Louse","floor":5,"turns":3},{"damage":8,"enemies":"3 Sentries","floor":6,"turns":18},{"damage":6,"enemies":"Cultist","floor":8,"turns":4},{"damage":14,"enemies":"Blue Slaver","floor":10,"turns":6},{"damage":25,"enemies":"2 Fungi Beasts","floor":11,"turns":8},{"damage":0,"enemies":"Gremlin Nob","floor":12,"turns":5},{"damage":4,"enemies":"Exordium Thugs","floor":13,"turns":25},{"damage":31,"enemies":"Fading Forest","floor":16,"turns":8}],"seed_played":"5188589592001374216","potions_obtained":[{"floor":5,"key":"AttackPotion"},{"floor":10,"key":"Reflective Coating"},{"floor":12,"key":"Venom Potion"},{"floor":13,"key":"Venom Potion"}],"is_trial":false,"path_per_floor":["M","?","?","?","M","E","R","M","T","M","M","E","M","?","R","B"],"character_chosen":"WATCHER","items_purchased":[],"campfire_rested":2,"item_purchase_floors":[],"current_hp_per_floor":[48,37,42,42,42,34,51,45,45,31,6,6,2,2,19,0,0],"gold":328,"neow_bonus":"BOSS_RELIC","is_daily":false,"chose_seed":false,"campfire_upgraded":0,"win_rate":0.0,"timestamp":1608832574,"path_taken":["M","?","?","?","M","E","R","M","T","?","M","E","M","?","R","BOSS"],"items_purchased_type":[],"build_version":"2020-12-22","purchased_purges":0,"victory":false,"max_hp_per_floor":[54,54,59,59,59,59,59,59,59,59,59,59,59,59,59,59,59],"card_choices":[{"not_picked":["Study","PathToVictory"],"picked":"Evaluate","floor":1},{"not_picked":["Protect","Replay:DivineShield"],"picked":"Sanctity","floor":5},{"not_picked":["ClearTheMind","ThirdEye"],"picked":"Replay:AtTheReady","floor":6},{"not_picked":["Consecrate","Replay:Anticipation"],"picked":"Vault","floor":8},{"not_picked":["Weave","EmptyBody"],"picked":"Perseverance","floor":10},{"not_picked":["ThirdEye","EmptyBody"],"picked":"EmptyFist","floor":11},{"not_picked":["EmptyBody","Indignation"],"picked":"Replay:Vibes","floor":12},{"not_picked":["Adaptation","Prostrate"],"picked":"SandsOfTime","floor":13}],"player_experience":80370,"relics_obtained":[{"floor":6,"key":"ReplayTheSpireMod:Shallot"},{"floor":12,"key":"Boot"}],"event_choices":[{"damage_healed":0,"gold_gain":75,"player_choice":"Gather Gold","damage_taken":11,"max_hp_gain":0,"max_hp_loss":0,"event_name":"World of Goop","floor":2,"gold_loss":0},{"damage_healed":0,"gold_gain":0,"player_choice":"Donut","damage_taken":0,"max_hp_gain":5,"max_hp_loss":0,"event_name":"Big Fish","floor":3,"gold_loss":0},{"damage_healed":0,"gold_gain":0,"cards_transformed":["Strike_P"],"player_choice":"Transformed","damage_taken":0,"max_hp_gain":0,"max_hp_loss":0,"event_name":"Transmorgrifier","floor":4,"gold_loss":0,"cards_obtained":["WreathOfFlame"]},{"damage_healed":0,"gold_gain":0,"player_choice":"Fled","damage_taken":0,"max_hp_gain":0,"max_hp_loss":0,"event_name":"Scrap Ooze","floor":14,"gold_loss":0}],"is_beta":false,"boss_relics":[],"items_purged_floors":[],"is_endless":false,"potions_floor_spawned":[5,10,12,13],"killed_by":"Fading Forest","ascension_level":1}}