{"host":"Teixeira","time":1608786976,"event":{"mods":["2.2 Compatiblity","AchievementEnabler","Aspiration","BaseMod","Better Match","Better Note","Better Sensory Stone","Better Skull","Better Third Choice","Colored Map","Colored Powertips","Downfall","Hermit","Hubris","Infinite Spire","Marked Mod","Minty Spire (QoL Compilation)","Permanent Neow","Quick Restart","Rare Cards Sparkle","Relic Filter","Replay The Spire","Spicy Shops","StSLib","SuperFastMode"],"gold_per_floor":[99,117,142,142,142,142,142,157,178,178,191,214,17,35,54,54,54,54],"floor_reached":16,"playtime":1237,"items_purged":["Regret"],"score":96,"play_id":"314c719d-2b50-49b3-bdd3-d2570c82494f","local_time":"20201224021616","is_ascension_mode":false,"campfire_choices":[{"data":"champ:Taunt","floor":6.0,"key":"SMITH"},{"floor":10.0,"key":"REST"}],"circlet_count":0,"master_deck":["champ:Strike","champ:Strike","champ:Strike","champ:Defend","champ:Defend","champ:Defend","champ:Execute","champ:Taunt+1","champ:CrookedStrike","champ:BerserkerStyle","champ:FanOfKnives","champ:EnragedBash","champ:FocusedBerserking"],"relics":["champ:ChampionCrown","Golden Idol","Pondfish Scales","aspiration:HummingbirdHeart","Happy Flower","Dream Catcher","Membership Card"],"acts_visited":["Exordium"],"potions_floor_usage":[],"damage_taken":[{"damage":11.0,"enemies":"Jaw Worm","floor":2.0,"turns":3.0},{"damage":22.0,"enemies":"infinitespire:Voidling","floor":3.0,"turns":4.0},{"damage":7.0,"enemies":"2 Louse","floor":8.0,"turns":3.0},{"damage":19.0,"enemies":"Exordium Thugs","floor":9.0,"turns":5.0},{"damage":16.0,"enemies":"Red Slaver","floor":11.0,"turns":5.0},{"damage":19.0,"enemies":"Gremlin Gang","floor":12.0,"turns":5.0},{"damage":11,"enemies":"downfall:FleeingMerchant","floor":13,"turns":4},{"damage":9,"enemies":"Blue Slaver","floor":14,"turns":3},{"damage":16,"enemies":"2 Fungi Beasts","floor":15,"turns":4},{"damage":0,"enemies":"downfall:Defect","floor":16,"turns":1}],"seed_played":"-2267574811042832803","potions_obtained":[{"floor":8.0,"key":"GamblersBrew"},{"floor":9.0,"key":"Elixir"},{"floor":14,"key":"LifebloodPotion"},{"floor":15,"key":"LifebloodPotion"}],"is_trial":false,"path_per_floor":["R_BF","M","M","?","?","R","T","M","M","R","M","M","$","M","M","B"],"character_chosen":"THE_CHAMP","items_purchased":["Membership Card"],"campfire_rested":1,"item_purchase_floors":[13],"current_hp_per_floor":[63,62,52,52,27,27,27,25,15,42,38,35,33,33,28,28,28,28],"gold":54,"neow_bonus":"REMOVE_TWO","is_daily":false,"chose_seed":false,"campfire_upgraded":1,"win_rate":0.0,"timestamp":1608786976,"path_taken":["R_BF","M","?","?","?","R","T","M","M","R","M","M","$","M","M","BOSS"],"items_purchased_type":["Relic"],"build_version":"2020-11-17","purchased_purges":1,"victory":false,"max_hp_per_floor":[90,90,90,90,90,90,90,90,90,90,90,90,90,90,90,90,90,90],"card_choices":[{"not_picked":["champ:BringItOn","champ:FlashCut"],"picked":"champ:CrookedStrike","floor":2.0},{"not_picked":["champ:TornadoPunch","champ:EnragedBash"],"picked":"champ:BerserkerStyle","floor":3.0},{"not_picked":["champ:DefensiveShout","champ:Haymaker"],"picked":"champ:FanOfKnives","floor":8.0},{"not_picked":["champ:HeartStrike","champ:BladeFlurry"],"picked":"champ:EnragedBash","floor":9.0},{"not_picked":["champ:BladeFlurry","champ:GladiatorsShout"],"picked":"champ:FocusedBerserking","floor":10.0},{"not_picked":["champ:BladeFlurry","champ:GladiatorsShout","champ:FlashCut"],"picked":"SKIP","floor":11.0},{"not_picked":["champ:GutPunch","champ:DefensiveShout","champ:GladiatorsShout"],"picked":"SKIP","floor":12.0},{"not_picked":["champ:CrookedStrike","champ:Haymaker","champ:FocusedBerserking"],"picked":"SKIP","floor":13},{"not_picked":["champ:Improvising","champ:FanOfKnives","champ:BladeFlurry"],"picked":"SKIP","floor":14},{"not_picked":["champ:HeartStrike","champ:EndlessRage","champ:BladeFlurry"],"picked":"SKIP","floor":15}],"player_experience":129620,"relics_obtained":[{"floor":1.0,"key":"Pondfish Scales"},{"floor":7.0,"key":"Dream Catcher"}],"event_choices":[{"damage_healed":0.0,"max_hp_gain":0.0,"max_hp_loss":0.0,"gold_gain":0.0,"event_name":"Big Fish","player_choice":"Box","floor":4.0,"gold_loss":0.0,"damage_taken":0.0,"relics_obtained":["aspiration:HummingbirdHeart"],"cards_obtained":["Regret"]},{"damage_healed":0.0,"max_hp_gain":0.0,"max_hp_loss":0.0,"gold_gain":0.0,"event_name":"betterThird:BetterScrap","player_choice":"Relic ","floor":5.0,"gold_loss":0.0,"damage_taken":25.0,"cards_obtained":["Echo Form"]}],"is_beta":true,"boss_relics":[],"items_purged_floors":[13],"is_endless":false,"potions_floor_spawned":[8,9,14,15],"killed_by":"downfall:Defect","ascension_level":0}}