{"host":"April","time":1608797918,"event":{"mods":["BaseMod","Minty Spire (QoL Compilation)"],"gold_per_floor":[117,12,24,24,99,143,143,182,206,206,206,246,259,272,272,393,393,411,431,530,113,113,113],"floor_reached":22,"playtime":927,"items_purged":[],"score":212,"play_id":"ce8ab670-4219-43e1-b331-5a53dcde6e6f","local_time":"20201224001838","is_ascension_mode":true,"campfire_choices":[{"floor":7.0,"key":"REST"},{"data":"Melter","floor":11.0,"key":"SMITH"},{"data":"Zap","floor":15.0,"key":"SMITH"}],"circlet_count":0,"master_deck":["Strike_B","Strike_B","Defend_B","Defend_B","Defend_B","Zap+1","Dualcast","Melter+1","Capacitor","Coolheaded+1","Consume","White Noise+1","Capacitor","Glacier","Steam","Creative AI","Hologram+1","Loop+1","Fusion+1","FTL+1","Cold Snap","Doom and Gloom"],"relics":["Cracked Core","Anchor","Golden Idol","Lantern","Bottled Flame","War Paint","Blood Vial","Astrolabe","CeramicFish","Bottled Tornado"],"acts_visited":["Exordium","TheCity"],"potions_floor_usage":[19],"damage_taken":[{"damage":0.0,"enemies":"Small Slimes","floor":1.0,"turns":3.0},{"damage":0.0,"enemies":"2 Louse","floor":3.0,"turns":2.0},{"damage":22.0,"enemies":"Lagavulin","floor":6.0,"turns":6.0},{"damage":44.0,"enemies":"Gremlin Nob","floor":8.0,"turns":5.0},{"damage":14.0,"enemies":"3 Sentries","floor":12.0,"turns":6.0},{"damage":0.0,"enemies":"Cultist","floor":13.0,"turns":2.0},{"damage":6.0,"enemies":"3 Louse","floor":14.0,"turns":3.0},{"damage":14.0,"enemies":"Hexaghost","floor":16.0,"turns":10.0},{"damage":19.0,"enemies":"Chosen","floor":18.0,"turns":5.0},{"damage":5,"enemies":"3 Byrds","floor":19,"turns":3},{"damage":59,"enemies":"Masked Bandits","floor":22,"turns":3}],"seed_played":"-2781634047328333116","potions_obtained":[{"floor":1.0,"key":"Weak Potion"},{"floor":8.0,"key":"EssenceOfSteel"},{"floor":18.0,"key":"EssenceOfDarkness"}],"is_trial":false,"path_per_floor":["M","$","M","?","?","E","R","E","T","?","R","E","M","M","R","B",null,"M","M","?","$","?"],"character_chosen":"DEFECT","items_purchased":["Capacitor","Coolheaded","CeramicFish","Bottled Tornado","Doom and Gloom"],"campfire_rested":1,"item_purchase_floors":[2,2,21,21,21],"current_hp_per_floor":[75,75,75,57,46,24,46,2,2,75,75,61,63,59,59,47,75,56,53,53,53,0,0],"gold":113,"neow_bonus":"RANDOM_COMMON_RELIC","is_daily":false,"chose_seed":false,"campfire_upgraded":2,"win_rate":0.0,"timestamp":1608797918,"path_taken":["M","$","M","?","?","E","R","E","T","?","R","E","M","M","R","BOSS","M","?","?","$","?"],"items_purchased_type":["Card","Card","Relic","Relic","Card"],"build_version":"2020-12-18","purchased_purges":0,"victory":false,"max_hp_per_floor":[75,75,75,75,75,75,75,75,75,75,75,75,75,75,75,75,75,75,75,75,75,75,75],"card_choices":[{"not_picked":["Barrage","Conserve Battery"],"picked":"Melter","floor":1.0},{"not_picked":["Streamline","Hologram"],"picked":"White Noise","floor":3.0},{"not_picked":["Loop","Chaos"],"picked":"Consume","floor":6.0},{"not_picked":["Coolheaded","Barrage"],"picked":"White Noise","floor":8.0},{"not_picked":["Redo","Fusion"],"picked":"Capacitor","floor":12.0},{"not_picked":["Ball Lightning","Stack"],"picked":"Glacier","floor":13.0},{"not_picked":["Redo","Steam Power"],"picked":"Steam","floor":14.0},{"not_picked":["Meteor Strike","Multi-Cast"],"picked":"Creative AI","floor":16.0},{"not_picked":["Hello World","Conserve Battery"],"picked":"FTL+1","floor":18.0},{"not_picked":["Turbo","Rebound"],"picked":"Cold Snap","floor":19}],"player_experience":2528827,"relics_obtained":[{"floor":6.0,"key":"Lantern"},{"floor":8.0,"key":"Bottled Flame"},{"floor":9.0,"key":"War Paint"},{"floor":12.0,"key":"Blood Vial"}],"event_choices":[{"damage_healed":0.0,"max_hp_gain":0.0,"max_hp_loss":0.0,"gold_gain":0.0,"event_name":"Golden Idol","player_choice":"Take Damage","floor":4.0,"gold_loss":0.0,"damage_taken":18.0,"relics_obtained":["Golden Idol"]},{"damage_healed":0.0,"max_hp_gain":0.0,"max_hp_loss":0.0,"gold_gain":75.0,"event_name":"World of Goop","player_choice":"Gather Gold","floor":5.0,"gold_loss":0.0,"damage_taken":11.0},{"cards_removed":["White Noise"],"damage_healed":73.0,"max_hp_gain":0.0,"max_hp_loss":0.0,"gold_gain":0.0,"event_name":"Bonfire Elementals","player_choice":"Offered Uncommon","floor":10.0,"gold_loss":0.0,"damage_taken":0.0},{"damage_healed":0,"gold_gain":99,"player_choice":"Stole From Cult","damage_taken":0,"max_hp_gain":0,"max_hp_loss":0,"event_name":"Nest","floor":20,"gold_loss":0},{"damage_healed":0,"gold_gain":0,"player_choice":"Fought Bandits","damage_taken":0,"max_hp_gain":0,"max_hp_loss":0,"event_name":"Masked Bandits","floor":22,"gold_loss":0}],"is_beta":true,"boss_relics":[{"not_picked":["Pandora\u0027s Box","Runic Pyramid"],"picked":"Astrolabe"}],"items_purged_floors":[],"is_endless":false,"potions_floor_spawned":[1,8,18],"killed_by":"Masked Bandits","ascension_level":1}}