{"host":"Jedit","time":1608834364,"event":{"mods":["BaseMod","Minty Spire (QoL Compilation)","Relic Stats","StSLib"],"gold_per_floor":[115,127,50,200,216,216,233,233,233],"floor_reached":8,"playtime":293,"items_purged":[],"score":96,"play_id":"c7c66c2a-82c8-4b2e-bacd-5c24e213f3ed","local_time":"20201224182604","is_ascension_mode":true,"campfire_choices":[{"data":"Crippling Poison","floor":6,"key":"SMITH"}],"circlet_count":0,"master_deck":["AscendersBane","Strike_G","Strike_G","Strike_G","Strike_G","Strike_G","Defend_G","Defend_G","Defend_G","Defend_G","Defend_G","Survivor","Neutralize","Underhanded Strike","Concentrate","Crippling Poison+1","Doubt","Backflip","Backflip"],"relics":["Sozu"],"acts_visited":["Exordium"],"potions_floor_usage":[],"damage_taken":[{"damage":7,"enemies":"Jaw Worm","floor":1,"turns":5},{"damage":7,"enemies":"Small Slimes","floor":2,"turns":3},{"damage":3,"enemies":"Cultist","floor":5,"turns":5},{"damage":6,"enemies":"Blue Slaver","floor":7,"turns":5},{"damage":19,"enemies":"Lagavulin","floor":8,"turns":10}],"seed_played":"1965757783479352875","potions_obtained":[],"is_trial":false,"path_per_floor":["M","M","$","?","M","R","M","E"],"character_chosen":"THE_SILENT","items_purchased":["Crippling Poison"],"campfire_rested":0,"item_purchase_floors":[3],"current_hp_per_floor":[52,45,45,45,42,42,36,17,17],"gold":233,"neow_bonus":"BOSS_RELIC","is_daily":false,"chose_seed":false,"campfire_upgraded":1,"win_rate":0.0,"timestamp":1608834364,"path_taken":["M","M","$","?","M","R","M","E"],"items_purchased_type":["Card"],"build_version":"2020-12-18","purchased_purges":0,"victory":false,"max_hp_per_floor":[66,66,66,66,66,66,66,66,66],"relic_stats":{"Sozu":0,"counters":[5,28],"obtain_stats":[{"Sozu":0,"Ring of the Snake":0},{"Sozu":0,"Ring of the Snake":0},{"Sozu":0,"Ring of the Snake":0}]},"card_choices":[{"not_picked":["Deflect","Reflex"],"picked":"Underhanded Strike","floor":1},{"not_picked":["Outmaneuver","Slice"],"picked":"Concentrate","floor":2},{"not_picked":["Acrobatics","Deadly Poison"],"picked":"Backflip","floor":5},{"not_picked":["Prepared","Slice"],"picked":"Backflip","floor":7}],"player_experience":3399270,"relics_obtained":[],"event_choices":[{"damage_healed":0,"gold_gain":150,"player_choice":"AGREE","damage_taken":0,"max_hp_gain":0,"max_hp_loss":0,"event_name":"Liars Game","floor":4,"gold_loss":0,"cards_obtained":["Doubt"]}],"is_beta":true,"boss_relics":[],"items_purged_floors":[],"is_endless":false,"potions_floor_spawned":[],"killed_by":"Lagavulin","ascension_level":20}}