{"host":"c2og1cp357bgjv9b","time":1608787225,"event":{"mods":["BaseMod","Colored Map","Minty Spire (QoL Compilation)","Replay The Spire","StSLib"],"gold_per_floor":[116,66,241,11,11,44,56,56,82,82,102,156,156,172,172,273,273,292,306,306,108,108,108,108],"floor_reached":23,"playtime":1188,"items_purged":["Doubt","Strike_R"],"score":212,"play_id":"48cc8edb-cbe7-473c-9cfe-07017d898916","local_time":"20201224132025","is_ascension_mode":false,"campfire_choices":[{"data":"Whirlwind","floor":8,"key":"SMITH"},{"data":"Flex","floor":10,"key":"SMITH"},{"data":"Headbutt","floor":13,"key":"SMITH"}],"circlet_count":0,"master_deck":["Strike_R","Strike_R","Strike_R","Strike_R","Defend_R","Defend_R","Defend_R","Bash","Flex+1","Headbutt+1","Whirlwind+1","Dual Wield","Inflame+1","Demon Form+1","Anger+1","Enlightenment"],"relics":["Burning Blood","NeowsBlessing","HandDrill","Champion Belt","MealTicket","Centennial Puzzle","Ring of Chaos","Nilry\u0027s Codex","BargainBundle"],"acts_visited":["Exordium","TheCity"],"potions_floor_usage":[19],"damage_taken":[{"damage":0,"enemies":"Small Slimes","floor":1,"turns":1},{"damage":0,"enemies":"Gremlin Nob","floor":6,"turns":1},{"damage":0,"enemies":"2 Louse","floor":7,"turns":1},{"damage":11,"enemies":"Jaw Worm","floor":11,"turns":2},{"damage":0,"enemies":"3 Louse","floor":14,"turns":1},{"damage":23,"enemies":"Fading Forest","floor":16,"turns":11},{"damage":25,"enemies":"2 Thieves","floor":18,"turns":4},{"damage":24,"enemies":"Spheric Guardian","floor":19,"turns":4},{"damage":49,"enemies":"Book of Stabbing","floor":23,"turns":4}],"seed_played":"6393208695149377934","potions_obtained":[{"floor":6,"key":"Energy Potion"},{"floor":7,"key":"SpeedPotion"},{"floor":14,"key":"HeartOfIron"}],"is_trial":false,"path_per_floor":["M","?","?","$","?","E","M","R","T","R","M","T","R","M","R_BF","B",null,"M","M","?","$","?","E"],"character_chosen":"IRONCLAD","items_purchased":["HandDrill","BargainBundle","Enlightenment"],"campfire_rested":0,"item_purchase_floors":[4,21,21],"current_hp_per_floor":[80,80,80,80,85,85,85,85,85,85,80,80,80,85,85,68,85,66,48,32,47,47,0,0],"gold":108,"neow_bonus":"THREE_ENEMY_KILL","is_daily":false,"chose_seed":false,"campfire_upgraded":3,"win_rate":0.0,"timestamp":1608787225,"path_taken":["M","?","?","$","?","E","M","R","T","R","M","?","R","?","R_BF","BOSS","M","M","?","$","?","E"],"items_purchased_type":["Relic","Relic","Card"],"build_version":"2020-12-22","purchased_purges":2,"victory":false,"max_hp_per_floor":[80,80,80,80,85,85,85,85,85,85,85,85,85,85,85,85,85,85,85,85,85,85,85,85],"card_choices":[{"not_picked":["True Grit","Havoc"],"picked":"Flex","floor":1},{"not_picked":["Cleave","Clothesline"],"picked":"Headbutt","floor":6},{"not_picked":["Twin Strike","Shrug It Off"],"picked":"Whirlwind","floor":7},{"not_picked":["Cleave","Sentinel"],"picked":"Dual Wield","floor":11},{"not_picked":["Intimidate","Wild Strike"],"picked":"Inflame","floor":14},{"not_picked":["Juggernaut","Berserk"],"picked":"Demon Form","floor":16},{"not_picked":["Anger","Dark Embrace","Clash"],"picked":"SKIP","floor":18},{"not_picked":["Battle Trance","Armaments+1"],"picked":"Anger+1","floor":19}],"player_experience":108642,"relics_obtained":[{"floor":6,"key":"Champion Belt"},{"floor":9,"key":"MealTicket"},{"floor":12,"key":"Centennial Puzzle"},{"floor":20,"key":"Nilry\u0027s Codex"}],"event_choices":[{"cards_removed":["Defend_R"],"damage_healed":0,"gold_gain":0,"player_choice":"Card Removal","damage_taken":0,"max_hp_gain":0,"max_hp_loss":0,"event_name":"The Cleric","floor":2,"gold_loss":50},{"damage_healed":0,"gold_gain":175,"player_choice":"AGREE","damage_taken":0,"max_hp_gain":0,"max_hp_loss":0,"event_name":"Liars Game","floor":3,"gold_loss":0,"cards_obtained":["Doubt"]},{"damage_healed":0,"gold_gain":0,"player_choice":"Donut","damage_taken":0,"max_hp_gain":5,"max_hp_loss":0,"event_name":"Big Fish","floor":5,"gold_loss":0},{"damage_healed":0,"gold_gain":0,"player_choice":"Obtained Book","damage_taken":16,"max_hp_gain":0,"max_hp_loss":0,"event_name":"Cursed Tome","floor":20,"gold_loss":0},{"damage_healed":0,"gold_gain":0,"player_choice":"Forge","damage_taken":0,"max_hp_gain":0,"max_hp_loss":0,"event_name":"Accursed Blacksmith","floor":22,"gold_loss":0,"cards_upgraded":["Demon Form"]}],"is_beta":false,"boss_relics":[{"not_picked":["Busted Crown","Coffee Dripper"],"picked":"Ring of Chaos"}],"items_purged_floors":[4,21],"is_endless":false,"potions_floor_spawned":[6,7,14,18],"killed_by":"Book of Stabbing","ascension_level":0}}