{"host":"jjz4szgmev061tnm","time":1608799516,"event":{"mods":["Act Like it!","BaseMod","Gensokyo","KinomotoSakuraMod(ƒæ÷Æ±æ”£)","Marisa£®ÏF”Í°°ƒß¿Ì…≥£©","Minty Spire (QoL Compilation)","Shop Mod","StSLib","WarShipGirlsR/’ΩΩ¢…Ÿ≈ÆR mod","Youmu£®ªÍ∆«—˝√Œ£©"],"gold_per_floor":[116,129,143,155,167,192,207,207,288,313,331,346,373,373,373,470,470,489,502,502,520,537,537,569,218,245,263,292,292,292,320,320,422,422,435,451,345,345,83,83,83,83,83],"floor_reached":42,"playtime":3434,"items_purged":["Strike_YM","Strike_YM","Defend_YM"],"score":555,"play_id":"055ea316-7e6e-4d74-bec9-f2ed1f4ed91f","local_time":"20201224164516","is_ascension_mode":false,"campfire_choices":[{"data":"StrangeHalfBody","floor":8,"key":"SMITH"},{"data":"Defend_YM","floor":15,"key":"PURGE"},{"floor":23,"key":"REST"},{"data":"Defend_YM","floor":29,"key":"PURGE"},{"data":"HesitationCuttingSword","floor":32,"key":"SMITH"},{"data":"Strike_YM","floor":40,"key":"PURGE"}],"circlet_count":0,"master_deck":["Strike_YM","Defend_YM","WheelOfPainOfLivingAndDead","HesitationCuttingSword+1","SwordExtraction","ThreeKonsSevenHakus","SpiritCuttingSword","CelestialStarSword","StrangeHalfBody+1","SwordOfBindingDesires","FlashingScatteredFlowers","CherryBlossomFlashing","KarmicPunishmentOfTheIdleAndUnfocused","HellRealmSword","SlashOfTheEternalFuture","CherryBlossomFlashing+1","PhosphoricSlash","SpiritMediumsBind","HellGodSword+1","SpiritMediumsBind+1","HumanGodSword+1","Bandage Up","HumanGodSword+1","Gensokyo:FourOfAKind","Gensokyo:FourOfAKind","Gensokyo:FourOfAKind","Gensokyo:FourOfAKind","SwordExtraction","SlashOfSaigyouSpringWind","ThoughtCuttingSword+1","HellFireSword+1","Madness","Madness","Flash of Steel"],"relics":["MiniYoumu","NeowsBlessing","Pear","Frozen Egg 2","Anchor","Peace Pipe","Happy Flower","SlaversCollar","Gensokyo:ConquerorOfFear","Vajra","Membership Card","Blood Vial","Potion Belt","Ornamental Fan","PreservedInsect","Gremlin Horn","Toy Ornithopter"],"acts_visited":["Exordium","Gensokyo:Gensokyo","TheBeyond"],"potions_floor_usage":[16,21,27],"damage_taken":[{"damage":0,"enemies":"Gensokyo:3_Fairies","floor":1,"turns":2},{"damage":0,"enemies":"Gensokyo:Gryphon","floor":2,"turns":1},{"damage":0,"enemies":"Gensokyo:2_Kodama","floor":3,"turns":1},{"damage":0,"enemies":"Gensokyo:Kitsune","floor":4,"turns":4},{"damage":6,"enemies":"Gensokyo:3_Kodama","floor":5,"turns":5},{"damage":0,"enemies":"Gensokyo:Mamizou","floor":6,"turns":10},{"damage":5,"enemies":"Gensokyo:VengefulSpirit","floor":7,"turns":5},{"damage":2,"enemies":"Gensokyo:Aya","floor":10,"turns":5},{"damage":1,"enemies":"Gensokyo:Python_and_Kodama","floor":11,"turns":4},{"damage":7,"enemies":"Gensokyo:LivingMonolith","floor":12,"turns":4},{"damage":18,"enemies":"Gensokyo:Cirno","floor":13,"turns":9},{"damage":11,"enemies":"Gensokyo:Yukari","floor":16,"turns":6},{"damage":4,"enemies":"Gensokyo:2_Gloops","floor":18,"turns":4},{"damage":3,"enemies":"Gensokyo:Chomper","floor":19,"turns":4},{"damage":44,"enemies":"Gensokyo:3_Gloops","floor":21,"turns":7},{"damage":12,"enemies":"Gensokyo:Slime_Group","floor":22,"turns":6},{"damage":7,"enemies":"Gensokyo:Koishi","floor":24,"turns":4},{"damage":12,"enemies":"Gensokyo:Swordslinger","floor":27,"turns":5},{"damage":0,"enemies":"Gensokyo:Reisen","floor":28,"turns":5},{"damage":28,"enemies":"Gensokyo:Tenshi","floor":31,"turns":4},{"damage":11,"enemies":"Gensokyo:Kaguya","floor":33,"turns":10},{"damage":34,"enemies":"3 Shapes","floor":35,"turns":3},{"damage":16,"enemies":"3 Darklings","floor":36,"turns":5},{"damage":18,"enemies":"Jaw Worm Horde","floor":42,"turns":1}],"seed_played":"-3392442041726223031","potions_obtained":[{"floor":1,"key":"Fire Potion"},{"floor":2,"key":"Strength Potion"},{"floor":6,"key":"Strength Potion"},{"floor":11,"key":"Block Potion"},{"floor":18,"key":"AttackPotion"},{"floor":19,"key":"PhantomPosion"},{"floor":22,"key":"CausticAgent"},{"floor":24,"key":"Regen Potion"},{"floor":36,"key":"DuplicationPotion"}],"is_trial":false,"path_per_floor":["M","M","M","M","M","E","M","R","T","E","M","M","E","?","R","B",null,"M","M","?","M","M","R","E","$","T","M","E","R","?","E","R","B",null,"M","M","$","?","$","R","?","M"],"character_chosen":"YOUMU","items_purchased":["Membership Card","HumanGodSword+1","Blood Vial","Bandage Up","HellFireSword+1","Regen Potion","Gremlin Horn","Toy Ornithopter"],"campfire_rested":1,"item_purchase_floors":[25,25,25,25,37,37,39,39],"current_hp_per_floor":[75,75,75,75,69,79,74,74,74,72,71,64,46,46,46,35,85,81,78,78,34,22,47,40,40,40,42,48,48,48,26,26,21,60,26,16,16,8,8,8,8,0,0],"gold":83,"neow_bonus":"THREE_ENEMY_KILL","is_daily":false,"chose_seed":false,"campfire_upgraded":2,"win_rate":0.0,"timestamp":1608799516,"path_taken":["M","M","?","M","M","E","M","R","T","E","M","M","E","?","R","BOSS","M","M","?","?","M","R","E","$","T","M","E","R","?","E","R","BOSS","M","M","$","?","$","R","?","M"],"items_purchased_type":["Relic","Card","Relic","Card","Card","Potion","Relic","Relic"],"build_version":"2020-12-22","purchased_purges":3,"victory":false,"max_hp_per_floor":[75,75,75,75,75,85,85,85,85,85,85,85,85,85,85,85,85,85,85,85,85,85,85,85,85,85,85,85,85,60,60,60,60,60,60,60,60,60,60,60,60,60,60],"card_choices":[{"not_picked":["DispleasureOfTheSevenHakus","ObsessionSword"],"picked":"HesitationCuttingSword","floor":1},{"not_picked":["HumanKnowledgeSword","TransmigrationSlash"],"picked":"SwordExtraction","floor":2},{"not_picked":["HesitationCuttingSword","ConstancyOfTheConventionalTruth"],"picked":"ThreeKonsSevenHakus","floor":3},{"not_picked":["FourBirthsSword","TurningAngelCut"],"picked":"SpiritCuttingSword","floor":4},{"not_picked":["HesitationCuttingSword","LifeCuttingSword"],"picked":"CelestialStarSword","floor":5},{"not_picked":["SanzenSekai","IrresoluteSoul"],"picked":"StrangeHalfBody","floor":6},{"not_picked":["LifeCuttingSword","ThreeKonsSevenHakus"],"picked":"SwordOfBindingDesires","floor":7},{"not_picked":["HesitationCuttingSword","SwordOfBindingDesires"],"picked":"FlashingScatteredFlowers","floor":10},{"not_picked":["SanzenSekai","LowerRealmReflectionSlash"],"picked":"CherryBlossomFlashing","floor":11},{"not_picked":["SlashOfMeditation","ConstancyOfTheConventionalTruth"],"picked":"KarmicPunishmentOfTheIdleAndUnfocused","floor":12},{"not_picked":["HumanKnowledgeSword","DispleasureOfTheSevenHakus"],"picked":"HellRealmSword","floor":13},{"not_picked":["CherryBlossomSword+1","HeavenGodSword"],"picked":"SlashOfTheEternalFuture","floor":16},{"not_picked":["SwordOfBindingDesires","SlashOfMeditation"],"picked":"CherryBlossomFlashing+1","floor":18},{"not_picked":["CherryBlossomFlashing","LowerRealmReflectionSlash+1"],"picked":"PhosphoricSlash","floor":19},{"not_picked":["SwordOfBindingDesires","CrescentMoonSlash"],"picked":"SpiritMediumsBind","floor":21},{"not_picked":["SlashOfMeditation","LowerRealmReflectionSlash+1"],"picked":"HellGodSword+1","floor":22},{"not_picked":["LowerRealmReflectionSlash","FlashingScatteredFlowers+1"],"picked":"SpiritMediumsBind+1","floor":24},{"not_picked":["DispleasureOfTheSevenHakus","RapidSlash"],"picked":"HumanGodSword+1","floor":27},{"not_picked":["HumanRealmSword","TurningAngelCut","CherryBlossomSword+1"],"picked":"SKIP","floor":28},{"not_picked":["SwordOfBindingDesires","PhosphoricSlash"],"picked":"SwordExtraction","floor":31},{"not_picked":["DeadlyForm+1","ASingleThoughtAndInfiniteKalpas"],"picked":"SlashOfSaigyouSpringWind","floor":33},{"not_picked":["FlashingScatteredFlowers+1","ThreeKonsSevenHakus","PhosphoricSlash+1"],"picked":"SKIP","floor":35},{"not_picked":["SwordExtraction+1","ObsessionSword"],"picked":"ThoughtCuttingSword+1","floor":36},{"not_picked":["Madness","Metamorphosis"],"picked":"Flash of Steel","floor":41}],"player_experience":211725,"relics_obtained":[{"floor":6,"key":"Pear"},{"floor":9,"key":"Frozen Egg 2"},{"floor":10,"key":"Anchor"},{"floor":13,"key":"Peace Pipe"},{"floor":21,"key":"Gensokyo:ConquerorOfFear"},{"floor":24,"key":"Vajra"},{"floor":26,"key":"Potion Belt"},{"floor":28,"key":"Ornamental Fan"},{"floor":31,"key":"PreservedInsect"}],"event_choices":[{"damage_healed":0,"gold_gain":0,"player_choice":"Embrace Madness","damage_taken":8,"max_hp_gain":0,"max_hp_loss":0,"event_name":"Winding Halls","floor":38,"gold_loss":0,"cards_obtained":["Madness","Madness"]},{"damage_healed":0,"gold_gain":0,"player_choice":"Memory 1","damage_taken":0,"max_hp_gain":0,"max_hp_loss":0,"event_name":"SensoryStone","floor":41,"gold_loss":0}],"is_beta":false,"boss_relics":[{"not_picked":["Empty Cage","SacredBark"],"picked":"SlaversCollar"},{"not_picked":["Sozu","Astrolabe"],"picked":"MiniYoumu"}],"items_purged_floors":[25,37,39],"is_endless":false,"potions_floor_spawned":[1,2,6,7,11,12,18,19,22,24,36],"killed_by":"Jaw Worm Horde","ascension_level":0}}