{"host":"od099uxc49ip1k8b","time":1608815333,"event":{"mods":["Act Like it!","BaseMod","Downfall","Gensokyo","Hermit","Marisa????????","Minty Spire (QoL Compilation)","Remilia??????","StSLib","The Animator","The Cursed","The Servant 0.9.4"],"gold_per_floor":[112,128,128,140,140,170,170,184,184,184,198,226,226,21,21,119,119,135,147,157,170,185,185,185,185],"floor_reached":24,"playtime":2315,"items_purged":[],"score":210,"play_id":"e22b76e9-b844-41e4-aa30-4135f9cb3b39","local_time":"20201224080853","is_ascension_mode":false,"campfire_choices":[{"data":"Iron Wave","floor":7,"key":"SMITH"},{"floor":10,"key":"RECALL"},{"data":"Anger","floor":13,"key":"SMITH"},{"data":"Pommel Strike","floor":15,"key":"SMITH"},{"floor":23,"key":"REST"}],"circlet_count":0,"master_deck":["Strike_R+1","Strike_R","Strike_R","Strike_R","Strike_R","Defend_R+1","Defend_R","Defend_R","Defend_R","Bash","Dark Shackles","Battle Trance","Twin Strike","Iron Wave+1","Anger+1","Shrug It Off","Perfected Strike","Feed","Pommel Strike+1","Demon Form","Inflame+1","Iron Wave","Pommel Strike","Shockwave","Seeing Red"],"relics":["Burning Blood","Boot","Eternal Feather","TungstenRod","Black Star"],"acts_visited":["Exordium","TheCity"],"potions_floor_usage":[],"damage_taken":[{"damage":0,"enemies":"2 Louse","floor":1,"turns":3},{"damage":0,"enemies":"Cultist","floor":2,"turns":4},{"damage":3,"enemies":"Jaw Worm","floor":4,"turns":6},{"damage":32,"enemies":"Lagavulin","floor":6,"turns":9},{"damage":1,"enemies":"Red Slaver","floor":8,"turns":4},{"damage":2,"enemies":"Blue Slaver","floor":11,"turns":3},{"damage":20,"enemies":"3 Sentries","floor":12,"turns":8},{"damage":55,"enemies":"Hexaghost","floor":16,"turns":12},{"damage":23,"enemies":"Chosen","floor":18,"turns":7},{"damage":8,"enemies":"Shell Parasite","floor":19,"turns":6},{"damage":15,"enemies":"Chosen and Byrds","floor":20,"turns":8},{"damage":30,"enemies":"Centurion and Healer","floor":21,"turns":6},{"damage":17,"enemies":"Snake Plant","floor":22,"turns":4},{"damage":65,"enemies":"Slavers","floor":24,"turns":6}],"seed_played":"3073075650940994492","potions_obtained":[{"floor":2,"key":"Guardian:BlockOnCardUsePotion"},{"floor":4,"key":"Block Potion"},{"floor":16,"key":"SteroidPotion"},{"floor":18,"key":"Energy Potion"}],"is_trial":false,"path_per_floor":["M","M","?","M","?","E","R","M","T","R","M","E","R","$","R","B",null,"M","M","M","M","M","R","E"],"character_chosen":"IRONCLAD","items_purchased":["Feed","Pommel Strike"],"campfire_rested":1,"item_purchase_floors":[14,14],"current_hp_per_floor":[80,80,64,67,80,54,54,59,59,68,72,58,67,67,76,27,80,63,64,55,31,20,59,0,0],"gold":185,"neow_bonus":"RANDOM_COLORLESS","is_daily":false,"chose_seed":false,"campfire_upgraded":3,"win_rate":0.0,"timestamp":1608815333,"path_taken":["M","M","?","M","?","E","R","M","T","R","M","E","R","$","R","BOSS","M","M","M","M","M","R","E"],"items_purchased_type":["Card","Card"],"build_version":"2020-12-22","purchased_purges":0,"victory":false,"max_hp_per_floor":[80,80,80,80,80,80,80,80,80,80,80,80,80,80,80,80,80,80,83,83,83,83,83,83,83],"card_choices":[{"not_picked":["expansioncontent:DarkVoid","Purity"],"picked":"Dark Shackles","floor":0},{"not_picked":["Carnage","Flex"],"picked":"Entrench","floor":1},{"not_picked":["Clash","Pommel Strike"],"picked":"Battle Trance","floor":2},{"not_picked":["Clothesline","Intimidate"],"picked":"Twin Strike","floor":4},{"not_picked":["Battle Trance","Berserk"],"picked":"Iron Wave","floor":6},{"not_picked":["Searing Blow","Rupture"],"picked":"Anger","floor":8},{"not_picked":["Heavy Blade","Rupture"],"picked":"Shrug It Off","floor":11},{"not_picked":["Cleave","True Grit"],"picked":"Perfected Strike","floor":12},{"not_picked":["Corruption","Fiend Fire"],"picked":"Demon Form","floor":16},{"not_picked":["Headbutt","Flame Barrier"],"picked":"Inflame+1","floor":18},{"not_picked":["Body Slam+1","Armaments"],"picked":"Iron Wave","floor":19},{"not_picked":["Rampage","Clash"],"picked":"Pommel Strike","floor":20},{"not_picked":["Clothesline","Sword Boomerang"],"picked":"Shockwave","floor":21},{"not_picked":["Anger","Sword Boomerang"],"picked":"Seeing Red","floor":22}],"player_experience":18104,"relics_obtained":[{"floor":6,"key":"Boot"},{"floor":9,"key":"Eternal Feather"},{"floor":12,"key":"TungstenRod"}],"event_choices":[{"damage_healed":0,"gold_gain":0,"player_choice":"Entered Light","damage_taken":16,"max_hp_gain":0,"max_hp_loss":0,"event_name":"Shining Light","floor":3,"gold_loss":0,"cards_upgraded":["Strike_R","Defend_R"]},{"cards_removed":["Entrench"],"damage_healed":13,"gold_gain":0,"player_choice":"Offered Uncommon","damage_taken":0,"max_hp_gain":0,"max_hp_loss":0,"event_name":"Bonfire Elementals","floor":5,"gold_loss":0}],"is_beta":false,"boss_relics":[{"not_picked":["Astrolabe","Tiny House"],"picked":"Black Star"}],"items_purged_floors":[],"is_endless":false,"potions_floor_spawned":[2,4,16,18,19,21],"killed_by":"Slavers","ascension_level":0}}