{"host":"mt3nndg5ku536gxi","time":1608780283,"event":{"mods":["BaseMod","Colored Powertips","Minty Spire (QoL Compilation)","Permanent Neow","Quick Restart","StSLib","UnlockEverythingMod"],"gold_per_floor":[112,112,129,142,157,157,187,262,344,355,382,32,46,80,80,151,151,161,161,161,161,161,194,194,221,298,330,347,347,372,372,372,444,444,455,493,493,44,57,86,98,122,134,146,158,190,237,263,275,287,299,311,323,39,67,67],"floor_reached":57,"playtime":3972,"items_purged":["Strike_P","WreathOfFlame"],"score":3616,"play_id":"0b828def-1560-4bab-b63f-cf3125ab0e11","local_time":"20201224112443","is_ascension_mode":true,"campfire_choices":[{"data":"Eruption","floor":6.0,"key":"SMITH"},{"data":"Adaptation","floor":15.0,"key":"SMITH"},{"data":"Scrawl","floor":24.0,"key":"SMITH"},{"floor":29.0,"key":"DIG"},{"floor":32.0,"key":"DIG"},{"data":"Scrawl","floor":41.0,"key":"SMITH"},{"data":"DeusExMachina","floor":44.0,"key":"SMITH"},{"floor":49.0,"key":"RECALL"},{"data":"Devotion","floor":53.0,"key":"SMITH"}],"circlet_count":0,"master_deck":["AscendersBane","Defend_P","Defend_P","Eruption+1","Vigilance","Vault+1","ReachHeaven+1","BowlingBash","CutThroughFate","ClearTheMind","FearNoEvil","Adaptation+1","Halt","Scrawl+1","FlurryOfBlows+1","MasterReality","Ghostly","Ghostly","Ghostly","Necronomicurse","Wallop+1","ForeignInfluence+1","Crescendo","Meditate","Wallop+1","Scrawl+1","FlurryOfBlows+1","DeusExMachina+1","DeceiveReality","LikeWater+1","ForeignInfluence+1","Devotion+1","Crescendo+1","TalkToTheHand+1","Adaptation","Vault"],"relics":["Astrolabe","Thread and Needle","The Courier","Damaru","Incense Burner","Molten Egg 2","Coffee Dripper","Necronomicon","Pocketwatch","Pantograph","Eternal Feather","Shovel","Ornamental Fan","Oddly Smooth Stone","Question Card","Sozu","ClockworkSouvenir","FossilizedHelix","MawBank","Torii","Calipers","Lantern"],"acts_visited":["Exordium","TheCity","TheBeyond","TheEnding"],"potions_floor_usage":[56],"damage_taken":[{"damage":2.0,"enemies":"Jaw Worm","floor":1.0,"turns":4.0},{"damage":0.0,"enemies":"Cultist","floor":3.0,"turns":3.0},{"damage":0.0,"enemies":"Small Slimes","floor":4.0,"turns":3.0},{"damage":0.0,"enemies":"Blue Slaver","floor":5.0,"turns":3.0},{"damage":0.0,"enemies":"3 Sentries","floor":7.0,"turns":2.0},{"damage":9.0,"enemies":"Large Slime","floor":10.0,"turns":4.0},{"damage":0.0,"enemies":"Gremlin Nob","floor":11.0,"turns":3.0},{"damage":0.0,"enemies":"2 Fungi Beasts","floor":13.0,"turns":2.0},{"damage":4.0,"enemies":"Lagavulin","floor":14.0,"turns":4.0},{"damage":0.0,"enemies":"Slime Boss","floor":16.0,"turns":5.0},{"damage":0.0,"enemies":"3 Byrds","floor":18.0,"turns":3.0},{"damage":0.0,"enemies":"Slavers","floor":23.0,"turns":3.0},{"damage":0.0,"enemies":"Gremlin Leader","floor":25.0,"turns":5.0},{"damage":0.0,"enemies":"Slavers","floor":27.0,"turns":5.0},{"damage":0.0,"enemies":"Spheric Guardian","floor":28.0,"turns":2.0},{"damage":0.0,"enemies":"Gremlin Leader","floor":30.0,"turns":4.0},{"damage":11.0,"enemies":"Collector","floor":33.0,"turns":5.0},{"damage":0.0,"enemies":"Orb Walker","floor":35.0,"turns":3.0},{"damage":0.0,"enemies":"3 Shapes","floor":36.0,"turns":2.0},{"damage":0.0,"enemies":"Jaw Worm Horde","floor":39.0,"turns":5.0},{"damage":0.0,"enemies":"Nemesis","floor":40.0,"turns":6.0},{"damage":0.0,"enemies":"3 Darklings","floor":42.0,"turns":4.0},{"damage":0.0,"enemies":"Sphere and 2 Shapes","floor":46.0,"turns":2.0},{"damage":0.0,"enemies":"Giant Head","floor":47.0,"turns":7.0},{"damage":0.0,"enemies":"Transient","floor":48.0,"turns":7.0},{"damage":0.0,"enemies":"Awakened One","floor":50.0,"turns":9.0},{"damage":0.0,"enemies":"Time Eater","floor":51.0,"turns":8.0},{"damage":6,"enemies":"Shield and Spear","floor":55,"turns":9},{"damage":16,"enemies":"The Heart","floor":56,"turns":9}],"seed_played":"3238207390872032355","potions_obtained":[{"floor":2.0,"key":"Fire Potion"},{"floor":2.0,"key":"Block Potion"},{"floor":4.0,"key":"LiquidMemories"},{"floor":13.0,"key":"Block Potion"},{"floor":14.0,"key":"FearPotion"},{"floor":28.0,"key":"DuplicationPotion"}],"is_trial":false,"path_per_floor":["M","?","M","M","M","R","E","?","T","M","E","$","M","E","R","B",null,"M","?","?","?","?","E","R","E","T","E","M","R","E","?","R","B",null,"M","M","?","$","M","E","R","M","T","R","?","M","E","M","R","B","B",null,"R","$","E","B",null],"character_chosen":"WATCHER","items_purchased":["Adaptation","Incense Burner","ClockworkSouvenir","FossilizedHelix","Calipers","Adaptation"],"campfire_rested":0,"item_purchase_floors":[12,12,38,38,54,54],"current_hp_per_floor":[59,59,59,59,59,59,59,48,48,39,39,39,39,35,35,35,60,60,41,41,36,15,15,15,15,15,15,15,30,30,30,36,25,33,33,33,33,33,33,33,36,36,36,36,36,36,36,36,36,36,36,36,36,36,30,20],"gold":67,"neow_bonus":"BOSS_RELIC","is_daily":false,"chose_seed":false,"campfire_upgraded":6,"win_rate":0.0,"timestamp":1608780283,"path_taken":["M","?","M","?","M","R","E","?","T","M","E","$","M","E","R","BOSS","M","?","?","?","?","E","R","E","T","E","M","R","E","?","R","BOSS","M","M","?","$","?","E","R","M","T","R","?","M","E","M","R","BOSS","BOSS","R","$","E","BOSS"],"items_purchased_type":["Card","Relic","Relic","Relic","Relic","Card"],"build_version":"2020-12-22","purchased_purges":2,"victory":true,"max_hp_per_floor":[68,68,68,68,68,68,68,68,68,68,68,68,68,68,68,68,68,68,73,73,36,36,36,36,36,36,36,36,36,36,36,36,36,36,36,36,36,36,36,36,36,36,36,36,36,36,36,36,36,36,36,36,36,36,36,36],"card_choices":[{"not_picked":["Sanctity","Meditate"],"picked":"BowlingBash","floor":1.0},{"not_picked":["Evaluate","FollowUp","LikeWater"],"picked":"SKIP","floor":3.0},{"not_picked":["Conclude","Weave"],"picked":"CutThroughFate","floor":4.0},{"not_picked":["Conclude","Prostrate"],"picked":"ClearTheMind","floor":5.0},{"not_picked":["Crescendo","EmptyBody","BowlingBash"],"picked":"SKIP","floor":7.0},{"not_picked":["Consecrate","ClearTheMind","WindmillStrike"],"picked":"SKIP","floor":10.0},{"not_picked":["FlyingSleeves","Judgement"],"picked":"FearNoEvil","floor":11.0},{"not_picked":["InnerPeace","CutThroughFate"],"picked":"Halt","floor":13.0},{"not_picked":["FearNoEvil+1","Nirvana","Perseverance"],"picked":"SKIP","floor":14.0},{"not_picked":["Vault","MasterReality"],"picked":"Scrawl","floor":16.0},{"not_picked":["DeceiveReality","BowlingBash+1"],"picked":"FlurryOfBlows+1","floor":18.0},{"not_picked":["PathToVictory","EmptyBody"],"picked":"Wallop+1","floor":23.0},{"not_picked":["Establishment","ThirdEye","FearNoEvil+1"],"picked":"SKIP","floor":25.0},{"not_picked":["FlurryOfBlows+1","Crescendo"],"picked":"ForeignInfluence+1","floor":27.0},{"not_picked":["Worship","CutThroughFate+1"],"picked":"Crescendo","floor":28.0},{"not_picked":["Collect","Adaptation"],"picked":"Meditate","floor":30.0},{"not_picked":["Establishment","SpiritShield","Alpha"],"picked":"Scrawl","floor":33.0},{"not_picked":["CutThroughFate+1","SashWhip+1","JustLucky+1"],"picked":"FlurryOfBlows+1","floor":35.0},{"not_picked":["JustLucky+1","Wallop+1","WreathOfFlame+1"],"picked":"DeusExMachina","floor":36.0},{"not_picked":["SashWhip+1","EmptyBody","BowlingBash+1","CutThroughFate+1"],"picked":"SKIP","floor":39.0},{"not_picked":["SandsOfTime+1","ThirdEye+1","EmptyBody+1"],"picked":"LikeWater+1","floor":40.0},{"not_picked":["FlyingSleeves+1","Halt","Consecrate+1"],"picked":"ForeignInfluence+1","floor":42.0},{"not_picked":["Evaluate","Prostrate","SashWhip+1"],"picked":"Devotion","floor":46.0},{"not_picked":["Halt","Blasphemy","Consecrate+1"],"picked":"Crescendo+1","floor":47.0},{"not_picked":["FollowUp+1","FlyingSleeves+1","Wireheading+1"],"picked":"TalkToTheHand+1","floor":48.0},{"not_picked":["Indignation","EmptyBody+1","Halt"],"picked":"Vault","floor":55}],"player_experience":157508,"relics_obtained":[{"floor":7.0,"key":"Thread and Needle"},{"floor":9.0,"key":"The Courier"},{"floor":11.0,"key":"Damaru"},{"floor":14.0,"key":"Molten Egg 2"},{"floor":22.0,"key":"Necronomicon"},{"floor":23.0,"key":"Pocketwatch"},{"floor":25.0,"key":"Pantograph"},{"floor":26.0,"key":"Eternal Feather"},{"floor":27.0,"key":"Shovel"},{"floor":29.0,"key":"Ornamental Fan"},{"floor":30.0,"key":"Oddly Smooth Stone"},{"floor":32.0,"key":"Question Card"},{"floor":40.0,"key":"MawBank"},{"floor":47.0,"key":"Torii"},{"floor":55,"key":"Lantern"}],"event_choices":[{"damage_healed":0.0,"max_hp_gain":0.0,"max_hp_loss":0.0,"gold_gain":0.0,"event_name":"Lab","player_choice":"Got Potions","floor":2.0,"gold_loss":0.0,"damage_taken":0.0},{"damage_healed":0.0,"max_hp_gain":0.0,"max_hp_loss":0.0,"gold_gain":75.0,"event_name":"World of Goop","player_choice":"Gather Gold","floor":8.0,"gold_loss":0.0,"damage_taken":11.0},{"damage_healed":0.0,"max_hp_gain":5.0,"max_hp_loss":0.0,"gold_gain":0.0,"event_name":"Forgotten Altar","player_choice":"Shed Blood","floor":19.0,"gold_loss":0.0,"damage_taken":24.0},{"damage_healed":0.0,"max_hp_gain":0.0,"max_hp_loss":0.0,"gold_gain":0.0,"cards_transformed":["Defend_P","Strike_P"],"event_name":"Drug Dealer","player_choice":"Became Test Subject","floor":20.0,"gold_loss":0.0,"damage_taken":0.0,"cards_obtained":["MasterReality","WreathOfFlame"]},{"damage_healed":0.0,"max_hp_gain":0.0,"max_hp_loss":37.0,"gold_gain":0.0,"event_name":"Ghosts","player_choice":"Became a Ghost","floor":21.0,"gold_loss":0.0,"damage_taken":0.0,"cards_obtained":["Ghostly","Ghostly","Ghostly"]},{"damage_healed":0.0,"max_hp_gain":0.0,"max_hp_loss":0.0,"gold_gain":0.0,"event_name":"Cursed Tome","player_choice":"Obtained Book","floor":22.0,"gold_loss":0.0,"damage_taken":21.0},{"damage_healed":0.0,"max_hp_gain":0.0,"max_hp_loss":0.0,"gold_gain":0.0,"event_name":"The Library","player_choice":"Read","floor":31.0,"gold_loss":0.0,"damage_taken":0.0,"cards_obtained":["Wallop"]},{"damage_healed":0.0,"max_hp_gain":0.0,"max_hp_loss":0.0,"gold_gain":0.0,"event_name":"Match and Keep!","player_choice":"1 cards matched","floor":37.0,"gold_loss":0.0,"damage_taken":0.0,"cards_obtained":["DeceiveReality"]},{"cards_removed":["Weave"],"damage_healed":0.0,"max_hp_gain":0.0,"max_hp_loss":0.0,"gold_gain":0.0,"event_name":"Falling","player_choice":"Removed Attack","floor":45.0,"gold_loss":0.0,"damage_taken":0.0}],"is_beta":false,"boss_relics":[{"not_picked":["Fusion Hammer","Busted Crown"],"picked":"Coffee Dripper"},{"not_picked":["VioletLotus","SlaversCollar"],"picked":"Sozu"}],"items_purged_floors":[12,38],"is_endless":false,"potions_floor_spawned":[4,13,14,16,18,28,35,39,42,48,55],"ascension_level":20}}