{"host":"dcj2yvrgcvh5dl2s","time":1608784755,"event":{"mods":["BaseMod","Better Note","Block Reminder","Colored Powertips","DeckTracker","Minty Spire (QoL Compilation)","Quick Restart","Rare Cards Sparkle","Relic Stats","StSLib"],"gold_per_floor":[20,37,53,53,0,0,35,35,35,35,68,98,111,111,111,111,111],"floor_reached":16,"playtime":1299,"items_purged":[],"score":124,"play_id":"389a6863-d660-430c-abc9-75d4ebe55f37","local_time":"20201224143915","is_ascension_mode":true,"campfire_choices":[{"data":"Backflip","floor":6,"key":"SMITH"},{"floor":8,"key":"REST"},{"data":"Survivor","floor":10,"key":"SMITH"},{"floor":15,"key":"REST"}],"circlet_count":0,"master_deck":["Strike_G","Strike_G","Strike_G","Strike_G","Strike_G","Defend_G","Defend_G","Defend_G","Defend_G+1","Defend_G","Survivor+1","Neutralize+1","Slice","Slice","Backflip+1","Escape Plan","Predator","Slice"],"relics":["Ring of the Snake","Turnip","Ornamental Fan","Mercury Hourglass","Matryoshka","PreservedInsect"],"acts_visited":["Exordium"],"potions_floor_usage":[11],"damage_taken":[{"damage":0,"enemies":"Cultist","floor":1,"turns":4},{"damage":0,"enemies":"2 Louse","floor":2,"turns":3},{"damage":0,"enemies":"Small Slimes","floor":3,"turns":4},{"damage":28,"enemies":"3 Sentries","floor":7,"turns":10},{"damage":37,"enemies":"Gremlin Nob","floor":11,"turns":6},{"damage":0,"enemies":"2 Fungi Beasts","floor":13,"turns":3},{"damage":30,"enemies":"The Guardian","floor":16,"turns":14}],"seed_played":"-6833628321060970827","potions_obtained":[{"floor":2,"key":"Regen Potion"}],"is_trial":false,"path_per_floor":["M","M","M","?","$","R","E","R","T","R","E","?","M","?","R","B"],"character_chosen":"THE_SILENT","items_purchased":["Backflip"],"campfire_rested":2,"item_purchase_floors":[5],"current_hp_per_floor":[70,70,70,56,56,56,28,49,49,49,17,17,17,5,26,0,0],"gold":111,"neow_bonus":"ONE_RARE_RELIC","is_daily":false,"chose_seed":false,"campfire_upgraded":2,"win_rate":0.0,"timestamp":1608784755,"path_taken":["M","M","?","?","$","R","E","R","T","R","E","?","M","?","R","BOSS"],"items_purchased_type":["Card"],"build_version":"2020-12-22","purchased_purges":0,"victory":false,"max_hp_per_floor":[70,70,70,70,70,70,70,70,70,70,70,70,70,70,70,70,70],"relic_stats":{"counters":[7,44],"Ornamental Fan":[28],"Turnip":[0],"PreservedInsect":0,"obtain_stats":[{"Matryoshka":11,"Ornamental Fan":7,"Turnip":0,"PreservedInsect":14,"Ring of the Snake":0,"Mercury Hourglass":9},{"Matryoshka":5,"Ornamental Fan":4,"Turnip":0,"PreservedInsect":6,"Ring of the Snake":0,"Mercury Hourglass":4},{"Matryoshka":27,"Ornamental Fan":21,"Turnip":0,"PreservedInsect":30,"Ring of the Snake":0,"Mercury Hourglass":21}],"Ring of the Snake":[14],"Mercury Hourglass":[69]},"card_choices":[{"not_picked":["Dagger Throw","Prepared"],"picked":"Slice","floor":1},{"not_picked":["Underhanded Strike","Endless Agony","Reflex"],"picked":"SKIP","floor":2},{"not_picked":["Bane","Bullet Time"],"picked":"Slice","floor":3},{"not_picked":["Sucker Punch","Heel Hook"],"picked":"Escape Plan","floor":7},{"not_picked":["Deadly Poison","Skewer"],"picked":"Predator","floor":11},{"not_picked":["Sucker Punch","PiercingWail"],"picked":"Slice","floor":13}],"player_experience":2027431,"relics_obtained":[{"floor":7,"key":"Ornamental Fan"},{"floor":9,"key":"Mercury Hourglass"},{"floor":11,"key":"Matryoshka"}],"event_choices":[{"damage_healed":0,"gold_gain":0,"player_choice":"Entered Light","damage_taken":14,"max_hp_gain":0,"max_hp_loss":0,"event_name":"Shining Light","floor":4,"gold_loss":0,"cards_upgraded":["Neutralize","Defend_G"]},{"damage_healed":0,"gold_gain":30,"player_choice":"Searched \u00272\u0027 times","damage_taken":0,"max_hp_gain":0,"max_hp_loss":0,"event_name":"Dead Adventurer","floor":12,"gold_loss":0},{"damage_healed":0,"gold_gain":0,"player_choice":"Success","damage_taken":12,"relics_obtained":["PreservedInsect"],"max_hp_gain":0,"max_hp_loss":0,"event_name":"Scrap Ooze","floor":14,"gold_loss":0}],"is_beta":false,"boss_relics":[],"items_purged_floors":[],"is_endless":false,"potions_floor_spawned":[2],"killed_by":"The Guardian","ascension_level":3}}