{"host":"jpyc2kczef5p02oc","time":1608784795,"event":{"mods":["ATMod(阿瑾Mod)","BaseMod","Friendly Minions","Hubris","Marisa（F雨　魔理沙）","Minty Spire (QoL Compilation)","StSLib","Td1madao Mod","The Servant 0.9.4","【功能Mod】聪明的最终Boss"],"gold_per_floor":[117,117,117,132,152,183,183,213,213,213,172,200,69,103,103,175,175,185,204,33,45,62,90,90,90,113,113,113,145,70,97,97,97,97],"floor_reached":33,"playtime":1155,"items_purged":[],"score":768,"play_id":"7e9f85b3-e4d3-4ea6-ac04-312a5f7d8873","local_time":"20201224123955","is_ascension_mode":true,"campfire_choices":[{"data":"AT_ShrugMaster","floor":7.0,"key":"SMITH"},{"data":"AT_ShrugMaster","floor":10.0,"key":"SMITH"},{"data":"Armaments","floor":15.0,"key":"SMITH"},{"floor":24,"key":"RECALL"},{"data":"Offering","floor":27,"key":"SMITH"},{"data":"AT_BodySlamDance","floor":32,"key":"SMITH"}],"circlet_count":0,"master_deck":["AscendersBane","Strike_R","Strike_R","Strike_R","Defend_R","Defend_R+1","Defend_R+1","Defend_R","Bash","AT_ShrugMaster+1","AT_BodySlamDance","Warcry","Armaments+1","AT_ShrugMaster+1","AT_BodySlamDance+1","Offering+1","AT_BodySlamDance","hubris:ReadiedAction+1","Battle Trance+1","AT_DrawKnifeCut"],"relics":["Burning Blood","AT_ATBox","NeowsBlessing","hubris:Towel","hubris:PeanutButter","The Courier","Meat on the Bone","AT_EbonyIvory","Bag of Marbles","AT_SpeedBoots","hubris:ScarierMask","War Paint","Blue Candle","Bag of Preparation","Kunai","hubris:ToyBattleship"],"acts_visited":["Exordium","TheCity"],"potions_floor_usage":[],"damage_taken":[{"damage":0.0,"enemies":"2 Louse","floor":1.0,"turns":1.0},{"damage":0.0,"enemies":"Jaw Worm","floor":4.0,"turns":1.0},{"damage":0.0,"enemies":"Cultist","floor":5.0,"turns":1.0},{"damage":8.0,"enemies":"Gremlin Nob","floor":6.0,"turns":3.0},{"damage":6.0,"enemies":"Lagavulin","floor":8.0,"turns":6.0},{"damage":0.0,"enemies":"3 Sentries","floor":12.0,"turns":7.0},{"damage":0.0,"enemies":"Gremlin Nob","floor":14.0,"turns":3.0},{"damage":13.0,"enemies":"Hexaghost","floor":16.0,"turns":4.0},{"damage":0.0,"enemies":"Spheric Guardian","floor":18.0,"turns":2.0},{"damage":0.0,"enemies":"2 Thieves","floor":19.0,"turns":3.0},{"damage":6.0,"enemies":"Centurion and Healer","floor":21.0,"turns":2.0},{"damage":0.0,"enemies":"Cultist and Chosen","floor":22.0,"turns":2.0},{"damage":5.0,"enemies":"Slavers","floor":23.0,"turns":3.0},{"damage":7,"enemies":"Book of Stabbing","floor":29,"turns":3},{"damage":0,"enemies":"Gremlin Leader","floor":31,"turns":3},{"damage":0,"enemies":"Collector","floor":33,"turns":6}],"seed_played":"2181707110368336391","potions_obtained":[{"floor":4.0,"key":"Energy Potion"},{"floor":6.0,"key":"Ancient Potion"},{"floor":12.0,"key":"PowerPotion"}],"is_trial":false,"path_per_floor":["M","?","?","M","M","E","R","E","T","R","$","E","$","E","R","B",null,"M","M","$","M","M","E","R","?","T","R","$","E","?","E","R","B"],"character_chosen":"IRONCLAD","items_purchased":["AT_BodySlamDance","Bag of Marbles","War Paint","AT_BodySlamDance"],"campfire_rested":0,"item_purchase_floors":[11,13,20,20],"current_hp_per_floor":[74,74,74,75,75,73,73,73,73,73,73,75,75,75,75,68,73,75,75,75,75,75,75,75,75,75,75,75,74,74,75,75,75,75],"gold":97,"neow_bonus":"THREE_ENEMY_KILL","is_daily":false,"chose_seed":false,"campfire_upgraded":5,"win_rate":0.0,"timestamp":1608784795,"path_taken":["M","?","?","M","?","E","R","E","T","R","?","E","$","E","R","BOSS","M","M","$","?","M","E","R","?","T","R","$","E","?","E","R","BOSS"],"items_purchased_type":["Card","Relic","Relic","Card"],"build_version":"2020-12-22","purchased_purges":0,"victory":false,"max_hp_per_floor":[75,75,75,75,75,75,75,75,75,75,75,75,75,75,75,75,75,75,75,75,75,75,75,75,75,75,75,75,75,75,75,75,75,75],"card_choices":[{"not_picked":["Shrug It Off","Reckless Charge"],"picked":"AT_BodySlamDance","floor":1.0},{"not_picked":["Clothesline","Thunderclap"],"picked":"Warcry","floor":4.0},{"not_picked":["Berserk","Dark Embrace","Burning Pact"],"picked":"SKIP","floor":5.0},{"not_picked":["Warcry","Fiend Fire"],"picked":"Armaments","floor":6.0},{"not_picked":["Headbutt","Clothesline"],"picked":"AT_ShrugMaster","floor":8.0},{"not_picked":["Clothesline","Havoc","Feed"],"picked":"SKIP","floor":12.0},{"not_picked":["Burning Pact","Sword Boomerang","AT_IchimonjiDouble"],"picked":"SKIP","floor":14.0},{"not_picked":["Fiend Fire","Berserk"],"picked":"Offering","floor":16.0},{"not_picked":["AT_ManFootWork","Pommel Strike","Warcry"],"picked":"SKIP","floor":18.0},{"not_picked":["Cleave","Clash","Reaper"],"picked":"SKIP","floor":19.0},{"not_picked":["Body Slam","AT_DiedThrough"],"picked":"hubris:ReadiedAction+1","floor":21.0},{"not_picked":["Clash+1","Combust+1","Perfected Strike"],"picked":"SKIP","floor":22.0},{"not_picked":["Dark Embrace+1","Cleave"],"picked":"Battle Trance+1","floor":23},{"not_picked":["Body Slam","hubris:ReadiedAction","Shrug It Off"],"picked":"SKIP","floor":29},{"not_picked":["Havoc","Second Wind","Iron Wave"],"picked":"SKIP","floor":31}],"player_experience":271423,"relics_obtained":[{"floor":6.0,"key":"hubris:PeanutButter"},{"floor":8.0,"key":"The Courier"},{"floor":9.0,"key":"Meat on the Bone"},{"floor":12.0,"key":"AT_EbonyIvory"},{"floor":14.0,"key":"AT_SpeedBoots"},{"floor":23,"key":"Blue Candle"},{"floor":26,"key":"Bag of Preparation"},{"floor":29,"key":"Kunai"},{"floor":31,"key":"hubris:ToyBattleship"}],"event_choices":[{"cards_removed":["Strike_R"],"damage_healed":0.0,"max_hp_gain":0.0,"max_hp_loss":0.0,"gold_gain":0.0,"event_name":"Bonfire Elementals","player_choice":"Offered Basic","floor":3.0,"gold_loss":0.0,"damage_taken":0.0},{"cards_removed":["Strike_R"],"damage_healed":0,"gold_gain":0,"player_choice":"Single Remove","damage_taken":0,"max_hp_gain":0,"max_hp_loss":0,"event_name":"Designer","floor":30,"gold_loss":75}],"is_beta":false,"boss_relics":[{"not_picked":["Runic Cube","SacredBark"],"picked":"hubris:ScarierMask"}],"items_purged_floors":[],"is_endless":false,"potions_floor_spawned":[4,6,12,14,16,19,23,29,31],"killed_by":"Collector","ascension_level":18}}