{"host":"kiauivt48syq9iz6","time":1608795855,"event":{"mods":["BaseMod","Conspire","Downfall","Hermit","Minty Spire (QoL Compilation)","Replay The Spire","SIMod","StSLib","The Animator","The Construct","The Cursed","The Runesmith","The Servant 0.9.4"],"gold_per_floor":[122,197,214,232,221,255,255,255,255,255,10,85,102,132,132,237,237,223,233,233,233],"floor_reached":20,"playtime":1231,"items_purged":[],"score":184,"play_id":"2d106359-4234-47eb-8367-b8fcf54ee8ea","local_time":"20201224004415","is_ascension_mode":false,"campfire_choices":[{"floor":7,"key":"REST"},{"floor":10,"key":"REST"},{"floor":15,"key":"REST"}],"circlet_count":0,"master_deck":["animator:Strike_Konosuba+1","animator:Defend_Konosuba+1","animator:Strike","animator:Strike","animator:Strike","animator:Defend","animator:Defend","animator:Kazuma","animator:Aqua+1","animator:Megumin+1","animator:Sloth+1","animator:Pride","animator:ElricEdward","animator:ElricAlphonse","animator:Vanir","animator:Envy","animator:Raven","animator:WinryRockbell"],"relics":["animator:LivingPicture","animator:TheMissingPiece","animator:PurgingStone","NeowsBlessing","Whetstone","Replay:Bottled Snecko","Bottled Flame","War Paint","conspire:RunicOctahedron"],"acts_visited":["Exordium","TheCity"],"potions_floor_usage":[3,6,6,20],"damage_taken":[{"damage":0,"enemies":"conspire:RoseBush","floor":1,"turns":1},{"damage":0,"enemies":"Cultist","floor":3,"turns":1},{"damage":0,"enemies":"2 Louse","floor":4,"turns":1},{"damage":20,"enemies":"Exordium Thugs","floor":5,"turns":5},{"damage":31,"enemies":"Gremlin Nob","floor":6,"turns":6},{"damage":7,"enemies":"Blue Slaver","floor":13,"turns":4},{"damage":11,"enemies":"Lagavulin","floor":14,"turns":8},{"damage":41,"enemies":"Hexaghost","floor":16,"turns":15},{"damage":15,"enemies":"2 Thieves","floor":18,"turns":5},{"damage":5,"enemies":"Shell Parasite","floor":19,"turns":7},{"damage":12,"enemies":"Centurion and Healer","floor":20,"turns":11}],"seed_played":"3736210660371842291","potions_obtained":[{"floor":1,"key":"Fruit Juice"},{"floor":3,"key":"PowerPotion"},{"floor":5,"key":"Energy Potion"},{"floor":14,"key":"Regen Potion"}],"is_trial":false,"path_per_floor":["M","?","M","M","M","E","R","?","T","R","$","?","M","E","R","B",null,"M","M","M"],"character_chosen":"THE_ANIMATOR","items_purchased":["Bottled Flame"],"campfire_rested":3,"item_purchase_floors":[11],"current_hp_per_floor":[66,60,67,67,49,20,41,41,41,62,62,51,46,38,59,21,72,60,58,64,64],"gold":233,"neow_bonus":"THREE_ENEMY_KILL","is_daily":false,"chose_seed":false,"campfire_upgraded":0,"win_rate":0.0,"timestamp":1608795855,"path_taken":["M","?","?","?","?","E","R","?","T","R","?","?","M","E","R","BOSS","M","M","M"],"items_purchased_type":["Relic"],"build_version":"2020-12-22","purchased_purges":0,"victory":false,"max_hp_per_floor":[66,66,71,71,71,71,71,71,71,71,71,71,71,72,72,72,72,72,72,72,72],"card_choices":[{"not_picked":["animator:YunYun","animator:Melzalgald"],"picked":"animator:Megumin","floor":1},{"not_picked":["animator:Alexander","animator:Vanir"],"picked":"animator:Sloth","floor":3},{"not_picked":["animator:Bozes","animator:Caster"],"picked":"animator:Pride","floor":4},{"not_picked":["animator:Pride","animator:ElricAlphonse"],"picked":"animator:ElricEdward","floor":5},{"not_picked":["animator:PandorasActor","animator:TukaLunaMarceau","animator:DwarfShaman"],"picked":"SKIP","floor":6},{"not_picked":["animator:PandorasActor","animator:DwarfShaman"],"picked":"animator:ElricAlphonse","floor":13},{"not_picked":["animator:Father","animator:Berserker"],"picked":"animator:Vanir","floor":14},{"not_picked":["animator:Saitama","animator:Elesis"],"picked":"animator:Envy","floor":16},{"not_picked":["animator:Chung","animator:Lu"],"picked":"animator:Raven","floor":18},{"not_picked":["animator:Kuribayashi+1","animator:Berserker"],"picked":"animator:WinryRockbell","floor":19}],"player_experience":44350,"relics_obtained":[{"floor":6,"key":"Whetstone"},{"floor":9,"key":"Replay:Bottled Snecko"},{"floor":14,"key":"War Paint"}],"event_choices":[{"damage_healed":0,"gold_gain":75,"player_choice":"Touch","damage_taken":6,"max_hp_gain":0,"max_hp_loss":0,"event_name":"FaceTrader","floor":2,"gold_loss":0},{"cards_removed":["animator:Defend"],"damage_healed":0,"gold_gain":0,"player_choice":"Offered Basic","damage_taken":0,"max_hp_gain":0,"max_hp_loss":0,"event_name":"Bonfire Elementals","floor":8,"gold_loss":0},{"damage_healed":0,"gold_gain":75,"player_choice":"Gather Gold","damage_taken":11,"max_hp_gain":0,"max_hp_loss":0,"event_name":"World of Goop","floor":12,"gold_loss":0}],"is_beta":false,"boss_relics":[{"not_picked":["Empty Cage","Astrolabe"],"picked":"conspire:RunicOctahedron"}],"items_purged_floors":[],"is_endless":false,"potions_floor_spawned":[1,3,5,14],"killed_by":"Centurion and Healer","ascension_level":0}}