{"host":"kiauivt48syq9iz6","time":1608849226,"event":{"mods":["BaseMod","Conspire","Downfall","Hermit","Minty Spire (QoL Compilation)","Replay The Spire","SIMod","StSLib","The Animator","The Construct","The Cursed","The Runesmith","The Servant 0.9.4"],"gold_per_floor":[115,115,34,53,71,71,2,2,2,2,2,19,19,36,36,141,141,156,173,28,28,28,28,57,69,121,121,73,73,98,30,30,129,129,141,151,169,182,56,84,102,102,102,102,21,21,41,41,41,41],"floor_reached":51,"playtime":2566,"items_purged":[],"score":658,"play_id":"7af69d12-dce0-4112-a6c3-27527bbd091f","local_time":"20201224153346","is_ascension_mode":false,"campfire_choices":[{"data":"TheCursedMod:CursedWand","floor":6,"key":"SMITH"},{"data":"TheCursedMod:SoulReap","floor":8,"key":"SMITH"},{"data":"TheCursedMod:SpitefulPlan","floor":10,"key":"SMITH"},{"data":"TheCursedMod:CursedArmor","floor":15,"key":"SMITH"},{"data":"TheCursedMod:LuckyCharm","floor":23,"key":"SMITH"},{"floor":29,"key":"REST"},{"data":"TheCursedMod:OutForBlood","floor":32,"key":"SMITH"},{"data":"TheCursedMod:ForbiddenAlchemy","floor":42,"key":"SMITH"},{"data":"TheCursedMod:CleanUpWorkshop","floor":44,"key":"SMITH"},{"data":"TheCursedMod:TacticalStrike","floor":46,"key":"SMITH"},{"floor":49,"key":"REST"}],"circlet_count":0,"master_deck":["TheCursedMod:Strike_TheCursed+1","TheCursedMod:Strike_TheCursed+1","TheCursedMod:Strike_TheCursed+1","TheCursedMod:Strike_TheCursed+1","TheCursedMod:Defend_TheCursed+1","TheCursedMod:Defend_TheCursed+1","TheCursedMod:Defend_TheCursed+1","TheCursedMod:Defend_TheCursed+1","TheCursedMod:CursedWand+1","TheCursedMod:CleanUpWorkshop+1","TheCursedMod:Dregs","TheCursedMod:TacticalStrike+1","TheCursedMod:CursedWand+1","TheCursedMod:SpitefulPlan+1","TheCursedMod:StingEye","TheCursedMod:AshesToAshes","TheCursedMod:SoulReap+1","TheCursedMod:CursedArmor+1","TheCursedMod:StingEye","TheCursedMod:OutForBlood+1","TheCursedMod:WearCloak","TheCursedMod:HellfireBreathing","TheCursedMod:CursedShiv","TheCursedMod:RapidMovement","TheCursedMod:LuckyCharm+1","TheCursedMod:Stigma","TheCursedMod:PrepareRite+1","Decay","TheCursedMod:CircleOfCorruption","Pain","TheCursedMod:HellfireBreathing","TheCursedMod:ForbiddenAlchemy+1","TheCursedMod:CursedAmulet+1","TheCursedMod:CursedBlade+1","TheCursedMod:SpreadPlague+1","TheCursedMod:BlessingInDisguise+1","TheCursedMod:SoulReap","TheCursedMod:BlessingInDisguise+1","TheCursedMod:CursedMace+1","Looming Evil","TheCursedMod:HellfireBreathing","Parasite","TheCursedMod:CollectTribute+1"],"relics":["TheCursedMod:BlackMagic101","Orichalcum","Bag of Marbles","Replay:Grab Bag","conspire:SlowCooker","Cursed Key","TheCursedMod:FourLeafCloverCharm","conspire:SpecialSausage","Centennial Puzzle","TheCursedMod:Tack","Pet Ghost","conspire:RoyalGoblet","Strawberry","White Beast Statue"],"acts_visited":["Exordium","TheCity","TheBeyond"],"potions_floor_usage":[5,24,24,38,38,40,41,41,41,41,41,41,41,47,47,47,47,47,50,50,50,50,50],"damage_taken":[{"damage":0,"enemies":"2 Louse","floor":1,"turns":2},{"damage":0,"enemies":"Cultist","floor":4,"turns":4},{"damage":0,"enemies":"Small Slimes","floor":5,"turns":2},{"damage":0,"enemies":"2 Fungi Beasts","floor":12,"turns":3},{"damage":5,"enemies":"Blue Slaver","floor":14,"turns":6},{"damage":32,"enemies":"The Guardian","floor":16,"turns":14},{"damage":6,"enemies":"3 Byrds","floor":18,"turns":8},{"damage":3,"enemies":"Chosen","floor":19,"turns":6},{"damage":13,"enemies":"Gremlin Leader","floor":24,"turns":9},{"damage":15,"enemies":"3 Cultists","floor":25,"turns":6},{"damage":27,"enemies":"Champ","floor":33,"turns":12},{"damage":11,"enemies":"3 Shapes","floor":35,"turns":7},{"damage":6,"enemies":"Orb Walker","floor":36,"turns":4},{"damage":2,"enemies":"3 Darklings","floor":37,"turns":5},{"damage":9,"enemies":"Maw","floor":38,"turns":8},{"damage":6,"enemies":"Nemesis","floor":40,"turns":7},{"damage":5,"enemies":"4 Shapes","floor":41,"turns":5},{"damage":16,"enemies":"Writhing Mass","floor":47,"turns":7},{"damage":44,"enemies":"Replay:Hell Engine","floor":50,"turns":13}],"seed_played":"-1825066504597433174","potions_obtained":[{"floor":4,"key":"DistilledChaos"},{"floor":12,"key":"SteroidPotion"},{"floor":25,"key":"SteroidPotion"},{"floor":33,"key":"Block Potion"},{"floor":35,"key":"Flashbang"},{"floor":38,"key":"Adrenaline Potion"},{"floor":47,"key":"hexamod:EctoCoolerPotion"}],"is_trial":false,"path_per_floor":["M","?","$","M","M","R","$","R","T","R","?","M","$","M","R","B",null,"M","M","$","?","?","R","E","M","T","?","$","R","T","$","R","B",null,"M","M","M","M","$","E","M","R","T","R","$","R","M","?","R","B",null],"character_chosen":"THE_CURSED","items_purchased":["TheCursedMod:SpitefulPlan","TheCursedMod:SoulReap","TheCursedMod:CursedShiv","TheCursedMod:RapidMovement","BlessingOfTheForge","TheCursedMod:CircleOfCorruption","TheCursedMod:HellfireBreathing","TheCursedMod:SoulReap","Strength Potion","TheCursedMod:HellfireBreathing"],"campfire_rested":2,"item_purchase_floors":[3,7,20,20,20,28,31,39,39,45],"current_hp_per_floor":[75,75,75,75,75,75,75,75,75,75,63,73,73,73,73,48,75,72,75,75,75,75,75,69,61,61,61,61,75,75,75,75,53,75,71,72,75,71,71,77,77,77,77,77,77,77,61,61,82,53],"gold":41,"neow_bonus":"UPGRADE_CARD","is_daily":false,"chose_seed":false,"campfire_upgraded":9,"win_rate":0.0,"timestamp":1608849226,"path_taken":["M","?","$","?","M","R","?","R","T","R","?","M","$","M","R","BOSS","M","M","$","?","?","R","E","M","T","?","$","R","?","$","R","BOSS","M","M","?","?","$","E","?","R","T","R","$","R","M","?","R","BOSS"],"items_purchased_type":["Card","Card","Card","Card","Potion","Card","Card","Card","Potion","Card"],"build_version":"2020-12-22","purchased_purges":0,"victory":true,"max_hp_per_floor":[75,75,75,75,75,75,75,75,75,75,75,75,75,75,75,75,75,75,75,75,75,75,75,75,75,75,75,75,75,75,75,75,75,75,75,75,75,75,75,82,82,82,82,82,82,82,82,82,82,82],"card_choices":[{"not_picked":["TheCursedMod:RavingStaff","TheCursedMod:RapidMovement"],"picked":"TheCursedMod:TacticalStrike","floor":1},{"not_picked":["TheCursedMod:Stigma","TheCursedMod:SpitefulPray"],"picked":"TheCursedMod:StingEye","floor":4},{"not_picked":["TheCursedMod:Stretching","TheCursedMod:VitalStrike"],"picked":"TheCursedMod:AshesToAshes","floor":5},{"not_picked":["TheCursedMod:CircleOfCorruption","TheCursedMod:Mangle"],"picked":"TheCursedMod:CursedArmor","floor":12},{"not_picked":["TheCursedMod:EmpowerCircles","TheCursedMod:AshesToAshes"],"picked":"TheCursedMod:StingEye","floor":14},{"not_picked":["TheCursedMod:DemonicPact","TheCursedMod:ForbiddenAlchemy"],"picked":"TheCursedMod:OutForBlood","floor":16},{"not_picked":["TheCursedMod:Torture","TheCursedMod:SpitefulPlan"],"picked":"TheCursedMod:WearCloak","floor":18},{"not_picked":["TheCursedMod:SpitefulStrike+1","TheCursedMod:Stigma"],"picked":"TheCursedMod:HellfireBreathing","floor":19},{"not_picked":["TheCursedMod:Stretching","TheCursedMod:CursedBoomerang+1"],"picked":"TheCursedMod:Stigma","floor":24},{"not_picked":["TheCursedMod:RavingStaff","TheCursedMod:SmokeScreen"],"picked":"TheCursedMod:PrepareRite+1","floor":25},{"not_picked":["TheCursedMod:ShockAndAwe","TheCursedMod:CollectTribute"],"picked":"TheCursedMod:ForbiddenAlchemy","floor":33},{"not_picked":["TheCursedMod:SpitefulStrike","TheCursedMod:CursedBlade"],"picked":"TheCursedMod:CursedAmulet+1","floor":35},{"not_picked":["TheCursedMod:SoulReap","TheCursedMod:Obscuration+1"],"picked":"TheCursedMod:CursedBlade+1","floor":36},{"not_picked":["TheCursedMod:CursedSpellbook","TheCursedMod:RavingStaff+1"],"picked":"TheCursedMod:SpreadPlague+1","floor":37},{"not_picked":["TheCursedMod:NeowsMight","TheCursedMod:LuckyCharm"],"picked":"TheCursedMod:BlessingInDisguise+1","floor":38},{"not_picked":["TheCursedMod:WearCloak","TheCursedMod:SmokeScreen+1"],"picked":"TheCursedMod:BlessingInDisguise+1","floor":40},{"not_picked":["TheCursedMod:VitalStrike","TheCursedMod:CursedShiv"],"picked":"TheCursedMod:CursedMace+1","floor":41},{"not_picked":["TheCursedMod:CursedMace","TheCursedMod:CircleOfCorruption+1"],"picked":"TheCursedMod:CollectTribute","floor":47}],"player_experience":52873,"relics_obtained":[{"floor":9,"key":"Orichalcum"},{"floor":24,"key":"Centennial Puzzle"},{"floor":26,"key":"TheCursedMod:Tack"},{"floor":30,"key":"Pet Ghost"},{"floor":40,"key":"Strawberry"},{"floor":43,"key":"White Beast Statue"}],"event_choices":[{"damage_healed":0,"gold_gain":0,"player_choice":"1 cards matched","damage_taken":0,"max_hp_gain":0,"max_hp_loss":0,"event_name":"Match and Keep!","floor":2,"gold_loss":0,"cards_obtained":["TheCursedMod:CursedWand"]},{"damage_healed":0,"gold_gain":0,"player_choice":"Success","damage_taken":12,"relics_obtained":["Bag of Marbles"],"max_hp_gain":0,"max_hp_loss":0,"event_name":"Scrap Ooze","floor":11,"gold_loss":0},{"damage_healed":0,"gold_gain":0,"player_choice":"Read","damage_taken":0,"max_hp_gain":0,"max_hp_loss":0,"event_name":"The Library","floor":21,"gold_loss":0,"cards_obtained":["TheCursedMod:LuckyCharm"]},{"damage_healed":0,"gold_gain":0,"player_choice":"Simplicity","damage_taken":0,"max_hp_gain":0,"max_hp_loss":0,"event_name":"Back to Basics","floor":22,"gold_loss":0,"cards_upgraded":["TheCursedMod:Strike_TheCursed","TheCursedMod:Strike_TheCursed","TheCursedMod:Strike_TheCursed","TheCursedMod:Strike_TheCursed","TheCursedMod:Defend_TheCursed","TheCursedMod:Defend_TheCursed","TheCursedMod:Defend_TheCursed","TheCursedMod:Defend_TheCursed"]},{"damage_healed":0,"gold_gain":0,"player_choice":"Forge","damage_taken":0,"max_hp_gain":0,"max_hp_loss":0,"event_name":"Accursed Blacksmith","floor":48,"gold_loss":0,"cards_upgraded":["TheCursedMod:CollectTribute"]}],"is_beta":false,"boss_relics":[{"not_picked":["Runesmith:UraniumAnvil","Ectoplasm"],"picked":"Replay:Grab Bag"},{"not_picked":["Replay:Wanted Poster","conspire:SeveredTorchhead"],"picked":"conspire:SlowCooker"},{"not_picked":["Busted Crown","Runic Dome"],"picked":"Cursed Key"},{"not_picked":["SacredBark","Replay:Drink Me"],"picked":"TheCursedMod:FourLeafCloverCharm"},{"not_picked":["Empty Cage","SlaversCollar"],"picked":"conspire:SpecialSausage"},{"not_picked":["construct:ClawGrip","construct:WeddingRing"],"picked":"conspire:RoyalGoblet"}],"items_purged_floors":[],"is_endless":false,"potions_floor_spawned":[4,12,25,33,35,36,38,40,47],"ascension_level":0}}