{"host":"vyt5ne9ydo1z9gg1","time":1608803744,"event":{"mods":["BaseMod","Curses Come First","GifTheSpireLib","Minty Spire (QoL Compilation)","StSLib"],"gold_per_floor":[118,136,156,59,73,73,107,107,107,132,142,142,172,184,184,288,288,304,304,321,332,344,372,372,297,297,297,212,246,266,266,266,366,366,377,104,114,125,125,141,141,157,157,187,203,203,220,238,238,238,238,238,20,51,51,51],"floor_reached":55,"playtime":3416,"items_purged":["Strike_R","Strike_R"],"score":916,"play_id":"ca76d55d-9112-4d16-b0ef-2b4cc20abda0","local_time":"20201224205544","is_ascension_mode":true,"campfire_choices":[{"floor":12.0,"key":"REST"},{"data":"Armaments","floor":15.0,"key":"SMITH"},{"data":"Barricade","floor":24.0,"key":"SMITH"},{"data":"Clothesline","floor":27.0,"key":"SMITH"},{"floor":32.0,"key":"REST"},{"data":"Bash","floor":41.0,"key":"SMITH"},{"floor":46.0,"key":"RECALL"},{"data":"Warcry","floor":49.0,"key":"SMITH"},{"data":"Shrug It Off","floor":52.0,"key":"SMITH"}],"circlet_count":0,"master_deck":["Strike_R","Strike_R","Defend_R","Defend_R","Defend_R","Bash+1","Twin Strike","Clothesline+1","Thunderclap","Pommel Strike","Power Through+1","Cleave","Immolate","Hemokinesis+1","Headbutt+1","Armaments+1","Clash+1","Fiend Fire+1","Shrug It Off+1","Necronomicurse","Feel No Pain","Feel No Pain","Warcry+1","Barricade+1","Headbutt+1","Body Slam+1","Fiend Fire+1","Reaper+1","Rampage+1","Evolve+1","Power Through","Warcry+1","Entrench+1","Dark Embrace+1","Warcry+1","Cleave+1","Inflame+1","Fire Breathing+1","Offering"],"relics":["Burning Blood","Peace Pipe","Molten Egg 2","Bottled Lightning","MealTicket","Velvet Choker","Necronomicon","Oddly Smooth Stone","Frozen Egg 2","Ornamental Fan","Smiling Mask","Mark of Pain","Orichalcum","InkBottle","Kunai"],"acts_visited":["Exordium","TheCity","TheBeyond","TheEnding"],"potions_floor_usage":[55,55,55,55,55],"damage_taken":[{"damage":6.0,"enemies":"Cultist","floor":1.0,"turns":4.0},{"damage":5.0,"enemies":"Small Slimes","floor":2.0,"turns":3.0},{"damage":0.0,"enemies":"2 Louse","floor":3.0,"turns":2.0},{"damage":15.0,"enemies":"Exordium Thugs","floor":5.0,"turns":5.0},{"damage":36.0,"enemies":"3 Sentries","floor":7.0,"turns":13.0},{"damage":30.0,"enemies":"Lagavulin","floor":10.0,"turns":6.0},{"damage":2.0,"enemies":"3 Louse","floor":11.0,"turns":3.0},{"damage":16.0,"enemies":"Gremlin Nob","floor":13.0,"turns":3.0},{"damage":2.0,"enemies":"2 Fungi Beasts","floor":14.0,"turns":2.0},{"damage":41.0,"enemies":"The Guardian","floor":16.0,"turns":11.0},{"damage":8.0,"enemies":"3 Byrds","floor":18.0,"turns":3.0},{"damage":0.0,"enemies":"Spheric Guardian","floor":20.0,"turns":2.0},{"damage":4.0,"enemies":"Snake Plant","floor":21.0,"turns":3.0},{"damage":11.0,"enemies":"Cultist and Chosen","floor":22.0,"turns":4.0},{"damage":5.0,"enemies":"Slavers","floor":23.0,"turns":2.0},{"damage":49.0,"enemies":"Gremlin Leader","floor":29.0,"turns":6.0},{"damage":7.0,"enemies":"3 Cultists","floor":30.0,"turns":6.0},{"damage":33.0,"enemies":"Champ","floor":33.0,"turns":11.0},{"damage":0.0,"enemies":"3 Shapes","floor":35.0,"turns":3.0},{"damage":16.0,"enemies":"Orb Walker","floor":37.0,"turns":5.0},{"damage":1.0,"enemies":"Jaw Worm Horde","floor":38.0,"turns":4.0},{"damage":25.0,"enemies":"3 Darklings","floor":40.0,"turns":5.0},{"damage":31.0,"enemies":"Transient","floor":42.0,"turns":5.0},{"damage":32.0,"enemies":"Nemesis","floor":44.0,"turns":7.0},{"damage":0.0,"enemies":"Jaw Worm Horde","floor":45.0,"turns":4.0},{"damage":2.0,"enemies":"3 Darklings","floor":47.0,"turns":6.0},{"damage":2.0,"enemies":"4 Shapes","floor":48.0,"turns":5.0},{"damage":88.0,"enemies":"Donu and Deca","floor":50.0,"turns":9.0},{"damage":79.0,"enemies":"Shield and Spear","floor":54.0,"turns":6.0},{"damage":20,"enemies":"The Heart","floor":55,"turns":3}],"seed_played":"-7814984980575796207","potions_obtained":[{"floor":3.0,"key":"AttackPotion"},{"floor":5.0,"key":"SpeedPotion"},{"floor":13.0,"key":"DistilledChaos"},{"floor":16.0,"key":"Explosive Potion"},{"floor":21.0,"key":"BloodPotion"},{"floor":23.0,"key":"ColorlessPotion"},{"floor":30.0,"key":"LiquidBronze"},{"floor":35.0,"key":"PowerPotion"},{"floor":38.0,"key":"SkillPotion"},{"floor":42.0,"key":"AttackPotion"},{"floor":45.0,"key":"BlessingOfTheForge"}],"is_trial":false,"path_per_floor":["M","M","M","$","M","?","E","?","T","E","M","R","E","M","R","B",null,"M","?","M","M","M","E","R","?","T","R","?","E","M","?","R","B",null,"M","$","M","M","?","M","R","M","T","E","M","R","M","M","R","B",null,"R","$","E","B"],"character_chosen":"IRONCLAD","items_purchased":["Pommel Strike","Evolve+1","Orichalcum","Fire Breathing+1","Strength Potion","EntropicBrew"],"campfire_rested":2,"item_purchase_floors":[4,36,36,53,53,53],"current_hp_per_floor":[88,88,88,88,79,84,54,54,54,30,34,61,51,55,55,20,75,73,57,63,65,78,79,79,79,79,79,79,36,35,35,62,35,79,85,93,90,93,93,74,74,49,49,37,43,43,77,91,91,49,82,82,93,20,0,0],"gold":51,"neow_bonus":"TEN_PERCENT_HP_BONUS","is_daily":false,"chose_seed":false,"campfire_upgraded":6,"win_rate":0.0,"timestamp":1608803744,"path_taken":["M","?","M","$","M","?","E","?","T","E","M","R","E","M","R","BOSS","M","?","M","M","M","E","R","?","T","R","?","E","M","?","R","BOSS","M","$","?","M","?","M","R","?","T","E","M","R","M","M","R","BOSS","R","$","E","BOSS"],"items_purchased_type":["Card","Card","Relic","Card","Potion","Potion"],"build_version":"2020-12-22","purchased_purges":2,"victory":false,"max_hp_per_floor":[88,88,88,88,88,93,93,93,93,93,93,93,93,93,93,93,93,93,93,93,93,93,93,93,93,93,93,93,93,93,93,93,93,93,93,93,93,93,93,93,93,93,93,93,93,93,93,93,93,93,93,93,93,93,93,93],"card_choices":[{"not_picked":["Anger","Dark Embrace"],"picked":"Twin Strike","floor":1.0},{"not_picked":["Warcry","Headbutt"],"picked":"Clothesline","floor":2.0},{"not_picked":["Rampage","Blood for Blood"],"picked":"Thunderclap","floor":3.0},{"not_picked":["Headbutt","Heavy Blade"],"picked":"Power Through","floor":5.0},{"not_picked":["Spot Weakness","Warcry"],"picked":"Cleave","floor":7.0},{"not_picked":["Warcry","Iron Wave+1"],"picked":"Hemokinesis+1","floor":10.0},{"not_picked":["Demon Form","Body Slam+1"],"picked":"Headbutt+1","floor":11.0},{"not_picked":["Heavy Blade+1","Power Through"],"picked":"Armaments","floor":13.0},{"not_picked":["Sword Boomerang+1","Carnage+1"],"picked":"Clash+1","floor":14.0},{"not_picked":["Berserk","Exhume"],"picked":"Fiend Fire+1","floor":16.0},{"not_picked":["Perfected Strike+1","Clothesline+1"],"picked":"Shrug It Off","floor":18.0},{"not_picked":["Seeing Red+1","Wild Strike+1"],"picked":"Feel No Pain","floor":20.0},{"not_picked":["Flex+1","Sword Boomerang+1"],"picked":"Feel No Pain","floor":21.0},{"not_picked":["Thunderclap+1","Pommel Strike+1"],"picked":"Warcry","floor":22.0},{"not_picked":["Wild Strike+1","Hemokinesis+1"],"picked":"Barricade","floor":23.0},{"not_picked":["Heavy Blade+1","Twin Strike+1"],"picked":"Headbutt+1","floor":29.0},{"not_picked":["Entrench","Blood for Blood+1"],"picked":"Body Slam+1","floor":30.0},{"not_picked":["Double Tap","Demon Form+1"],"picked":"Reaper+1","floor":33.0},{"not_picked":["Havoc+1","Flex+1"],"picked":"Rampage+1","floor":35.0},{"not_picked":["Wild Strike+1","Sword Boomerang+1"],"picked":"Power Through","floor":37.0},{"not_picked":["Dropkick+1","Pommel Strike+1"],"picked":"Warcry+1","floor":38.0},{"not_picked":["Havoc","Wild Strike+1"],"picked":"Entrench+1","floor":40.0},{"not_picked":["Uppercut+1","Spot Weakness+1"],"picked":"Dark Embrace+1","floor":42.0},{"not_picked":["Clash+1","Dropkick+1"],"picked":"Warcry+1","floor":44.0},{"not_picked":["Flex+1","Iron Wave+1","Clothesline+1"],"picked":"SKIP","floor":45.0},{"not_picked":["Headbutt+1","Pommel Strike+1"],"picked":"Cleave+1","floor":47.0},{"not_picked":["Battle Trance+1","Armaments+1"],"picked":"Inflame+1","floor":48.0},{"not_picked":["Headbutt+1","Metallicize+1"],"picked":"Offering","floor":54.0}],"player_experience":155418,"relics_obtained":[{"floor":7.0,"key":"Peace Pipe"},{"floor":9.0,"key":"Molten Egg 2"},{"floor":10.0,"key":"Bottled Lightning"},{"floor":13.0,"key":"MealTicket"},{"floor":19.0,"key":"Necronomicon"},{"floor":23.0,"key":"Oddly Smooth Stone"},{"floor":26.0,"key":"Frozen Egg 2"},{"floor":29.0,"key":"Smiling Mask"},{"floor":44.0,"key":"InkBottle"},{"floor":54.0,"key":"Kunai"}],"event_choices":[{"damage_healed":0.0,"max_hp_gain":5.0,"max_hp_loss":0.0,"gold_gain":0.0,"event_name":"Big Fish","player_choice":"Donut","floor":6.0,"gold_loss":0.0,"damage_taken":0.0},{"damage_healed":0.0,"max_hp_gain":0.0,"max_hp_loss":0.0,"gold_gain":0.0,"cards_transformed":["Defend_R"],"event_name":"Transmorgrifier","player_choice":"Transformed","floor":8.0,"gold_loss":0.0,"damage_taken":0.0,"cards_obtained":["Immolate"]},{"damage_healed":0.0,"max_hp_gain":0.0,"max_hp_loss":0.0,"gold_gain":0.0,"event_name":"Cursed Tome","player_choice":"Obtained Book","floor":19.0,"gold_loss":0.0,"damage_taken":16.0},{"cards_removed":["Strike_R"],"damage_healed":0.0,"max_hp_gain":0.0,"max_hp_loss":0.0,"gold_gain":0.0,"event_name":"Beggar","player_choice":"Gave Gold","floor":25.0,"gold_loss":75.0,"damage_taken":0.0},{"damage_healed":0.0,"max_hp_gain":0.0,"max_hp_loss":0.0,"gold_gain":0.0,"event_name":"Addict","player_choice":"Obtained Relic","floor":28.0,"gold_loss":85.0,"damage_taken":0.0,"relics_obtained":["Ornamental Fan"]},{"damage_healed":0.0,"max_hp_gain":0.0,"max_hp_loss":0.0,"gold_gain":0.0,"event_name":"Duplicator","player_choice":"Copied","floor":31.0,"gold_loss":0.0,"damage_taken":0.0,"cards_obtained":["Fiend Fire"]},{"damage_healed":0.0,"max_hp_gain":0.0,"max_hp_loss":0.0,"gold_gain":0.0,"event_name":"Upgrade Shrine","player_choice":"Upgraded","floor":39.0,"gold_loss":0.0,"damage_taken":0.0,"cards_upgraded":["Power Through"]}],"is_beta":false,"boss_relics":[{"not_picked":["Runic Pyramid","Cursed Key"],"picked":"Velvet Choker"},{"not_picked":["Runic Dome","Runic Cube"],"picked":"Mark of Pain"}],"items_purged_floors":[4,36],"is_endless":false,"potions_floor_spawned":[3,5,13,16,21,23,30,35,38,42,45],"killed_by":"The Heart","ascension_level":5}}