{"host":"09czk7ltaree238n","time":1608825774,"event":{"mods":["AchievementEnabler","BaseMod","Colored Map","Colored Powertips","Minty Spire (QoL Compilation)","Quick Restart"],"gold_per_floor":[114,134,152,162,174,174,205,226,226,226,226,236,250,269,269,366,366,383,383,395,422,453,465,477,477],"floor_reached":24,"playtime":1017,"items_purged":[],"score":289,"play_id":"840cfe87-1716-4360-bcf5-5f519d2eef54","local_time":"20201224160254","is_ascension_mode":true,"campfire_choices":[{"floor":6.0,"key":"REST"},{"floor":10.0,"key":"REST"},{"floor":15.0,"key":"REST"}],"circlet_count":0,"master_deck":["Strike_R","Strike_R","Strike_R","Defend_R","Defend_R","Defend_R","Bash","Heavy Blade","Uppercut+1","Sword Boomerang","Armaments","Reckless Charge","Rampage","Anger","Clash","Flame Barrier","Hemokinesis","Demon Form","Demon Form+1","Corruption+1","Cleave+1","Dual Wield+1","Writhe","Rage+1","Warcry"],"relics":["Burning Blood","Art of War","Odd Mushroom","Matryoshka","Astrolabe","MawBank","MutagenicStrength"],"acts_visited":["Exordium","TheCity"],"potions_floor_usage":[23],"damage_taken":[{"damage":9.0,"enemies":"2 Louse","floor":1.0,"turns":3.0},{"damage":0.0,"enemies":"Small Slimes","floor":2.0,"turns":3.0},{"damage":1.0,"enemies":"Cultist","floor":3.0,"turns":3.0},{"damage":14.0,"enemies":"Looter","floor":4.0,"turns":3.0},{"damage":41.0,"enemies":"Exordium Thugs","floor":5.0,"turns":5.0},{"damage":41.0,"enemies":"Lagavulin","floor":7.0,"turns":6.0},{"damage":25.0,"enemies":"The Mushroom Lair","floor":8.0,"turns":4.0},{"damage":15.0,"enemies":"Large Slime","floor":12.0,"turns":6.0},{"damage":6.0,"enemies":"Looter","floor":13.0,"turns":2.0},{"damage":21.0,"enemies":"Lots of Slimes","floor":14.0,"turns":3.0},{"damage":32.0,"enemies":"The Guardian","floor":16.0,"turns":14.0},{"damage":22.0,"enemies":"Spheric Guardian","floor":18.0,"turns":4.0},{"damage":32.0,"enemies":"Shell Parasite","floor":21.0,"turns":6.0},{"damage":19.0,"enemies":"Shelled Parasite and Fungi","floor":22.0,"turns":5.0},{"damage":0,"enemies":"Gremlin Leader","floor":23,"turns":1},{"damage":45,"enemies":"Cultist and Chosen","floor":24,"turns":5}],"seed_played":"8240126629611816642","potions_obtained":[{"floor":4.0,"key":"Fruit Juice"},{"floor":5.0,"key":"SmokeBomb"},{"floor":8.0,"key":"Swift Potion"},{"floor":13.0,"key":"Dexterity Potion"},{"floor":16.0,"key":"Block Potion"},{"floor":18.0,"key":"ColorlessPotion"},{"floor":22.0,"key":"Weak Potion"}],"is_trial":false,"path_per_floor":["M","M","M","M","M","R","E","?","T","R","?","M","M","M","R","B",null,"M","?","?","M","M","E","M"],"character_chosen":"IRONCLAD","items_purchased":[],"campfire_rested":3,"item_purchase_floors":[],"current_hp_per_floor":[77,83,88,85,50,77,42,23,23,50,50,41,41,26,53,27,77,61,61,61,35,22,28,0,0],"gold":477,"neow_bonus":"TEN_PERCENT_HP_BONUS","is_daily":false,"chose_seed":false,"campfire_upgraded":0,"win_rate":0.0,"timestamp":1608825774,"path_taken":["M","M","M","M","M","R","E","?","T","R","?","?","M","M","R","BOSS","M","?","?","M","?","E","M"],"items_purchased_type":[],"build_version":"2020-12-22","purchased_purges":0,"victory":false,"max_hp_per_floor":[88,88,88,93,93,93,93,93,93,93,93,93,93,93,93,93,93,93,93,93,93,93,93,93,93],"card_choices":[{"not_picked":["Havoc","True Grit"],"picked":"Heavy Blade","floor":1.0},{"not_picked":["True Grit","Heavy Blade"],"picked":"Uppercut","floor":2.0},{"not_picked":["True Grit","Rupture"],"picked":"Sword Boomerang","floor":3.0},{"not_picked":["Heavy Blade","Feel No Pain"],"picked":"Armaments","floor":4.0},{"not_picked":["Thunderclap","Heavy Blade"],"picked":"Reckless Charge","floor":5.0},{"not_picked":["Armaments","Headbutt"],"picked":"Rampage","floor":7.0},{"not_picked":["Armaments","Iron Wave"],"picked":"Anger","floor":8.0},{"not_picked":["Whirlwind","Anger"],"picked":"Clash","floor":12.0},{"not_picked":["Clothesline","Thunderclap"],"picked":"Flame Barrier","floor":13.0},{"not_picked":["Reckless Charge","Feel No Pain"],"picked":"Hemokinesis","floor":14.0},{"not_picked":["Exhume","Reaper"],"picked":"Demon Form","floor":16.0},{"not_picked":["Armaments","True Grit+1"],"picked":"Dual Wield+1","floor":18.0},{"not_picked":["Headbutt","Power Through+1"],"picked":"Rage+1","floor":21.0},{"not_picked":["Pommel Strike+1","Inflame"],"picked":"Warcry","floor":22.0}],"player_experience":201344,"relics_obtained":[{"floor":7.0,"key":"Art of War"},{"floor":8.0,"key":"Odd Mushroom"},{"floor":9.0,"key":"Matryoshka"}],"event_choices":[{"damage_healed":0.0,"max_hp_gain":0.0,"max_hp_loss":0.0,"gold_gain":0.0,"event_name":"Mushrooms","player_choice":"Fought Mushrooms","floor":8.0,"gold_loss":0.0,"damage_taken":0.0},{"damage_healed":0.0,"max_hp_gain":0.0,"max_hp_loss":0.0,"gold_gain":0.0,"event_name":"Accursed Blacksmith","player_choice":"Forge","floor":11.0,"gold_loss":0.0,"damage_taken":0.0,"cards_upgraded":["Uppercut"]},{"damage_healed":0.0,"max_hp_gain":0.0,"max_hp_loss":0.0,"gold_gain":0.0,"event_name":"The Mausoleum","player_choice":"Opened","floor":19.0,"gold_loss":0.0,"damage_taken":0.0,"relics_obtained":["MawBank"],"cards_obtained":["Writhe"]},{"damage_healed":0.0,"max_hp_gain":0.0,"max_hp_loss":0.0,"gold_gain":0.0,"event_name":"Drug Dealer","player_choice":"Inject Mutagens","floor":20.0,"gold_loss":0.0,"damage_taken":0.0,"relics_obtained":["MutagenicStrength"]}],"is_beta":false,"boss_relics":[{"not_picked":["Coffee Dripper","Sozu"],"picked":"Astrolabe"}],"items_purged_floors":[],"is_endless":false,"potions_floor_spawned":[4,5,8,13,16,18,22],"killed_by":"Cultist and Chosen","ascension_level":6}}