{"host":"i1ibt4vxe0effuru","time":1608779573,"event":{"mods":["AchievementEnabler","BaseMod","Card Forge","Minty Spire (QoL Compilation)","Quick Restart","Shop Mod","StSLib"],"gold_per_floor":[110,110,110,110,127,162,174,208,285,319,335,386,397,409,409,514,514,526,526,526,526,538,538,567,567,567,567,412,412,256,286,286,385,385,403,403,416,416,427,457,457,490,517,531,565,565,565,10,10,10],"floor_reached":51,"playtime":852,"items_purged":[],"score":2072,"play_id":"88568c52-f2cc-43ec-9c50-cd3d1dcb9ff2","local_time":"20201224131253","is_ascension_mode":true,"campfire_choices":[{"floor":15,"key":"DIG"},{"floor":23,"key":"DIG"},{"floor":25,"key":"DIG"},{"floor":27,"key":"DIG"},{"floor":32,"key":"DIG"},{"floor":41,"key":"DIG"},{"floor":46,"key":"DIG"},{"floor":49,"key":"DIG"}],"circlet_count":0,"master_deck":["AscendersBane","Concentrate+1","Reflex+1","Prepared+1","Tactician+1","Skewer+1"],"relics":["Ring of the Snake","Hammer of Thor","Seething Fire","Anvil of the Gods","Shovel","Oddly Smooth Stone","Toxic Egg 2","Letter Opener","Potion Belt","Art of War","Sozu","MutagenicStrength","Paper Crane","Pantograph","Nunchaku","Sundial","Happy Flower","Smiling Mask","Medical Kit","NlothsMask","Omamori","Singing Bowl","Kunai","HoveringKite","Regal Pillow","Prayer Wheel","MealTicket","Bottled Flame","Vajra","Shuriken","Tingsha"],"acts_visited":["Exordium","TheCity","TheBeyond"],"potions_floor_usage":[],"damage_taken":[{"damage":0,"enemies":"Cultist","floor":1,"turns":1},{"damage":0,"enemies":"Jaw Worm","floor":5,"turns":1},{"damage":0,"enemies":"3 Sentries","floor":6,"turns":1},{"damage":0,"enemies":"2 Louse","floor":7,"turns":1},{"damage":0,"enemies":"Gremlin Nob","floor":8,"turns":1},{"damage":0,"enemies":"Lagavulin","floor":10,"turns":1},{"damage":0,"enemies":"2 Fungi Beasts","floor":11,"turns":1},{"damage":0,"enemies":"Blue Slaver","floor":13,"turns":1},{"damage":0,"enemies":"Looter","floor":14,"turns":1},{"damage":0,"enemies":"The Guardian","floor":16,"turns":1},{"damage":0,"enemies":"2 Thieves","floor":18,"turns":1},{"damage":0,"enemies":"Spheric Guardian","floor":22,"turns":1},{"damage":0,"enemies":"Slavers","floor":24,"turns":1},{"damage":0,"enemies":"Gremlin Leader","floor":31,"turns":1},{"damage":0,"enemies":"Champ","floor":33,"turns":1},{"damage":0,"enemies":"3 Darklings","floor":35,"turns":1},{"damage":16,"enemies":"3 Shapes","floor":37,"turns":1},{"damage":0,"enemies":"3 Darklings","floor":39,"turns":1},{"damage":0,"enemies":"Reptomancer","floor":40,"turns":1},{"damage":0,"enemies":"Giant Head","floor":42,"turns":1},{"damage":0,"enemies":"Writhing Mass","floor":44,"turns":1},{"damage":0,"enemies":"Reptomancer","floor":45,"turns":1},{"damage":0,"enemies":"Donu and Deca","floor":50,"turns":1}],"seed_played":"8666706726977917417","potions_obtained":[{"floor":0,"key":"Fire Potion"},{"floor":0,"key":"EntropicBrew"}],"is_trial":false,"path_per_floor":["M","?","?","$","M","E","M","E","T","E","M","T","M","M","R","B",null,"M","?","?","T","M","R","E","R","T","R","$","?","$","E","R","B",null,"M","?","M","?","M","E","R","E","T","M","E","R","?","$","R","B",null],"character_chosen":"THE_SILENT","items_purchased":["Medical Kit","Omamori","Shuriken","Tingsha"],"campfire_rested":0,"item_purchase_floors":[28,30,48,48],"current_hp_per_floor":[63,63,60,60,60,60,60,60,60,60,60,60,60,60,60,60,68,68,68,68,68,68,68,68,68,68,68,68,68,68,68,68,70,70,70,70,54,70,70,70,70,70,70,70,70,70,70,70,70,70],"gold":10,"neow_bonus":"THREE_SMALL_POTIONS","is_daily":false,"chose_seed":false,"campfire_upgraded":0,"win_rate":0.0,"timestamp":1608779573,"path_taken":["M","?","?","$","M","E","M","E","T","E","M","?","M","M","R","BOSS","M","?","?","?","M","R","E","R","T","R","?","?","$","E","R","BOSS","M","?","M","?","M","E","R","E","T","M","E","R","?","$","R","BOSS"],"items_purchased_type":["Relic","Relic","Relic","Relic"],"build_version":"2020-12-22","purchased_purges":0,"victory":true,"max_hp_per_floor":[70,70,70,70,70,70,70,70,70,70,70,70,70,70,70,70,70,70,70,70,70,70,70,70,70,70,70,70,70,70,70,70,70,70,70,70,70,70,70,70,70,70,70,70,70,70,70,70,70,70],"card_choices":[{"not_picked":["Infinite Blades","Escape Plan","Bouncing Flask"],"picked":"SKIP","floor":1},{"not_picked":["Expertise","Concentrate","Leg Sweep"],"picked":"SKIP","floor":5},{"not_picked":["PiercingWail","Predator","Leg Sweep"],"picked":"SKIP","floor":6},{"not_picked":["Blade Dance","Endless Agony","Flying Knee"],"picked":"SKIP","floor":7},{"not_picked":["Grand Finale","Slice","Backstab"],"picked":"SKIP","floor":8},{"not_picked":["Prepared+1","Reflex+1","Riddle With Holes"],"picked":"SKIP","floor":10},{"not_picked":["PiercingWail+1","Poisoned Stab","Crippling Poison+1"],"picked":"SKIP","floor":11},{"not_picked":["Prepared+1","Cloak And Dagger+1","Flying Knee"],"picked":"SKIP","floor":13},{"not_picked":["Slice","Distraction+1","Terror+1"],"picked":"SKIP","floor":14},{"not_picked":["Slice+1","Poisoned Stab","Concentrate+1"],"picked":"SKIP","floor":18},{"not_picked":["Well Laid Plans","Terror+1","Catalyst+1"],"picked":"SKIP","floor":22},{"not_picked":["Acrobatics+1","Corpse Explosion+1","Dash"],"picked":"SKIP","floor":24},{"not_picked":["Poisoned Stab+1","Flying Knee","Night Terror+1"],"picked":"SKIP","floor":31},{"not_picked":["Underhanded Strike","Outmaneuver+1","Bane"],"picked":"SKIP","floor":35},{"not_picked":["Underhanded Strike","Outmaneuver+1","Adrenaline+1"],"picked":"SKIP","floor":37},{"not_picked":["Well Laid Plans","Finisher","Backflip+1"],"picked":"SKIP","floor":39},{"not_picked":["Prepared+1","Backstab+1","Noxious Fumes+1"],"picked":"SKIP","floor":40},{"not_picked":["Underhanded Strike+1","Accuracy","Footwork"],"picked":"SKIP","floor":42},{"not_picked":["Dagger Spray+1","Dodge and Roll+1","Distraction+1"],"picked":"SKIP","floor":44},{"not_picked":["Infinite Blades","Acrobatics+1","Blade Dance+1"],"picked":"SKIP","floor":44},{"not_picked":["Wraith Form v2","Deadly Poison+1","Poisoned Stab"],"picked":"SKIP","floor":45}],"player_experience":163650,"relics_obtained":[{"floor":6,"key":"Oddly Smooth Stone"},{"floor":8,"key":"Toxic Egg 2"},{"floor":10,"key":"Letter Opener"},{"floor":12,"key":"Potion Belt"},{"floor":15,"key":"Art of War"},{"floor":21,"key":"Paper Crane"},{"floor":23,"key":"Pantograph"},{"floor":24,"key":"Nunchaku"},{"floor":25,"key":"Sundial"},{"floor":26,"key":"Happy Flower"},{"floor":27,"key":"Smiling Mask"},{"floor":31,"key":"Singing Bowl"},{"floor":32,"key":"Kunai"},{"floor":40,"key":"Regal Pillow"},{"floor":41,"key":"Prayer Wheel"},{"floor":42,"key":"MealTicket"},{"floor":45,"key":"Bottled Flame"},{"floor":46,"key":"Vajra"}],"event_choices":[{"damage_healed":0,"gold_gain":0,"player_choice":"Ignored","damage_taken":0,"max_hp_gain":0,"max_hp_loss":0,"event_name":"Shining Light","floor":2,"gold_loss":0},{"damage_healed":0,"gold_gain":0,"player_choice":"Success","damage_taken":3,"relics_obtained":["Shovel"],"max_hp_gain":0,"max_hp_loss":0,"event_name":"Scrap Ooze","floor":3,"gold_loss":0},{"damage_healed":0,"gold_gain":0,"player_choice":"Ignored","damage_taken":0,"max_hp_gain":0,"max_hp_loss":0,"event_name":"Ghosts","floor":19,"gold_loss":0},{"damage_healed":0,"gold_gain":0,"player_choice":"Inject Mutagens","damage_taken":0,"relics_obtained":["MutagenicStrength"],"max_hp_gain":0,"max_hp_loss":0,"event_name":"Drug Dealer","floor":20,"gold_loss":0},{"damage_healed":0,"gold_gain":0,"player_choice":"Trade","damage_taken":0,"relics_obtained":["NlothsMask"],"max_hp_gain":0,"max_hp_loss":0,"event_name":"FaceTrader","floor":29,"gold_loss":0},{"damage_healed":0,"gold_gain":0,"player_choice":"Ignored","damage_taken":0,"max_hp_gain":0,"max_hp_loss":0,"event_name":"Tomb of Lord Red Mask","floor":36,"gold_loss":0},{"damage_healed":18,"gold_gain":0,"player_choice":"Writhe","damage_taken":0,"max_hp_gain":0,"max_hp_loss":0,"event_name":"Winding Halls","floor":38,"gold_loss":0,"cards_obtained":["Writhe"]},{"damage_healed":0,"gold_gain":0,"player_choice":"Memory 1","damage_taken":0,"max_hp_gain":0,"max_hp_loss":0,"event_name":"SensoryStone","floor":47,"gold_loss":0}],"is_beta":false,"boss_relics":[{"not_picked":["Empty Cage","Snecko Eye"],"picked":"Sozu"},{"not_picked":["Cursed Key","Pandora\u0027s Box"],"picked":"HoveringKite"}],"items_purged_floors":[],"is_endless":false,"potions_floor_spawned":[6,8,10,11,16,22,31,33,35,37],"ascension_level":12}}