{"host":"bhj73plqr6q46rek","time":1608798913,"event":{"mods":["2.2 Compatiblity","Abigail Mod","Aspiration","BaseMod","Better Third Choice","BetterRewards","CapriCore","Conspire","Downfall","Energized Spire","Friendly Minions","GungeonMod","Halation","HololiveMod","Hubris","Infinite Spire","KinomotoSakuraMod(ñÿîVñ{?)","KiyohimeÅiê¥?Åj","Koishi","KomeijiMod","Lobotomy","LobotomyExtend","Minty Spire (QoL Compilation)","Prisma Mod","Relic Sorter","StSLib","The Alterego","The Immortal","TheSwordswoman","TheVelvet"],"gold_per_floor":[80,180,197,211,237,237,200,237,307,160,174,193,206,244,244,355,355,355,372,372,397,420,420,438,438,438,455,561,486,499,544,544,652,652,669,669,669,689,713,713,739,761,761,779,779,814,814,827,827,937,937,940,940,942,646,650,662,685,685,711,711,711,720,740,746,746,826,826,824,839,839,839,865,865,884,625,625,623,623,629,645,648,648,724,724,724,724,725,713,715,716,716,725,725,720,737,737,734,733,733,695,695],"floor_reached":101,"playtime":6079,"items_purged":[],"score":2154,"play_id":"4fa879f6-c309-4a88-9c25-14ddb598c255","local_time":"20201224093513","is_ascension_mode":false,"campfire_choices":[{"data":"Hololive_CallShishiroBotan","floor":6.0,"key":"SMITH"},{"data":"Hololive_CallAkiRosenthal","floor":15.0,"key":"SMITH"},{"data":"Hololive_Rebirth","floor":23.0,"key":"SMITH"},{"data":"Hololive_CallShirakamiFubuki","floor":32.0,"key":"SMITH"},{"data":"Hololive_DDD","floor":40.0,"key":"SMITH"},{"data":"Parasite","floor":45.0,"key":"SMITH"},{"data":"Hololive_CallOmaruPolka","floor":49.0,"key":"SMITH"},{"data":"Hololive_DurableLive","floor":59.0,"key":"SMITH"},{"data":"Hololive_Thief","floor":61.0,"key":"SMITH"},{"data":"Hololive_CallTsunomakiWatame","floor":66.0,"key":"SMITH"},{"floor":66.0,"key":"RECALL"},{"data":"Shame","floor":74.0,"key":"SMITH"},{"data":"Hololive_CallInugamiKorone","floor":74.0,"key":"SMITH"},{"data":"Hololive_CallHimemoriLuna","floor":79.0,"key":"SMITH"},{"data":"Hololive_CallOkamiMio","floor":79.0,"key":"SMITH"},{"data":"Hololive_CallHoshimachiSuisei","floor":83.0,"key":"SMITH"},{"data":"Hololive_CallManoAloe","floor":83.0,"key":"SMITH"},{"data":"Hololive_CallUsadaPekora","floor":92,"key":"SMITH"},{"data":"Hololive_CallShiranuiFlare","floor":92,"key":"SMITH"},{"data":"Hololive_CallYozoraMel","floor":100,"key":"SMITH"},{"data":"Hololive_CallYogiri","floor":100,"key":"SMITH"}],"circlet_count":0,"master_deck":["Hololive_CallMinatoAqua","Hololive_CallUsadaPekora+1","Hololive_CallMurasakiShion","Hololive_CallShiranuiFlare+1","Hololive_CallSpadeEcho+1","Hololive_Breathe","Hololive_Defend+1","Hololive_StrengthChampion+1","Hololive_CallShishiroBotan+1","Hololive_CallAkiRosenthal+1","Hololive_CallNatsuiroMatsuri","Hololive_CallAiraniIofifteen","Hololive_Rebirth+1","Hololive_FlyingPonyTail+1","Hololive_CallShirakamiFubuki+1","Hololive_CallCivia+1","Hololive_CallAyundaRisu","Hololive_CallYogiri+1","Hololive_DDD+1","Hololive_DDD","Hololive_CallKiryuuCoco+1","Hololive_MaximGun+1","Hololive_CallHoshimachiSuisei+1","Hololive_CallNekomataOkayu+1","Hololive_CallRosalyn+1","Hololive_CallOmaruPolka+1","Hololive_Thief+2","Hololive_CallOkamiMio+1","Hololive_CallManoAloe+1","Hololive_CallHimemoriLuna+1","Hololive_DurableLive+1","Hololive_CallTsunomakiWatame+1","Hololive_CallInugamiKorone+1","Hololive_CallAZKi+1","Hololive_CallMomosuzuNene+5","Hololive_CallArtia+1","Hololive_CallYozoraMel+1"],"relics":["Hololive_TheStar","DemoMod:PoisonVial","halation:PinkSoulGem","CaptainsWheel","NeowsBlessing","LetterFromLob","hubris:DisguiseKit","halation:PrussianBluePaint","aspiration:RitualStick","hubris:Towel","Pantograph","StoneCalendar","conspire:Dentures","PreservedInsect","hubris:SlimyHat","conspire:InfiniteJournal","FossilizedHelix","DemoMod:GlassGuonStoneRelic","Anchor","ClockworkSouvenir","Mercury Hourglass","Oddly Smooth Stone","halation:PenCase","Philosopher\u0027s Stone","conspire:TopHat","infinitespire:PuzzleCube","Matryoshka","aspiration:FrozenJewel","Whetstone","Bag of Preparation","War Paint","Potion Belt","halation:TwoAmDonut","Juzu Bracelet"],"acts_visited":["Exordium","TheCity","TheBeyond","Exordium","TheCity","TheBeyond"],"potions_floor_usage":[],"damage_taken":[{"damage":0.0,"enemies":"Small Slimes","floor":1.0,"turns":1.0},{"damage":0.0,"enemies":"Cultist","floor":3.0,"turns":1.0},{"damage":0.0,"enemies":"2 Louse","floor":4.0,"turns":1.0},{"damage":0.0,"enemies":"Large Slime","floor":5.0,"turns":7.0},{"damage":0.0,"enemies":"3 Sentries","floor":8.0,"turns":7.0},{"damage":0.0,"enemies":"Looter","floor":11.0,"turns":2.0},{"damage":0.0,"enemies":"3 Louse","floor":12.0,"turns":2.0},{"damage":0.0,"enemies":"Exordium Wildlife","floor":13.0,"turns":3.0},{"damage":0.0,"enemies":"Gremlin Nob","floor":14.0,"turns":3.0},{"damage":0.0,"enemies":"Slime Boss","floor":16.0,"turns":3.0},{"damage":0.0,"enemies":"Spheric Guardian","floor":19.0,"turns":3.0},{"damage":0.0,"enemies":"Chosen","floor":21.0,"turns":3.0},{"damage":0.0,"enemies":"Centurion and Healer","floor":22.0,"turns":6.0},{"damage":0.0,"enemies":"Cultist and Chosen","floor":24.0,"turns":3.0},{"damage":0.0,"enemies":"Snecko","floor":27.0,"turns":4.0},{"damage":0.0,"enemies":"Colosseum Slavers","floor":28.0,"turns":4.0},{"damage":0.0,"enemies":"Colosseum Nobs","floor":28.0,"turns":3.0},{"damage":0.0,"enemies":"Centurion and Healer","floor":30.0,"turns":7.0},{"damage":0.0,"enemies":"Nightmare","floor":31.0,"turns":6.0},{"damage":0.0,"enemies":"hubris:MusketHawk","floor":33.0,"turns":6.0},{"damage":0.0,"enemies":"Orb Walker","floor":35.0,"turns":3.0},{"damage":0.0,"enemies":"3 Shapes","floor":38.0,"turns":4.0},{"damage":0.0,"enemies":"3 Darklings","floor":39.0,"turns":7.0},{"damage":0.0,"enemies":"Nightmare","floor":41.0,"turns":5.0},{"damage":0.0,"enemies":"Sphere and 2 Shapes","floor":42.0,"turns":4.0},{"damage":0.0,"enemies":"Writhing Mass","floor":44.0,"turns":4.0},{"damage":0.0,"enemies":"Reptomancer","floor":46.0,"turns":5.0},{"damage":1.0,"enemies":"Jaw Worm Horde","floor":48.0,"turns":5.0},{"damage":50.0,"enemies":"conspire:OrnateMirror","floor":50.0,"turns":12.0},{"damage":0.0,"enemies":"Jaw Worm","floor":52.0,"turns":2.0},{"damage":0.0,"enemies":"2 Louse","floor":54.0,"turns":2.0},{"damage":0.0,"enemies":"Cultist","floor":56.0,"turns":2.0},{"damage":0.0,"enemies":"Looter","floor":57.0,"turns":2.0},{"damage":0.0,"enemies":"3 Sentries","floor":58.0,"turns":3.0},{"damage":0.0,"enemies":"2 Fungi Beasts","floor":63.0,"turns":2.0},{"damage":0.0,"enemies":"Lagavulin","floor":64.0,"turns":3.0},{"damage":0.0,"enemies":"3 Louse","floor":65.0,"turns":1.0},{"damage":0.0,"enemies":"The Guardian","floor":67.0,"turns":5.0},{"damage":0.0,"enemies":"Spheric Guardian","floor":69.0,"turns":2.0},{"damage":0.0,"enemies":"3 Byrds","floor":70.0,"turns":3.0},{"damage":0.0,"enemies":"Slavers","floor":75.0,"turns":3.0},{"damage":0.0,"enemies":"Cultist and Chosen","floor":78.0,"turns":4.0},{"damage":0.0,"enemies":"Shelled Parasite and Fungi","floor":80.0,"turns":3.0},{"damage":0.0,"enemies":"Sentry and Sphere","floor":81.0,"turns":3.0},{"damage":0.0,"enemies":"Centurion and Healer","floor":82.0,"turns":5.0},{"damage":0.0,"enemies":"conspire:MysteriousRune","floor":84.0,"turns":6.0},{"damage":0,"enemies":"3 Darklings","floor":86,"turns":3},{"damage":0,"enemies":"3 Shapes","floor":88,"turns":3},{"damage":0,"enemies":"3 Shapes","floor":89,"turns":2},{"damage":0,"enemies":"Transient","floor":90,"turns":5},{"damage":0,"enemies":"Nemesis","floor":91,"turns":5},{"damage":0,"enemies":"Giant Head","floor":93,"turns":6},{"damage":0,"enemies":"Maw","floor":95,"turns":4},{"damage":0,"enemies":"conspire:MimicChest","floor":96,"turns":3},{"damage":0,"enemies":"Jaw Worm Horde","floor":98,"turns":3},{"damage":0,"enemies":"Transient","floor":99,"turns":5},{"damage":70,"enemies":"conspire:OrnateMirror","floor":101,"turns":7}],"seed_played":"-2729016432223992169","potions_obtained":[{"floor":1.0,"key":"Weak Potion"},{"floor":8.0,"key":"DemoMod:LeadSkinPotion"},{"floor":12.0,"key":"DemoMod:LeadSkinPotion"},{"floor":14.0,"key":"conspire:TimeTravelPotion"},{"floor":41.0,"key":"hexamod:EctoCoolerPotion"},{"floor":50.0,"key":"Swift Potion"},{"floor":54.0,"key":"DuplicationPotion"},{"floor":58.0,"key":"ColorlessPotion"},{"floor":99,"key":"Explosive Potion"}],"is_trial":false,"path_per_floor":["M","?","M","M","M","R","$","E","T","$","M","M","M","E","R","B",null,"M","M","?","M","M","R","M","?","T","M","?","?","M","NM","R","B",null,"M","?","?","M","M","R","NM","M","T","M","R","E","?","M","R","B",null,"M","?","M","$","M","M","E","R","T","R","?","M","E","M","R","B",null,"M","M","?","?","T","R","E","$","T","M","R","M","M","M","R","B",null,"M","?","M","?","M","E","R","E","T","M","?","?","M","M","R","B"],"character_chosen":"Hololive_HololiveCharacter","items_purchased":["Hololive_CallAkiRosenthal","halation:PrussianBluePaint","Anchor","ClockworkSouvenir","Matryoshka"],"campfire_rested":0,"item_purchase_floors":[7,10,55,55,76],"current_hp_per_floor":[35,35,35,35,35,35,35,35,35,35,36,37,38,39,39,40,40,40,41,33,34,35,35,36,36,36,37,39,39,40,41,41,50,50,51,51,51,52,53,53,54,55,55,56,53,54,54,54,54,26,56,57,67,67,67,67,67,67,67,67,67,67,67,67,67,67,67,67,67,67,67,67,67,67,67,67,67,67,67,67,67,67,67,67,67,67,67,67,67,67,67,67,67,67,67,67,67,67,67,67,0,0],"gold":695,"neow_bonus":"THREE_ENEMY_KILL","is_daily":false,"chose_seed":false,"campfire_upgraded":20,"win_rate":0.0,"timestamp":1608798913,"path_taken":["M","?","?","M","M","R","$","E","T","?","M","M","M","E","R","BOSS","M","M","?","M","M","R","M","?","T","M","?","?","M","NM","R","BOSS","M","?","?","M","M","R","NM","M","T","M","R","E","?","M","R","BOSS","M","?","?","?","M","M","E","R","T","R","?","M","E","M","R","BOSS","M","M","?","?","?","R","E","$","T","M","R","M","M","M","R","BOSS","M","?","M","?","M","E","R","E","T","?","?","?","M","M","R","BOSS"],"items_purchased_type":["Card","Relic","Relic","Relic","Relic"],"build_version":"2020-12-22","purchased_purges":0,"victory":false,"max_hp_per_floor":[35,35,35,35,35,35,35,35,35,35,36,37,38,39,39,40,40,40,41,41,42,43,43,44,44,44,45,47,47,48,49,49,50,50,51,51,51,52,53,53,54,55,55,56,53,54,54,55,55,56,56,57,67,67,67,67,67,67,67,67,67,67,67,67,67,67,67,67,67,67,67,67,67,67,67,67,67,67,67,67,67,67,67,67,67,67,67,67,67,67,67,67,67,67,67,67,67,67,67,67,67,67],"card_choices":[{"not_picked":["Hololive_Trident","Hololive_CocoNews","Hololive_Yoholoon"],"picked":"Hololive_StrengthChampion","floor":1.0},{"not_picked":["Hololive_CallSpadeEcho","Hololive_Trident","Hololive_Sequa","Hololive_Drill"],"picked":"SKIP","floor":3.0},{"not_picked":["Hololive_HuntDinosaur","Hololive_CallMinatoAqua","Hololive_LuckPotion"],"picked":"Hololive_CallShishiroBotan","floor":4.0},{"not_picked":["Hololive_CocoNews","Hololive_RevenueBasedLive","Hololive_StrengthChampion","Hololive_LuckPotion"],"picked":"SKIP","floor":5.0},{"not_picked":["Hololive_CocoNews","Hololive_CallShiranuiFlare","Hololive_FlyingPonyTail"],"picked":"Hololive_AWSL","floor":8.0},{"not_picked":["Hololive_BringToTrial","Hololive_Psychosis","Hololive_CallArtia","PrismaMod:ChloeExhaustTwo"],"picked":"Hololive_CallNatsuiroMatsuri","floor":11.0},{"not_picked":["Hololive_CallAkiRosenthal","Hololive_FlyingPonyTail","Hololive_LuckPotion","Hololive_BringToTrial","PrismaMod:ChloeCommonAOEAttack"],"picked":"SKIP","floor":12.0},{"not_picked":["Hololive_FlyingPonyTail","Hololive_CocoNews","Hololive_Breathe","Hololive_Psychosis","PrismaMod:ChloeDiscardRecovery"],"picked":"SKIP","floor":13.0},{"not_picked":["Hololive_RevenueBasedLive","Hololive_Trident","Hololive_OvertimeWork","PrismaMod:ChloeCommonAOEAttack"],"picked":"Hololive_CallAiraniIofifteen","floor":14.0},{"not_picked":["Hololive_OpenUp","Hololive_ASMR","Hololive_ScarfAndHalo","PrismaMod:ChloeReshuffleDiscard"],"picked":"Hololive_Rebirth","floor":16.0},{"not_picked":["Hololive_OvertimeWork+1","Hololive_Psychosis","Hololive_CallUsadaPekora","Hololive_StrengthChampion","PrismaMod:ChloeCheapDefend"],"picked":"SKIP","floor":19.0},{"not_picked":["Hololive_Breathe+1","Hololive_RevenueBasedLive","Hololive_CallNatsuiroMatsuri","PrismaMod:ChloeRhongomyniad"],"picked":"Hololive_FlyingPonyTail","floor":21.0},{"not_picked":["Hololive_FlyingPonyTail","Hololive_Drill","Hololive_HuntDinosaur","PrismaMod:ChloeCheapAttackTwo"],"picked":"Hololive_CallShirakamiFubuki","floor":22.0},{"not_picked":["Hololive_CallDoris","Hololive_Psychosis+1","Hololive_DiamondStrike","PrismaMod:ChloeCheapAttack"],"picked":"Hololive_CallCivia+1","floor":24.0},{"not_picked":["Hololive_Watashimo","Hololive_FlyingPonyTail","Hololive_Trident","Hololive_LuckPotion","PrismaMod:ChloeCheapAttack"],"picked":"SKIP","floor":27.0},{"not_picked":["Hololive_CallTokinoSora","Hololive_HuntDinosaur+1","Hololive_Drill","PrismaMod:ChloeUncommonAttack"],"picked":"Hololive_CallAyundaRisu","floor":30.0},{"not_picked":["Hololive_Breathe","Hololive_CallArtia+1","Hololive_OvertimeWork","PrismaMod:ChloeExhaustTwo"],"picked":"Hololive_CallYogiri","floor":31.0},{"not_picked":["Hololive_IdolExercise","Hololive_ASMR","Hololive_Thief","PrismaMod:ChloeAnyCommonTrace"],"picked":"Hololive_DDD","floor":33.0},{"not_picked":["Hololive_FlyingPonyTail","Hololive_CallHimemoriLuna+1","Hololive_HuntDinosaur+1","PrismaMod:ChloeCheapAttack"],"picked":"Hololive_DDD","floor":35.0},{"not_picked":["Hololive_Trident+1","Hololive_StrengthChampion+1","Hololive_Breathe+1","Hololive_FlyingPonyTail+1","PrismaMod:ChloeCheapAttack"],"picked":"SKIP","floor":38.0},{"not_picked":["Hololive_Breathe","Hololive_RevenueBasedLive+1","Hololive_DDD","PrismaMod:ChloeExhaustOne"],"picked":"Hololive_CallKiryuuCoco+1","floor":39.0},{"not_picked":["Hololive_CocoNews+1","Hololive_CallShirakamiFubuki+1","Hololive_Trident+1","PrismaMod:ChloeExhaustOne"],"picked":"Hololive_MaximGun","floor":41.0},{"not_picked":["Hololive_CocoNews+1","Hololive_Trident","Hololive_Psychosis+1","PrismaMod:ChloeExcalibur"],"picked":"Hololive_CallHoshimachiSuisei","floor":42.0},{"not_picked":["Hololive_Breathe+1","Hololive_Drill+1","Hololive_FlyingPonyTail","PrismaMod:ChloeRhongomyniad"],"picked":"Hololive_CallNekomataOkayu+1","floor":44.0},{"not_picked":["Hololive_Psychosis","Hololive_CallShishiroBotan+1","Hololive_Sequa+1","PrismaMod:ChloeExhaustOne"],"picked":"Hololive_CallRosalyn","floor":46.0},{"not_picked":["Hololive_Trident+1","Hololive_DevilCharm+1","Hololive_MaximGun","PrismaMod:ChloeEyeOfTheEuryale"],"picked":"Hololive_CallOmaruPolka","floor":48.0},{"not_picked":["Hololive_DurableLive","Hololive_Nanodesu","Hololive_AWSL","PrismaMod:ChloeAnyRareTrace"],"picked":"Hololive_Thief","floor":50.0},{"not_picked":["Hololive_CallMurasakiShion","Hololive_CallRosalyn","Hololive_Spy","PrismaMod:ChloeCaladbolg"],"picked":"Hololive_CallOkamiMio","floor":52.0},{"not_picked":["Hololive_CallAyundaRisu","Hololive_Trident","Hololive_Sequa","Hololive_Rebound","PrismaMod:ChloeCheapAttackTwo"],"picked":"SKIP","floor":54.0},{"not_picked":["Hololive_CocoNews","Hololive_CallMomosuzuNene","Hololive_Sequa","PrismaMod:ChloeExhaustOne"],"picked":"Hololive_CallManoAloe","floor":56.0},{"not_picked":["Hololive_CallAkaiHaato","Hololive_SummonFox","Hololive_LuckPotion","PrismaMod:ChloeGaeBolg"],"picked":"Hololive_CallHimemoriLuna","floor":57.0},{"not_picked":["Hololive_HuntDinosaur","Hololive_LuckPotion","Hololive_OvertimeWork","PrismaMod:ChloeExhaustOne"],"picked":"Hololive_DurableLive","floor":58.0},{"not_picked":["Hololive_Breathe","Hololive_Sequa","Hololive_Rebound","Hololive_FlyingPonyTail","PrismaMod:ChloeCheapDefend"],"picked":"SKIP","floor":63.0},{"not_picked":["Hololive_SummonFox","Hololive_OvertimeWork","Hololive_Sequa","Hololive_HuntDinosaur","PrismaMod:ChloeExhaustOne"],"picked":"SKIP","floor":64.0},{"not_picked":["Hololive_CocoNews","Hololive_Sequa","Hololive_HuntDinosaur","PrismaMod:ChloeChristmas"],"picked":"Hololive_CallTsunomakiWatame","floor":65.0},{"not_picked":["Hololive_CallKiryuuCoco","Hololive_CallRoboco","Hololive_CallMomosuzuNene","PrismaMod:ChloeExcalibur"],"picked":"Hololive_CallInugamiKorone","floor":69.0},{"not_picked":["Hololive_RevenueBasedLive","Hololive_LuckPotion+1","Hololive_ILoveYou","Hololive_CandyCastle","PrismaMod:ChloeExcalibur"],"picked":"SKIP","floor":70.0},{"not_picked":["Hololive_Psychosis+1","Hololive_Rebound","Hololive_CallFriendA","PrismaMod:ChloeCheapDefendTwo"],"picked":"Hololive_CallAZKi+1","floor":75.0},{"not_picked":["Hololive_CallUsadaPekora+1","Hololive_Trident+1","Hololive_CocoNews+1","Hololive_OvertimeWork","PrismaMod:ChloeGaeBolg"],"picked":"SKIP","floor":78.0},{"not_picked":["Hololive_RevenueBasedLive","Hololive_Rebound","Hololive_LuckPotion+1","Hololive_Trident","PrismaMod:ChloeDiscardRecovery"],"picked":"SKIP","floor":80.0},{"not_picked":["Hololive_CocoNews","Hololive_Breathe","Hololive_ManjiGathering","PrismaMod:ChloeCarnivalAOEAttack"],"picked":"Hololive_CallMomosuzuNene","floor":81.0},{"not_picked":["Hololive_HuntDinosaur+1","Hololive_Watashimo","Hololive_Psychosis","Hololive_Thief","PrismaMod:ChloeRitsuka"],"picked":"SKIP","floor":82.0},{"not_picked":["Hololive_OvertimeWork+1","Hololive_Psychosis","Hololive_CocoNews+1","Hololive_Rebound","PrismaMod:ChloeCheapAttackTwo"],"picked":"SKIP","floor":86},{"not_picked":["Hololive_Sequa","Hololive_HuntDinosaur","Hololive_CallAkiRosenthal","Hololive_FlyingPonyTail+1","PrismaMod:ChloeCheapDefend"],"picked":"SKIP","floor":88},{"not_picked":["Hololive_Rebound+1","Hololive_FlyingPonyTail+1","Hololive_Breathe+1","PrismaMod:ChloeMaid"],"picked":"Hololive_CallArtia+1","floor":90},{"not_picked":["Hololive_ScarfAndHalo","Hololive_HuntDinosaur+1","Hololive_FlyingPonyTail+1","Hololive_CocoNews","PrismaMod:ChloeReshuffleDiscard"],"picked":"SKIP","floor":91},{"not_picked":["Hololive_Rebound+1","Hololive_Drill+1","Hololive_Breathe+1","Hololive_FlyingPonyTail+1","PrismaMod:ChloeMordred"],"picked":"SKIP","floor":93},{"not_picked":["Hololive_Breathe","Hololive_Sequa+1","Hololive_StrengthChampion+1","Hololive_CallShiranuiFlare","PrismaMod:ChloeMordred"],"picked":"SKIP","floor":95},{"not_picked":["Hololive_CallUsadaPekora+1","Hololive_CallShirakamiFubuki","Hololive_CallOmaruPolka","Hololive_Psychosis+1","PrismaMod:ChloeCheapDefend"],"picked":"SKIP","floor":98},{"not_picked":["Hololive_HuntDinosaur+1","Hololive_Sequa+1","Hololive_Rebound+1","PrismaMod:ChloeCheapAttack"],"picked":"Hololive_CallYozoraMel","floor":99}],"player_experience":279237,"relics_obtained":[{"floor":1.0,"key":"LetterFromLob"},{"floor":8.0,"key":"DemoMod:PoisonVial"},{"floor":9.0,"key":"hubris:DisguiseKit"},{"floor":14.0,"key":"DemoMod:WeirdEgg"},{"floor":26.0,"key":"Pantograph"},{"floor":28.0,"key":"StoneCalendar"},{"floor":28.0,"key":"conspire:Dentures"},{"floor":31.0,"key":"PreservedInsect"},{"floor":41.0,"key":"hubris:SlimyHat"},{"floor":43.0,"key":"conspire:InfiniteJournal"},{"floor":46.0,"key":"FossilizedHelix"},{"floor":58.0,"key":"Mercury Hourglass"},{"floor":60.0,"key":"Oddly Smooth Stone"},{"floor":64.0,"key":"halation:PenCase"},{"floor":73.0,"key":"conspire:TopHat"},{"floor":75.0,"key":"infinitespire:PuzzleCube"},{"floor":77.0,"key":"aspiration:FrozenJewel"},{"floor":77.0,"key":"Whetstone"},{"floor":91,"key":"Bag of Preparation"},{"floor":93,"key":"War Paint"},{"floor":94,"key":"Potion Belt"},{"floor":94,"key":"halation:TwoAmDonut"},{"floor":96,"key":"Juzu Bracelet"}],"event_choices":[{"damage_healed":0.0,"max_hp_gain":0.0,"max_hp_loss":0.0,"gold_gain":100.0,"event_name":"Golden Shrine","player_choice":"Pray","floor":2.0,"gold_loss":0.0,"damage_taken":0.0},{"damage_healed":0.0,"max_hp_gain":0.0,"max_hp_loss":0.0,"gold_gain":0.0,"event_name":"Colosseum","player_choice":"Fight","floor":28.0,"gold_loss":0.0,"damage_taken":0.0},{"damage_healed":0.0,"max_hp_gain":0.0,"max_hp_loss":0.0,"gold_gain":0.0,"event_name":"Colosseum","player_choice":"Fought Nobs","floor":28.0,"gold_loss":0.0,"damage_taken":0.0},{"cards_removed":["Hololive_Strike"],"damage_healed":0.0,"max_hp_gain":0.0,"max_hp_loss":0.0,"gold_gain":0.0,"event_name":"Beggar","player_choice":"Gave Gold","floor":29.0,"gold_loss":75.0,"damage_taken":0.0},{"cards_removed":["Hololive_Strike"],"damage_healed":0.0,"max_hp_gain":0.0,"max_hp_loss":0.0,"gold_gain":0.0,"event_name":"Falling","player_choice":"Removed Attack","floor":37.0,"gold_loss":0.0,"damage_taken":0.0},{"cards_removed":["Hololive_AWSL"],"damage_healed":0.0,"max_hp_gain":10.0,"max_hp_loss":0.0,"gold_gain":0.0,"event_name":"Bonfire Elementals","player_choice":"Offered Rare","floor":53.0,"gold_loss":0.0,"damage_taken":0.0},{"damage_healed":0.0,"max_hp_gain":0.0,"max_hp_loss":0.0,"gold_gain":0.0,"event_name":"Upgrade Shrine","player_choice":"Upgraded","floor":62.0,"gold_loss":0.0,"damage_taken":0.0,"cards_upgraded":["Hololive_Thief"]},{"damage_healed":0,"gold_gain":0,"player_choice":"Leave","damage_taken":0,"max_hp_gain":0,"max_hp_loss":0,"event_name":"conspire:Investor","floor":87,"gold_loss":0},{"damage_healed":0,"gold_gain":0,"player_choice":"Bought 0 Potions","damage_taken":0,"max_hp_gain":0,"max_hp_loss":0,"event_name":"The Woman in Blue","floor":97,"gold_loss":0}],"is_beta":false,"boss_relics":[{"not_picked":["Pandora\u0027s Box","energizedSpire:CursedPentagram","halation:Yufonium"]},{"not_picked":["hubris:RunicObelisk","aspiration:PoetsPen_weak","energizedSpire:EnergizedDie"]},{"not_picked":["hubris:Stopwatch","energizedSpire:HugeHouse","energizedSpire:StickyHand"]},{"not_picked":["energizedSpire:SpiderWeb","Cursed Key"],"picked":"Philosopher\u0027s Stone"},{"not_picked":[]}],"items_purged_floors":[],"is_endless":true,"potions_floor_spawned":[1,8,12,14,16,22,24,27,39,41,42,44,46,50,54,58,64,65,69,70,80,86,89,93,96,99],"killed_by":"conspire:OrnateMirror","ascension_level":0}}