{"host":"mjau5a91be6b66g4","time":1608801433,"event":{"mods":["BaseMod","Minty Spire (QoL Compilation)","StSLib","The Animator","The Bug Knight","The Jungle"],"gold_per_floor":[110,110,110,125,144,178,178,195,195,205,205,224,241,257,257,357,357,367,56,66,81,81,81,92,92,92,118,131,142,142,159,159,262,262,281,281,281,281,281],"floor_reached":38,"playtime":1884,"items_purged":[],"score":427,"play_id":"74caffb3-662e-4693-b9e9-a39146566c3b","local_time":"20201224171713","is_ascension_mode":false,"campfire_choices":[{"floor":7,"key":"REST"},{"floor":15,"key":"REST"},{"floor":23,"key":"REST"},{"floor":30,"key":"REST"},{"floor":32,"key":"REST"}],"circlet_count":0,"master_deck":["Strike_B","Strike_B","Strike_B","Defend_B","Defend_B","Defend_B","Defend_B","Zap","Dualcast+1","Darkness","Barrage","Hello World","Storm","Cold Snap","Double Energy","Capacitor","Creative AI","Conserve Battery","Buffer","Self Repair","Steam","Skim+1","Recycle","Loop+1","Melter","Rainbow","Consume+1"],"relics":["Cracked Core","NeowsBlessing","CultistMask","Ancient Tea Set","Oddly Smooth Stone","Nuclear Battery","Bird Faced Urn","theJungle:WildPear","theJungle:BirthdayCakeSlice","Omamori","Meat on the Bone","Calling Bell","Orichalcum","Kunai","Prayer Wheel"],"acts_visited":["Exordium","Exordium","TheBeyond"],"potions_floor_usage":[6,13,13,14,27,27,33,33],"damage_taken":[{"damage":0,"enemies":"Small Slimes","floor":1,"turns":1},{"damage":0,"enemies":"2 Louse","floor":4,"turns":1},{"damage":0,"enemies":"Cultist","floor":5,"turns":1},{"damage":24,"enemies":"Lagavulin","floor":6,"turns":5},{"damage":2,"enemies":"2 Fungi Beasts","floor":8,"turns":3},{"damage":10,"enemies":"Looter","floor":10,"turns":4},{"damage":26,"enemies":"Exordium Thugs","floor":12,"turns":4},{"damage":10,"enemies":"Large Slime","floor":13,"turns":3},{"damage":0,"enemies":"2 Fungi Beasts","floor":14,"turns":1},{"damage":24,"enemies":"The Guardian","floor":16,"turns":12},{"damage":23,"enemies":"theJungle:MUSHROOMGANG","floor":18,"turns":5},{"damage":31,"enemies":"theJungle:Flameango_and_Byrd","floor":20,"turns":6},{"damage":27,"enemies":"theJungle:Lyon","floor":21,"turns":5},{"damage":4,"enemies":"theJungle:Snecko_Cultist_And_Trap","floor":24,"turns":7},{"damage":10,"enemies":"theJungle:2_Phrogs","floor":27,"turns":7},{"damage":24,"enemies":"Snake Plant","floor":28,"turns":5},{"damage":34,"enemies":"theJungle:Lyon","floor":29,"turns":7},{"damage":64,"enemies":"theJungle:2_Flameangoes","floor":31,"turns":8},{"damage":64,"enemies":"theJungle:QueenSpyder","floor":33,"turns":13},{"damage":57,"enemies":"3 Shapes","floor":35,"turns":4},{"damage":79,"enemies":"3 Darklings","floor":38,"turns":6}],"seed_played":"-4814658683131827118","potions_obtained":[{"floor":5,"key":"SkillPotion"},{"floor":6,"key":"LiquidMemories"},{"floor":10,"key":"DistilledChaos"},{"floor":13,"key":"Fire Potion"},{"floor":20,"key":"GamblersBrew"},{"floor":21,"key":"Strength Potion"},{"floor":29,"key":"LiquidMemories"},{"floor":31,"key":"LiquidBronze"},{"floor":35,"key":"SteroidPotion"}],"is_trial":false,"path_per_floor":["M","?","?","M","M","E","R","M","T","M","?","M","M","M","R","B",null,"M","$","M","M","?","R","M","?","T","E","M","M","R","M","R","B",null,"M","?","?","M"],"character_chosen":"DEFECT","items_purchased":["Bird Faced Urn"],"campfire_rested":5,"item_purchase_floors":[19],"current_hp_per_floor":[75,75,75,75,75,51,73,71,71,61,61,35,25,25,47,23,75,52,52,42,32,42,67,85,90,90,80,75,60,87,58,85,46,90,58,58,58,0,0],"gold":281,"neow_bonus":"THREE_ENEMY_KILL","is_daily":false,"chose_seed":false,"campfire_upgraded":0,"win_rate":0.0,"timestamp":1608801433,"path_taken":["M","?","?","M","?","E","R","M","T","M","?","M","M","M","R","BOSS","M","$","M","M","?","R","M","?","T","E","M","?","R","M","R","BOSS","M","?","?","M"],"items_purchased_type":["Relic"],"build_version":"2020-12-22","purchased_purges":0,"victory":false,"max_hp_per_floor":[75,75,75,75,75,75,75,75,75,75,75,75,75,75,75,75,75,75,75,75,75,85,85,85,90,90,90,90,90,90,90,90,90,90,90,90,90,90,90],"card_choices":[{"not_picked":["Sweeping Beam","Turbo"],"picked":"Darkness","floor":1},{"not_picked":["Undo","Double Energy"],"picked":"Barrage","floor":4},{"not_picked":["Gash","Leap"],"picked":"Hello World","floor":5},{"not_picked":["Barrage","Chaos"],"picked":"Storm","floor":6},{"not_picked":["BootSequence","Sunder"],"picked":"Cold Snap","floor":8},{"not_picked":["Cold Snap","Hologram"],"picked":"Double Energy","floor":10},{"not_picked":["Double Energy","Barrage"],"picked":"Capacitor","floor":12},{"not_picked":["Ball Lightning","Static Discharge"],"picked":"Creative AI","floor":13},{"not_picked":["Leap","Ball Lightning"],"picked":"Conserve Battery","floor":14},{"not_picked":["Multi-Cast","Echo Form"],"picked":"Buffer","floor":16},{"not_picked":["Hologram","Go for the Eyes"],"picked":"Self Repair","floor":18},{"not_picked":["Streamline","Lockon+1","Sweeping Beam"],"picked":"SKIP","floor":20},{"not_picked":["Streamline","Ball Lightning"],"picked":"Steam","floor":21},{"not_picked":["Hologram+1","Tempest"],"picked":"Skim+1","floor":24},{"not_picked":["Gash","Streamline+1"],"picked":"Recycle","floor":27},{"not_picked":["Steam","Skim"],"picked":"Loop+1","floor":28},{"not_picked":["Ball Lightning","Sweeping Beam","Steam"],"picked":"SKIP","floor":29},{"not_picked":["Turbo+1","Scrape+1"],"picked":"Melter","floor":31},{"not_picked":["Reboot","Thunder Strike"],"picked":"Rainbow","floor":33},{"not_picked":["Compile Driver","Rebound+1"],"picked":"Consume+1","floor":35},{"not_picked":["Sunder","Go for the Eyes+1","Meteor Strike"],"picked":"SKIP","floor":35}],"player_experience":207853,"relics_obtained":[{"floor":6,"key":"Ancient Tea Set"},{"floor":9,"key":"Oddly Smooth Stone"},{"floor":26,"key":"Omamori"},{"floor":27,"key":"Meat on the Bone"},{"floor":34,"key":"Orichalcum"},{"floor":34,"key":"Kunai"},{"floor":34,"key":"Prayer Wheel"}],"event_choices":[{"damage_healed":0,"gold_gain":0,"player_choice":"Ignored","damage_taken":0,"max_hp_gain":0,"max_hp_loss":0,"event_name":"Liars Game","floor":2,"gold_loss":0},{"damage_healed":0,"gold_gain":0,"player_choice":"Trade","damage_taken":0,"relics_obtained":["CultistMask"],"max_hp_gain":0,"max_hp_loss":0,"event_name":"FaceTrader","floor":3,"gold_loss":0},{"damage_healed":0,"gold_gain":0,"player_choice":"Grow","damage_taken":0,"max_hp_gain":0,"max_hp_loss":0,"event_name":"Living Wall","floor":11,"gold_loss":0,"cards_upgraded":["Dualcast"]},{"cards_removed":["Strike_B"],"damage_healed":0,"gold_gain":0,"player_choice":"Removed Attack","damage_taken":0,"max_hp_gain":0,"max_hp_loss":0,"event_name":"Falling","floor":36,"gold_loss":0},{"damage_healed":0,"gold_gain":0,"player_choice":"Ignored","damage_taken":0,"max_hp_gain":0,"max_hp_loss":0,"event_name":"Mysterious Sphere","floor":37,"gold_loss":0}],"is_beta":false,"boss_relics":[{"not_picked":["Velvet Choker","FrozenCore"],"picked":"Nuclear Battery"},{"not_picked":["Fusion Hammer","Astrolabe"],"picked":"Calling Bell"}],"items_purged_floors":[],"is_endless":false,"potions_floor_spawned":[5,6,10,13,20,21,29,31,35],"killed_by":"3 Darklings","ascension_level":0}}