{"host":"mj8akmyfd5lo602f","time":1608853028,"event":{"mods":["2.2 Compatiblity","Act Like it!","BaseMod","Bestiary","BshForSts","Colored Map","Colored Powertips","Downfall","Highlight Path","Minty Spire (QoL Compilation)","Permanent Neow","Relic Stats","StSLib","The Servant 0.9.4"],"gold_per_floor":[99,113,123,139,165,165,165,81,114,128,128,156,156,67,82,183,183,108,121,138,223,236,236,289,309,309,309,309,329,84,112,128,223,223,148,166,175,225,242,260,286,319,337,352,362,287,303,106,118,118,118,153,103,103,103],"floor_reached":56,"playtime":4662,"items_purged":["champ:Backstep+1","champ:Defend","champ:ShieldSigil","champ:Strike"],"score":1363,"play_id":"56f07cfd-a91a-4ed0-8558-40c228c0c14e","local_time":"20201224233708","is_ascension_mode":false,"campfire_choices":[{"data":"champ:Taunt","floor":1.0,"key":"SMITH"},{"data":"champ:Backstep","floor":6.0,"key":"SMITH"},{"data":"champ:Lariat","floor":11.0,"key":"SMITH"},{"floor":13.0,"key":"DIG"},{"data":"champ:PerfectForm","floor":18.0,"key":"SMITH"},{"floor":23.0,"key":"DIG"},{"floor":26.0,"key":"DIG"},{"floor":28.0,"key":"DIG"},{"floor":35.0,"key":"RECALL"},{"floor":46.0,"key":"DIG"},{"floor":54.0,"key":"DIG"}],"circlet_count":0,"master_deck":["champ:Strike","champ:Strike","champ:Strike","champ:Defend","champ:Defend","champ:Defend","champ:Execute","champ:Taunt+1","CurseOfTheBell","champ:ArenaPreparation+1","champ:Lariat+1","champ:ShieldWall","champ:PerfectForm+1","champ:BringItOn+1","champ:RisingSlash","champ:PerfectForm+1","champ:CrookedStrike+1","champ:Lariat+1","champ:Circumvent","champ:TornadoPunch+1","champ:SwordSigil"],"relics":["Calling Bell","hexamod:BolsterEngine","Eternal Feather","Guardian:GemstoneGun","Bag of Preparation","Shovel","Pantograph","champ:GladiatorsBookOfMartialProwess","sneckomod:SneckoTalon","downfall:HeartBlessingBlue","Gremlin Horn","War Paint","Letter Opener","Pen Nib","Happy Flower","DollysMirror","Smiling Mask","Philosopher\u0027s Stone","downfall:HeartBlessingGreen","Guardian:BottledAnomaly","Art of War","Pocketwatch","PreservedInsect","Question Card","downfall:HeartBlessingRed","Molten Egg 2","Oddly Smooth Stone","Mummified Hand","Pear"],"acts_visited":["Exordium","TheCity","TheBeyond","TheEnding"],"potions_floor_usage":[55,55,55],"damage_taken":[{"damage":0.0,"enemies":"Cultist","floor":2.0,"turns":4.0},{"damage":12.0,"enemies":"Small Slimes","floor":3.0,"turns":4.0},{"damage":10.0,"enemies":"2 Louse","floor":4.0,"turns":2.0},{"damage":14.0,"enemies":"downfall:FleeingMerchant","floor":8.0,"turns":4.0},{"damage":57.0,"enemies":"Gremlin Nob","floor":9.0,"turns":5.0},{"damage":5.0,"enemies":"Large Slime","floor":10.0,"turns":8.0},{"damage":34.0,"enemies":"3 Sentries","floor":12.0,"turns":5.0},{"damage":35.0,"enemies":"downfall:FleeingMerchant","floor":14.0,"turns":4.0},{"damage":10.0,"enemies":"3 Louse","floor":15.0,"turns":3.0},{"damage":23.0,"enemies":"downfall:Ironclad","floor":16.0,"turns":10.0},{"damage":49.0,"enemies":"Shell Parasite","floor":19.0,"turns":4.0},{"damage":60.0,"enemies":"Sentry and Sphere","floor":20.0,"turns":8.0},{"damage":53.0,"enemies":"3 Cultists","floor":22.0,"turns":5.0},{"damage":35.0,"enemies":"Cultist and Chosen","floor":25.0,"turns":5.0},{"damage":55.0,"enemies":"Snecko","floor":29.0,"turns":3.0},{"damage":72.0,"enemies":"downfall:FleeingMerchant","floor":30.0,"turns":4.0},{"damage":106.0,"enemies":"Gremlin Leader","floor":31.0,"turns":6.0},{"damage":65.0,"enemies":"Centurion and Healer","floor":32.0,"turns":4.0},{"damage":125.0,"enemies":"downfall:Defect","floor":33.0,"turns":6.0},{"damage":48.0,"enemies":"3 Darklings","floor":36.0,"turns":4.0},{"damage":37.0,"enemies":"downfall:FleeingMerchant","floor":37.0,"turns":2.0},{"damage":124.0,"enemies":"Mind Bloom Boss Battle","floor":38.0,"turns":7.0},{"damage":73.0,"enemies":"3 Shapes","floor":39.0,"turns":5.0},{"damage":91.0,"enemies":"Transient","floor":40.0,"turns":5.0},{"damage":85.0,"enemies":"Reptomancer","floor":42.0,"turns":3.0},{"damage":63.0,"enemies":"Jaw Worm Horde","floor":43.0,"turns":3.0},{"damage":98.0,"enemies":"Maw","floor":44.0,"turns":5.0},{"damage":61.0,"enemies":"Sphere and 2 Shapes","floor":45.0,"turns":4.0},{"damage":34.0,"enemies":"3 Darklings","floor":47.0,"turns":4.0},{"damage":35.0,"enemies":"Jaw Worm Horde","floor":49.0,"turns":2.0},{"damage":117.0,"enemies":"downfall:Silent","floor":50.0,"turns":4.0},{"damage":91.0,"enemies":"downfall:CharBossMerchant","floor":52.0,"turns":4.0},{"damage":213,"enemies":"downfall:NeowBoss","floor":55,"turns":28}],"seed_played":"-129425291255460194","potions_obtained":[{"floor":10.0,"key":"SpeedPotion"},{"floor":12.0,"key":"Strength Potion"},{"floor":15.0,"key":"PowerPotion"},{"floor":16.0,"key":"FearPotion"},{"floor":19.0,"key":"Dexterity Potion"},{"floor":32.0,"key":"PowerPotion"},{"floor":36.0,"key":"FairyPotion"},{"floor":52.0,"key":"PowerPotion"}],"is_trial":false,"path_per_floor":["R","M","M","M","T","R","T","$","E","M","R","E","R","$","M","B",null,"R","M","M","?","M","R","T","M","R","?","R","M","$","E","M","B",null,"R","M","$","?","M","M","T","E","M","M","M","R","M","$","M","B",null,"E","$","R","B",null],"character_chosen":"THE_CHAMP","items_purchased":["champ:Lariat","champ:ShieldWall","DollysMirror","Guardian:BottledAnomaly","Art of War","Oddly Smooth Stone"],"campfire_rested":0,"item_purchase_floors":[8,14,30,37,37,48],"current_hp_per_floor":[90,90,88,88,88,90,90,90,67,67,73,69,75,60,60,77,90,100,88,77,59,41,50,50,49,58,58,67,67,58,37,36,43,100,100,100,100,100,100,100,100,100,93,78,78,90,90,90,90,51,100,100,100,110,89],"gold":103,"neow_bonus":"BOSS_RELIC","is_daily":false,"chose_seed":false,"campfire_upgraded":4,"win_rate":0.0,"timestamp":1608853028,"path_taken":["R","M","M","M","?","R","T","$","E","?","R","E","R","$","M","BOSS","R","M","M","?","M","R","T","M","R","?","R","M","$","E","M","BOSS","R","M","$","?","M","M","T","E","M","M","M","R","M","$","M","BOSS","E","$","R","BOSS"],"items_purchased_type":["Card","Card","Relic","Relic","Relic","Relic"],"build_version":"2020-12-22","purchased_purges":4,"victory":true,"max_hp_per_floor":[90,90,90,90,90,90,90,90,90,90,90,90,90,90,90,90,90,100,100,100,100,100,100,100,100,100,100,100,100,100,100,100,100,100,100,100,100,100,100,100,100,100,100,100,100,100,100,100,100,100,100,100,100,110,110],"relic_stats":{"Gremlin Horn":[25,27],"Happy Flower":[34],"counters":[33,174],"Eternal Feather":53,"Pen Nib":[16],"PreservedInsect":158,"Bag of Preparation":[60],"Letter Opener":[352],"War Paint":["champ:ArenaPreparation","champ:BringItOn"],"Smiling Mask":225,"Question Card":6,"Shovel":6,"Mummified Hand":[11],"Pantograph":60,"Art of War":[13],"obtain_stats":[{"Gremlin Horn":23,"champ:ChampionCrown":0,"downfall:HeartBlessingGreen":35,"Bag of Preparation":5,"Smiling Mask":31,"Shovel":9,"downfall:HeartBlessingBlue":18,"DollysMirror":30,"Mummified Hand":52,"Pantograph":12,"Philosopher\u0027s Stone":34,"Guardian:BottledAnomaly":37,"Pear":54,"Happy Flower":28,"downfall:HeartBlessingRed":46,"Guardian:GemstoneGun":0,"Oddly Smooth Stone":48,"Eternal Feather":0,"Pen Nib":27,"PreservedInsect":41,"Letter Opener":26,"War Paint":24,"sneckomod:SneckoTalon":17,"Question Card":42,"champ:GladiatorsBookOfMartialProwess":13,"Calling Bell":0,"Molten Egg 2":46,"Art of War":37,"hexamod:BolsterEngine":0,"Pocketwatch":38},{"Gremlin Horn":13,"champ:ChampionCrown":0,"downfall:HeartBlessingGreen":19,"Bag of Preparation":3,"Smiling Mask":17,"Shovel":5,"downfall:HeartBlessingBlue":10,"DollysMirror":16,"Mummified Hand":32,"Pantograph":7,"Philosopher\u0027s Stone":19,"Guardian:BottledAnomaly":21,"Pear":32,"Happy Flower":14,"downfall:HeartBlessingRed":28,"Guardian:GemstoneGun":0,"Oddly Smooth Stone":29,"Eternal Feather":0,"Pen Nib":14,"PreservedInsect":24,"Letter Opener":14,"War Paint":13,"sneckomod:SneckoTalon":10,"Question Card":25,"champ:GladiatorsBookOfMartialProwess":7,"Calling Bell":0,"Molten Egg 2":28,"Art of War":21,"hexamod:BolsterEngine":0,"Pocketwatch":22},{"Gremlin Horn":66,"champ:ChampionCrown":0,"downfall:HeartBlessingGreen":94,"Bag of Preparation":10,"Smiling Mask":84,"Shovel":19,"downfall:HeartBlessingBlue":49,"DollysMirror":78,"Mummified Hand":146,"Pantograph":32,"Philosopher\u0027s Stone":94,"Guardian:BottledAnomaly":100,"Pear":146,"Happy Flower":71,"downfall:HeartBlessingRed":132,"Guardian:GemstoneGun":0,"Oddly Smooth Stone":136,"Eternal Feather":0,"Pen Nib":71,"PreservedInsect":117,"Letter Opener":71,"War Paint":66,"sneckomod:SneckoTalon":49,"Question Card":120,"champ:GladiatorsBookOfMartialProwess":32,"Calling Bell":0,"Molten Egg 2":132,"Art of War":100,"hexamod:BolsterEngine":0,"Pocketwatch":107}],"Pocketwatch":[14]},"card_choices":[{"not_picked":["champ:BladeFlurry","champ:PreciseThrust"],"picked":"champ:ArenaPreparation","floor":2.0},{"not_picked":["champ:RageSigil","champ:CalledShot","champ:FocusedGladiator"],"picked":"SKIP","floor":3.0},{"not_picked":["champ:Circumvent","champ:PerfectedStrike"],"picked":"champ:Backstep","floor":4.0},{"not_picked":["champ:Riposte","champ:PreciseThrust","champ:StanceDance"],"picked":"SKIP","floor":8.0},{"not_picked":["champ:Circumvent","champ:RageSigil","champ:SkillfulDodge"],"picked":"SKIP","floor":9.0},{"not_picked":["champ:RapidStrikes","champ:FocusedGladiator","champ:FightOn"],"picked":"SKIP","floor":10.0},{"not_picked":["champ:SkillfulDodge","champ:DefensiveShout","champ:BerserkersShout"],"picked":"SKIP","floor":12.0},{"not_picked":["champ:BladeFlurry","champ:Backstep","champ:Riposte"],"picked":"SKIP","floor":14.0},{"not_picked":["champ:Riposte","champ:FalseCounter","champ:DefensiveShout"],"picked":"SKIP","floor":15.0},{"not_picked":["champ:SwordThrow","champ:IgnorePain"],"picked":"champ:PerfectForm","floor":16.0},{"not_picked":["champ:BerserkersShout","champ:BladeFlurry"],"picked":"champ:BringItOn","floor":19.0},{"not_picked":["champ:Circumvent+1","champ:Backstep","champ:TornadoPunch"],"picked":"SKIP","floor":20.0},{"not_picked":["champ:GutPunch","champ:BladeFlurry","champ:FocusedDefense"],"picked":"SKIP","floor":22.0},{"not_picked":["champ:AdrenalArmor","champ:FalseCounter"],"picked":"champ:RisingSlash","floor":25.0},{"not_picked":["champ:Riposte","champ:DefensiveShout","champ:FocusedDefense"],"picked":"SKIP","floor":29.0},{"not_picked":["champ:AdrenalArmor","champ:RageSigil","champ:GladiatorsShout+1"],"picked":"SKIP","floor":30.0},{"not_picked":["champ:DefensiveStyle+1","champ:Control","champ:Haymaker"],"picked":"SKIP","floor":31.0},{"not_picked":["champ:ShieldSlam","champ:FanOfKnives+1"],"picked":"champ:ShieldSigil","floor":32.0},{"not_picked":["champ:PerfectedStrike+1","champ:BerserkersShout+1"],"picked":"champ:CrookedStrike+1","floor":36.0},{"not_picked":["champ:StanceDance+1","champ:PerfectedStrike+1","champ:FlashCut"],"picked":"SKIP","floor":37.0},{"not_picked":["champ:RisingSlash","champ:AdrenalArmor","champ:Encircle+1"],"picked":"SKIP","floor":39.0},{"not_picked":["champ:FocusedDefense","champ:EndlessRage","champ:SkillfulDodge+1"],"picked":"SKIP","floor":40.0},{"not_picked":["champ:FlashCut","champ:FightOn","champ:FocusedBerserking+1"],"picked":"SKIP","floor":42.0},{"not_picked":["champ:StanceDance","champ:FocusedGladiator","champ:GutPunch"],"picked":"champ:Lariat+1","floor":43.0},{"not_picked":["champ:GutPunch","champ:BladeFlurry","champ:HeartStrike","champ:DefensiveShout+1"],"picked":"SKIP","floor":44.0},{"not_picked":["champ:FanOfKnives+1","champ:Backstep+1","champ:RecklessLeap"],"picked":"champ:Circumvent","floor":45.0},{"not_picked":["champ:CrookedStrike+1","champ:LastStand","champ:RisingSlash+1"],"picked":"champ:TornadoPunch+1","floor":47.0},{"not_picked":["champ:CrookedStrike+1","champ:GladiatorsShout+1","champ:StanceDance","champ:PerfectedStrike+1"],"picked":"SKIP","floor":49.0},{"not_picked":["champ:LastStand","champ:IronFortress","champ:Riposte+1"],"picked":"champ:SwordSigil","floor":52.0}],"player_experience":438375,"relics_obtained":[{"floor":0.0,"key":"hexamod:BolsterEngine"},{"floor":0.0,"key":"Eternal Feather"},{"floor":0.0,"key":"Guardian:GemstoneGun"},{"floor":5.0,"key":"Bag of Preparation"},{"floor":9.0,"key":"Shovel"},{"floor":12.0,"key":"Pantograph"},{"floor":13.0,"key":"champ:GladiatorsBookOfMartialProwess"},{"floor":23.0,"key":"Gremlin Horn"},{"floor":24.0,"key":"War Paint"},{"floor":26.0,"key":"Letter Opener"},{"floor":28.0,"key":"Happy Flower"},{"floor":31.0,"key":"Smiling Mask"},{"floor":38.0,"key":"Pocketwatch"},{"floor":41.0,"key":"PreservedInsect"},{"floor":42.0,"key":"Question Card"},{"floor":46.0,"key":"Molten Egg 2"},{"floor":52.0,"key":"Mummified Hand"},{"floor":54.0,"key":"Pear"}],"event_choices":[],"is_beta":false,"boss_relics":[{"not_picked":["Pandora\u0027s Box","Coffee Dripper"],"picked":"sneckomod:SneckoTalon"},{"not_picked":["Tiny House","Velvet Choker"],"picked":"Philosopher\u0027s Stone"}],"items_purged_floors":[30,37,48,53],"is_endless":false,"potions_floor_spawned":[10,12,15,16,19,25,29,32,36,39,43,47,52],"ascension_level":0}}