{"host":"p9ipwvgp8zk1gu4u","time":1608807104,"event":{"mods":["Act Like it!","BaseMod","BetterRewards","Block Reminder","Colored Map","Colored Powertips","DeckTracker","Downfall","Gensokyo","Gold Saver","Hermit","Marisa????????","Minty Spire (QoL Compilation)","Nova Terra(??·??)","Relic Filter","Replay The Spire","StSLib","The Alterego","The Bladedancer","The Hierophant","The Servant 0.9.4","TheSwordswoman","Yuri Mod","???????????mod"],"gold_per_floor":[211,159,179,191,210,239,256,286,286,286,286,301,313,345,345,450,450,470,521,539,84,84,84,84,97,97,117,17,17,51,62,62,159,159,174,190,241,241,261,261,281,281,281,295,323,323,375,395,395,395],"floor_reached":51,"playtime":4010,"items_purged":["Delirium","Languid"],"score":622,"play_id":"fa21de69-308d-4849-b124-c5a5a542b051","local_time":"20201224055144","is_ascension_mode":true,"campfire_choices":[{"data":"Poisoned Stab","floor":11.0,"key":"SMITH"},{"floor":15.0,"key":"REST"},{"data":"Deadly Poison","floor":23.0,"key":"SMITH"},{"data":"Draining Mist","floor":29.0,"key":"SMITH"},{"data":"Deadly Poison","floor":32.0,"key":"SMITH"},{"data":"Poison Darts","floor":40,"key":"SMITH"},{"data":"ReplayTheSpireMod:Necrosis","floor":42,"key":"SMITH"},{"floor":46,"key":"REST"},{"floor":49,"key":"REST"}],"circlet_count":0,"master_deck":["Strike_G","Strike_G","Strike_G","Strike_G","Strike_G","Defend_G","Defend_G","Defend_G","Defend_G","Defend_G","Survivor","Neutralize","Poisoned Stab+1","Deadly Poison+1","Backflip","Masterful Stab","Underhanded Strike","Slice","Dagger Throw","Escape Plan","Poison Darts+1","Leg Sweep+1","Replay:Poison Smokescreen","Dagger Throw","Slice+1","Endless Agony+1","Draining Mist+1","Dagger Throw+1","Deadly Poison+1","Underhanded Strike+1","ReplayTheSpireMod:Necrosis+1","Blur+1","Dagger Throw+1","Bane+1","Languid","Catalyst+1","Deflect+1"],"relics":["Ring of the Snake","Ginger","yuri:PortableGlitches","Strawberry","Replay:PocketPolymizer","Cursed Key","Snack Pack","Molten Egg 2","Basket Of Snakes","Mercury Hourglass","SlaversCollar","CatCart","Iron Hammer","ReplayTheSpireMod:Lightbulb","Durian"],"acts_visited":["Exordium","TheCity","TheBeyond"],"potions_floor_usage":[50],"damage_taken":[{"damage":0.0,"enemies":"Jaw Worm","floor":1.0,"turns":5.0},{"damage":0.0,"enemies":"2 Louse","floor":3.0,"turns":3.0},{"damage":0.0,"enemies":"Small Slimes","floor":4.0,"turns":3.0},{"damage":7.0,"enemies":"Blue Slaver","floor":5.0,"turns":3.0},{"damage":15.0,"enemies":"Gremlin Nob","floor":6.0,"turns":4.0},{"damage":5.0,"enemies":"Exordium Wildlife","floor":7.0,"turns":5.0},{"damage":24.0,"enemies":"3 Sentries","floor":8.0,"turns":10.0},{"damage":0.0,"enemies":"2 Fungi Beasts","floor":12.0,"turns":2.0},{"damage":0.0,"enemies":"Large Slime","floor":13.0,"turns":3.0},{"damage":1.0,"enemies":"Replay:BlueRogue","floor":14.0,"turns":4.0},{"damage":50.0,"enemies":"Fading Forest","floor":16.0,"turns":11.0},{"damage":0.0,"enemies":"Chosen","floor":18.0,"turns":4.0},{"damage":8.0,"enemies":"Spheric Guardian","floor":20.0,"turns":4.0},{"damage":3.0,"enemies":"Chosen and Byrds","floor":25.0,"turns":5.0},{"damage":1.0,"enemies":"Snecko","floor":27.0,"turns":3.0},{"damage":11.0,"enemies":"Book of Stabbing","floor":30.0,"turns":5.0},{"damage":17.0,"enemies":"Centurion and Healer","floor":31.0,"turns":4.0},{"damage":35.0,"enemies":"Automaton","floor":33.0,"turns":11.0},{"damage":0,"enemies":"3 Darklings","floor":35,"turns":5},{"damage":0,"enemies":"Orb Walker","floor":36,"turns":3},{"damage":28,"enemies":"Orin","floor":37,"turns":9},{"damage":0,"enemies":"Transient","floor":39,"turns":5},{"damage":10,"enemies":"Sphere and 2 Shapes","floor":41,"turns":4},{"damage":24,"enemies":"Writhing Mass","floor":44,"turns":6},{"damage":17,"enemies":"Nemesis","floor":45,"turns":5},{"damage":20,"enemies":"2 Orb Walkers","floor":47,"turns":4},{"damage":7,"enemies":"Jaw Worm Horde","floor":48,"turns":3},{"damage":29,"enemies":"Replay:Hell Engine","floor":50,"turns":9}],"seed_played":"-5216278073343613522","potions_obtained":[{"floor":1.0,"key":"BlessingOfTheForge"},{"floor":7.0,"key":"Strength Potion"},{"floor":13.0,"key":"Fruit Juice"},{"floor":14.0,"key":"BlessingOfTheForge"},{"floor":47,"key":"AttackPotion"}],"is_trial":false,"path_per_floor":["M","$","M","M","M","E","M","E","T","?","R","M","M","E","R_BF","B",null,"M","?","M","$","?","R","?","M","T","M","$","R","E","M","R","B",null,"M","M","?","?","M","R","M","R","T","M","E","R","?","M","R","B",null],"character_chosen":"THE_SILENT","items_purchased":["Deadly Poison","Molten Egg 2","Slice+1","Endless Agony+1"],"campfire_rested":3,"item_purchase_floors":[2,21,21,21],"current_hp_per_floor":[70,70,70,70,63,48,43,19,26,26,26,26,31,30,54,14,82,82,82,74,74,74,74,74,75,75,76,76,76,71,58,58,33,82,82,82,59,59,63,63,57,57,57,41,30,54,45,42,68,51],"gold":395,"neow_bonus":"HUNDRED_GOLD","is_daily":false,"chose_seed":false,"campfire_upgraded":6,"win_rate":0.0,"timestamp":1608807104,"path_taken":["M","$","M","M","M","E","M","E","T","?","R","M","M","E","R_BF","BOSS","M","?","M","$","?","R","?","M","T","M","$","R","E","M","R","BOSS","M","M","?","?","M","R","M","R","T","M","E","R","?","M","R","BOSS"],"items_purchased_type":["Card","Relic","Card","Card"],"build_version":"2020-12-22","purchased_purges":2,"victory":true,"max_hp_per_floor":[70,70,70,70,70,70,70,70,77,77,77,77,82,82,82,82,82,82,82,82,82,82,82,82,82,82,82,82,82,82,82,82,82,82,82,82,82,82,82,82,82,82,82,82,82,82,87,87,87,87],"card_choices":[{"not_picked":["Choke","PiercingWail"],"picked":"Poisoned Stab","floor":1.0},{"not_picked":["Quick Slash","Underhanded Strike"],"picked":"Backflip","floor":3.0},{"not_picked":["Dodge and Roll","Reflex"],"picked":"Masterful Stab","floor":4.0},{"not_picked":["Storm of Steel","Dodge and Roll","Riddle With Holes"],"picked":"SKIP","floor":5.0},{"not_picked":["Calculated Gamble","Phantasmal Killer"],"picked":"Underhanded Strike","floor":6.0},{"not_picked":["Quick Slash","Caltrops"],"picked":"Slice","floor":7.0},{"not_picked":["Prepared","Malaise","Calculated Gamble"],"picked":"SKIP","floor":8.0},{"not_picked":["Prepared","ReplayTheSpireMod:Shiv Toss","Outmaneuver"],"picked":"SKIP","floor":12.0},{"not_picked":["Dagger Spray","ReplayTheSpireMod:Exploit Weakness"],"picked":"Dagger Throw","floor":13.0},{"not_picked":["Acrobatics","Outmaneuver"],"picked":"Escape Plan","floor":14.0},{"not_picked":["Replay:Bag of Tricks","ReplayTheSpireMod:From All Sides"],"picked":"Poison Darts","floor":16.0},{"not_picked":["Outmaneuver","Dodge and Roll"],"picked":"Leg Sweep+1","floor":18.0},{"not_picked":["Flying Knee","Blade Dance"],"picked":"Replay:Poison Smokescreen","floor":19.0},{"not_picked":["Terror","Flying Knee"],"picked":"Dagger Throw","floor":20.0},{"not_picked":["Phantasmal Killer","Well Laid Plans"],"picked":"Draining Mist","floor":25.0},{"not_picked":["Flying Knee+1","Blade Dance"],"picked":"Dagger Throw+1","floor":27.0},{"not_picked":["Endless Agony+1","PiercingWail"],"picked":"Deadly Poison","floor":30.0},{"not_picked":["Calculated Gamble","Hidden Blade"],"picked":"Underhanded Strike+1","floor":31.0},{"not_picked":["Corpse Explosion","ReplayTheSpireMod:From All Sides+1"],"picked":"ReplayTheSpireMod:Necrosis","floor":33.0},{"not_picked":["Backflip","Outmaneuver+1"],"picked":"Blur+1","floor":35},{"not_picked":["All Out Attack+1","Dagger Spray+1"],"picked":"Dagger Throw+1","floor":36},{"not_picked":["Footwork","Dagger Throw+1","Dodge and Roll"],"picked":"SKIP","floor":39},{"not_picked":["Slice+1","Underhanded Strike+1"],"picked":"Bane+1","floor":41},{"not_picked":["Cloak And Dagger+1","Bane+1"],"picked":"Catalyst+1","floor":44},{"not_picked":["ReplayTheSpireMod:The Works","Dagger Throw+1","Venomology"],"picked":"SKIP","floor":45},{"not_picked":["Heel Hook+1","Outmaneuver"],"picked":"Deflect+1","floor":48}],"player_experience":205914,"relics_obtained":[{"floor":6.0,"key":"Ginger"},{"floor":8.0,"key":"yuri:PortableGlitches"},{"floor":9.0,"key":"Strawberry"},{"floor":14.0,"key":"Replay:PocketPolymizer"},{"floor":19.0,"key":"Snack Pack"},{"floor":26.0,"key":"Basket Of Snakes"},{"floor":30.0,"key":"Mercury Hourglass"},{"floor":37,"key":"CatCart"},{"floor":43,"key":"Iron Hammer"},{"floor":45,"key":"ReplayTheSpireMod:Lightbulb"},{"floor":47,"key":"Durian"}],"event_choices":[{"damage_healed":0.0,"max_hp_gain":0.0,"max_hp_loss":0.0,"gold_gain":0.0,"event_name":"Golden Idol","player_choice":"Ignored","floor":10.0,"gold_loss":0.0,"damage_taken":0.0},{"damage_healed":0.0,"max_hp_gain":0.0,"max_hp_loss":0.0,"gold_gain":0.0,"event_name":"Ghosts","player_choice":"Ignored","floor":24.0,"gold_loss":0.0,"damage_taken":0.0},{"damage_healed":0,"gold_gain":0,"player_choice":"Fight","damage_taken":0,"max_hp_gain":0,"max_hp_loss":0,"event_name":"OrinTheCat","floor":37,"gold_loss":0},{"damage_healed":0,"gold_gain":0,"player_choice":"Fight","damage_taken":0,"max_hp_gain":0,"max_hp_loss":0,"event_name":"Mysterious Sphere","floor":47,"gold_loss":0}],"is_beta":false,"boss_relics":[{"not_picked":["Kintsugi","Snecko Eye"],"picked":"Cursed Key"},{"not_picked":["Painkiller Herb","ReplayTheSpireMod:DimensionalGlitch"],"picked":"SlaversCollar"}],"items_purged_floors":[21,28],"is_endless":false,"potions_floor_spawned":[1,7,13,14,16,25,27,31,36,45,47,48],"ascension_level":1}}