{"host":"npubv26u89aif4fa","time":1608792216,"event":{"mods":["Astrologer","BaseMod","Better Vampires","Better-Laid Plans","Colored Powertips","GifTheSpireLib","GungeonMod","HornydragonMod","Hubris","Jedi Mod","KinomotoSakuraMod(木之本樱)","Minty Spire (QoL Compilation)","Quick Restart","Remilia（蕾米莉亚）","Replay The Spire","StSLib","Td1madao Mod","The Administrix","The Alterego","The Bug Knight","The Cursed","The Mystic","The Runesmith","TheWitcher","Yuri Mod","Yuyuko"],"gold_per_floor":[121,121,143,143,163,204,225,225,225,247,259,252,252,262,262],"floor_reached":14,"playtime":1152,"items_purged":[],"score":94,"play_id":"151fbd9e-6c8c-4972-8c23-322e717e0856","local_time":"20201224144336","is_ascension_mode":false,"campfire_choices":[{"floor":8.0,"key":"REST"}],"circlet_count":0,"master_deck":["SnafuTest:DefaultCommonAttack","SnafuTest:DefaultCommonAttack+1","SnafuTest:DefaultCommonAttack","SnafuTest:DefaultCommonSkill+1","SnafuTest:DefaultCommonSkill","SnafuTest:DefaultCommonSkill","SnafuTest:SignAard","SnafuTest:PowerEternalFlame","SnafuTest:BombDimeritium","SnafuTest:SpellArcaneDomain","SnafuTest:CalculatingAmbition","SnafuTest:PayWeaponSmith","SnafuTest:HermitsErudition+1","SnafuTest:SignQuen","SnafuTest:NoPass"],"relics":["SnafuTest:PlaceholderRelic","DemoMod:BlueGuonStone","MoneyPower"],"acts_visited":["Exordium"],"potions_floor_usage":[14],"damage_taken":[{"damage":0.0,"enemies":"2 Louse","floor":1.0,"turns":3.0},{"damage":0.0,"enemies":"Jaw Worm","floor":3.0,"turns":3.0},{"damage":0.0,"enemies":"Small Slimes","floor":5.0,"turns":3.0},{"damage":39.0,"enemies":"Gremlin Nob","floor":6.0,"turns":6.0},{"damage":3.0,"enemies":"Looter","floor":7.0,"turns":4.0},{"damage":5.0,"enemies":"Lots of Slimes","floor":10.0,"turns":6.0},{"damage":12.0,"enemies":"Large Slime","floor":11.0,"turns":7.0},{"damage":5.0,"enemies":"2 Fungi Beasts","floor":12.0,"turns":5.0},{"damage":15,"enemies":"3 Sentries","floor":14,"turns":8}],"seed_played":"-3123120809094176644","potions_obtained":[{"floor":1.0,"key":"FearPotion"},{"floor":10.0,"key":"Milkshake"},{"floor":11.0,"key":"Dexterity Potion"},{"floor":12.0,"key":"Adrenaline Potion"}],"is_trial":false,"path_per_floor":["M","?","M","T","M","E","M","R","T","M","M","M","?","E"],"character_chosen":"THE_WITCHER","items_purchased":[],"campfire_rested":1,"item_purchase_floors":[],"current_hp_per_floor":[68,54,54,54,54,15,12,32,32,27,15,10,10,0,0],"gold":262,"neow_bonus":"THREE_RARE_CARDS","is_daily":false,"chose_seed":false,"campfire_upgraded":0,"win_rate":0.0,"timestamp":1608792216,"path_taken":["M","?","M","?","?","E","M","R","T","M","M","M","?","E"],"items_purchased_type":[],"build_version":"2020-12-22","purchased_purges":0,"victory":false,"max_hp_per_floor":[68,68,68,68,68,68,68,68,68,68,68,68,68,68,68],"card_choices":[{"not_picked":["SnafuTest:AssassinOfKings","SnafuTest:GraveDancingPaleFire"],"picked":"SnafuTest:PowerEternalFlame","floor":0.0},{"not_picked":["SnafuTest:Shooting","SnafuTest:SpellLivingArmor"],"picked":"SnafuTest:GetPaid","floor":1.0},{"not_picked":["SnafuTest:ShoulderSlam","SnafuTest:SpellBlindFury"],"picked":"SnafuTest:BombDimeritium","floor":3.0},{"not_picked":["SnafuTest:PowerMartialMagical","SnafuTest:UnpredictablePuncture"],"picked":"SnafuTest:SpellArcaneDomain","floor":5.0},{"not_picked":["SnafuTest:Offering","SnafuTest:PowerVainGlory"],"picked":"SnafuTest:CalculatingAmbition","floor":6.0},{"not_picked":["SnafuTest:ArmoredSortie","SnafuTest:ScholarsIntrigue"],"picked":"SnafuTest:PayWeaponSmith","floor":7.0},{"not_picked":["SnafuTest:WitchHunt","SnafuTest:PowerCounterAttack"],"picked":"SnafuTest:HermitsErudition","floor":10.0},{"not_picked":["SnafuTest:PowerAlwaysOnRoads","SnafuTest:SpellLivingArmor"],"picked":"SnafuTest:SignQuen","floor":11.0},{"not_picked":["SnafuTest:MCSuccubusSeduction","SnafuTest:ShoulderSlam","SnafuTest:FlashingEvasion"],"picked":"SKIP","floor":12.0}],"player_experience":149128,"relics_obtained":[{"floor":6.0,"key":"DemoMod:BlueGuonStone"},{"floor":9.0,"key":"MoneyPower"}],"event_choices":[{"damage_healed":0.0,"max_hp_gain":0.0,"max_hp_loss":0.0,"gold_gain":0.0,"event_name":"Shining Light","player_choice":"Entered Light","floor":2.0,"gold_loss":0.0,"damage_taken":14.0,"cards_upgraded":["SnafuTest:DefaultCommonAttack","SnafuTest:DefaultCommonSkill"]},{"damage_healed":0,"gold_gain":0,"cards_transformed":["SnafuTest:BountyHunt"],"player_choice":"Change","damage_taken":0,"max_hp_gain":0,"max_hp_loss":0,"event_name":"Living Wall","floor":13,"gold_loss":0,"cards_obtained":["SnafuTest:NoPass"]}],"is_beta":false,"boss_relics":[],"items_purged_floors":[],"is_endless":false,"potions_floor_spawned":[1,10,11,12],"killed_by":"3 Sentries","ascension_level":0}}