{"host":"n23juj4d9qam5hh1","time":1608812107,"event":{"mods":["BaseMod","Better Note","BetterRewards","Infinite Spire","Minty Spire (QoL Compilation)","Relic Stats","StSLib"],"gold_per_floor":[109,109,184,195,51,51,61,75,102,114,136,148,160,97,97,195,195,211,126,145,145,157,157,157,157,157,176,191,211,211,176,176,176,176],"floor_reached":33,"playtime":1294,"items_purged":[],"score":261,"play_id":"ea4a8284-b25f-4962-9e67-e4e4264e1709","local_time":"20201224071507","is_ascension_mode":true,"campfire_choices":[{"floor":6,"key":"REST"},{"data":"Footwork","floor":10,"key":"SMITH"},{"data":"Corpse Explosion","floor":15,"key":"SMITH"},{"data":"Venomology","floor":23,"key":"SMITH"},{"floor":25,"key":"REST"},{"floor":30,"key":"REST"},{"floor":32,"key":"REST"}],"circlet_count":0,"master_deck":["Strike_G","Strike_G","Strike_G+1","Defend_G","Defend_G","Defend_G","Defend_G+1","Survivor","Neutralize","Corpse Explosion+1","Dagger Spray","Footwork+1","Crippling Poison","Venomology+1","Caltrops","Bane","Cloak And Dagger+1","infinitespire:FutureSight","Prepared+1","Flying Knee","Footwork"],"relics":["Ring of the Snake","MawBank","Snake Skull","PreservedInsect","Empty Cage","Oddly Smooth Stone","Bottled Tornado"],"acts_visited":["Exordium","TheCity"],"potions_floor_usage":[16,18,18,22,28,29,33],"damage_taken":[{"damage":3,"enemies":"2 Louse","floor":1,"turns":5},{"damage":0,"enemies":"Jaw Worm","floor":4,"turns":5},{"damage":1,"enemies":"Small Slimes","floor":7,"turns":4},{"damage":6,"enemies":"Blue Slaver","floor":8,"turns":4},{"damage":3,"enemies":"Looter","floor":11,"turns":4},{"damage":14,"enemies":"Hexaghost","floor":16,"turns":10},{"damage":7,"enemies":"Shell Parasite","floor":18,"turns":7},{"damage":14,"enemies":"2 Thieves","floor":20,"turns":4},{"damage":0,"enemies":"3 Cultists","floor":22,"turns":4},{"damage":23,"enemies":"Snake Plant","floor":27,"turns":7},{"damage":24,"enemies":"Shelled Parasite and Fungi","floor":28,"turns":7},{"damage":12,"enemies":"Centurion and Healer","floor":29,"turns":6},{"damage":47,"enemies":"Automaton","floor":33,"turns":10}],"seed_played":"1935702198101344472","potions_obtained":[{"floor":1,"key":"SkillPotion"},{"floor":16,"key":"ColorlessPotion"},{"floor":18,"key":"Swift Potion"},{"floor":20,"key":"ColorlessPotion"},{"floor":28,"key":"Strength Potion"}],"is_trial":false,"path_per_floor":["M","?","?","M","$","R","M","M","T","R","M","T","?","$","R","B",null,"M","?","M","?","M","R","?","R","T","M","M","M","R","$","R","B"],"character_chosen":"THE_SILENT","items_purchased":["Corpse Explosion","Crippling Poison","Footwork"],"campfire_rested":4,"item_purchase_floors":[5,14,31],"current_hp_per_floor":[74,59,48,48,48,71,70,64,64,64,61,61,54,54,54,40,77,70,70,56,56,56,56,37,60,60,37,13,1,24,24,47,0,0],"gold":176,"neow_bonus":"TEN_PERCENT_HP_BONUS","is_daily":false,"chose_seed":false,"campfire_upgraded":3,"win_rate":0.0,"timestamp":1608812107,"path_taken":["M","?","?","M","$","R","M","M","T","R","M","?","?","$","R","BOSS","M","?","M","?","M","R","?","R","T","M","?","M","R","$","R","BOSS"],"items_purchased_type":["Card","Card","Card"],"build_version":"2020-12-22","purchased_purges":0,"victory":false,"max_hp_per_floor":[77,77,77,77,77,77,77,77,77,77,77,77,77,77,77,77,77,77,77,77,77,77,77,77,77,77,77,77,77,77,77,77,77,77],"relic_stats":{"counters":[13,77],"Snake Skull":[26],"PreservedInsect":0,"MawBank":60,"obtain_stats":[{"Oddly Smooth Stone":19,"Snake Skull":12,"PreservedInsect":13,"Bottled Tornado":26,"MawBank":9,"Empty Cage":17,"Ring of the Snake":0},{"Oddly Smooth Stone":7,"Snake Skull":5,"PreservedInsect":5,"Bottled Tornado":9,"MawBank":4,"Empty Cage":6,"Ring of the Snake":0},{"Oddly Smooth Stone":39,"Snake Skull":22,"PreservedInsect":22,"Bottled Tornado":47,"MawBank":18,"Empty Cage":32,"Ring of the Snake":0}],"Ring of the Snake":[26]},"card_choices":[{"not_picked":["Underhanded Strike","Reflex","Dodge and Roll"],"picked":"SKIP","floor":1},{"not_picked":["Slice","Dagger Throw","Infinite Blades"],"picked":"SKIP","floor":4},{"not_picked":["Backflip","Poisoned Stab"],"picked":"Dagger Spray","floor":7},{"not_picked":["Bane","Deadly Poison"],"picked":"Footwork","floor":8},{"not_picked":["Escape Plan","Flechettes","Underhanded Strike"],"picked":"SKIP","floor":11},{"not_picked":["After Image","Wraith Form v2"],"picked":"Venomology","floor":16},{"not_picked":["Slice","Poisoned Stab"],"picked":"Caltrops","floor":18},{"not_picked":["Crippling Poison","PiercingWail"],"picked":"Bane","floor":20},{"not_picked":["Blade Dance","Acrobatics+1"],"picked":"Cloak And Dagger+1","floor":22},{"not_picked":["infinitespire:Collect","infinitespire:SealOfDarkness+"],"picked":"infinitespire:FutureSight","floor":24},{"not_picked":["Malaise","Slice","Dagger Throw"],"picked":"SKIP","floor":27},{"not_picked":["Blade Dance+1","Dagger Throw"],"picked":"Prepared+1","floor":28},{"not_picked":["Dagger Spray","Backflip"],"picked":"Flying Knee","floor":29}],"player_experience":202747,"relics_obtained":[{"floor":9,"key":"MawBank"},{"floor":12,"key":"Snake Skull"},{"floor":26,"key":"Bottled Tornado"}],"event_choices":[{"damage_healed":0,"gold_gain":0,"player_choice":"Entered Light","damage_taken":15,"max_hp_gain":0,"max_hp_loss":0,"event_name":"Shining Light","floor":2,"gold_loss":0,"cards_upgraded":["Defend_G","Strike_G"]},{"damage_healed":0,"gold_gain":75,"player_choice":"Gather Gold","damage_taken":11,"max_hp_gain":0,"max_hp_loss":0,"event_name":"World of Goop","floor":3,"gold_loss":0},{"damage_healed":0,"gold_gain":0,"player_choice":"Success","damage_taken":7,"relics_obtained":["PreservedInsect"],"max_hp_gain":0,"max_hp_loss":0,"event_name":"Scrap Ooze","floor":13,"gold_loss":0},{"damage_healed":0,"gold_gain":0,"player_choice":"Obtained Relic","damage_taken":0,"relics_obtained":["Oddly Smooth Stone"],"max_hp_gain":0,"max_hp_loss":0,"event_name":"Addict","floor":19,"gold_loss":85},{"cards_removed":["Strike_G"],"damage_healed":0,"gold_gain":0,"player_choice":"Elegance","damage_taken":0,"max_hp_gain":0,"max_hp_loss":0,"event_name":"Back to Basics","floor":21,"gold_loss":0}],"is_beta":false,"boss_relics":[{"not_picked":["Sozu","Runic Dome"],"picked":"Empty Cage"}],"items_purged_floors":[],"is_endless":false,"potions_floor_spawned":[1,16,18,20,28],"killed_by":"Automaton","ascension_level":2}}