{"host":"ymw71f7rc9ndansy","time":1608810374,"event":{"mods":["ATMod(°¢èªMod)","Act Like it!","Aspiration","BaseMod","DeckTracker","Hubris","Library of Ruina","Library of Ruina Extra","Minty Spire (QoL Compilation)","MostiFishMod","Remove Card Discount Mod","Replay The Spire","StSLib","TestMod","¡¾ÒÅÎï¿¨ÅÆ¡¿REMEMod","²ÐÁôÖ®Îï"],"gold_per_floor":[112,112,3,21,37,52,86,86,112,112,124,124,157,157,157,231,231,246,196,192,208,1,11,11,45,68,79,79,114,114,64,64,141,141,158,158,158,6,18,18,18],"floor_reached":40,"playtime":958,"items_purged":["Dodge","LightAttack","LightAttack","LightAttack","LightDefense","LightDefense","LightDefense","ChargeAndCover","FocusedStrikes","Decapitation","testmod-Bloodthirsty+1","RulesOfTheBackstreets","MostiFishMod:TheEndOfMoonlight","Reload+1","MostiFishMod:NightSea","MostiFishMod:FantasySummer","AT_KingSlayer+1"],"score":1214,"play_id":"f072f8dc-d92b-4124-8421-1e6a8e93e447","local_time":"20201224194614","is_ascension_mode":true,"campfire_choices":[{"data":"testmod-AdversityCounterattack","floor":10,"key":"SMITH"},{"data":"testmod-Bloodthirsty","floor":12,"key":"SMITH"},{"data":"TrashDisposal","floor":15,"key":"SMITH"},{"data":"Reload","floor":24,"key":"SMITH"},{"floor":30,"key":"RECALL"},{"floor":32,"key":"REST"}],"circlet_count":0,"master_deck":["AscendersBane","testmod-AdversityCounterattack+1","TrashDisposal+1","Reload+1","MostiFishMod:Neptune","MostiFishMod:SparklingWater+1"],"relics":["PageOfLibrarian","testmod-TestBox","DaveBox","REME_ComplimentaryCards","AT_ATBox","SacredBark","testmod-Motorcycle","aspiration:Nostalgia","Cracked Core","SynthV:TestCard","TungstenRod","testmod-Antiphasic","Happy Flower","JellyFishMachine","Membership Card","ReplayTheSpireMod:Ninjato","Lantern","MoonlightInvasionPlan","PageOfAlriune"],"acts_visited":["Exordium","TheCity","TheBeyond"],"potions_floor_usage":[23,29],"damage_taken":[{"damage":0.0,"enemies":"2 Louse","floor":1.0,"turns":4.0},{"damage":1,"enemies":"Cultist","floor":4,"turns":3},{"damage":1,"enemies":"Jaw Worm","floor":5,"turns":3},{"damage":0,"enemies":"Large Slime","floor":6,"turns":3},{"damage":28,"enemies":"Lagavulin","floor":7,"turns":4},{"damage":21,"enemies":"2 Fungi Beasts","floor":11,"turns":3},{"damage":12,"enemies":"3 Sentries","floor":13,"turns":3},{"damage":0,"enemies":"Hexaghost","floor":16,"turns":3},{"damage":0,"enemies":"3 Byrds","floor":18,"turns":4},{"damage":0,"enemies":"Shell Parasite","floor":21,"turns":2},{"damage":17,"enemies":"Centurion and Healer","floor":23,"turns":5},{"damage":0,"enemies":"Replay:Snechameleon","floor":25,"turns":2},{"damage":0,"enemies":"Snecko","floor":27,"turns":2},{"damage":0,"enemies":"Slavers","floor":29,"turns":3},{"damage":5,"enemies":"hubris:MusketHawk","floor":33,"turns":4},{"damage":0,"enemies":"3 Darklings","floor":35,"turns":1},{"damage":0,"enemies":"3 Shapes","floor":39,"turns":1},{"damage":0,"enemies":"R_Hoarder","floor":40,"turns":1}],"seed_played":"2135749921440261564","potions_obtained":[{"floor":1.0,"key":"GamblersBrew"},{"floor":4,"key":"Strength Potion"}],"is_trial":false,"path_per_floor":["M","?","$","M","M","M","E","?","T","R","M","R","E","?","R","B",null,"M","?","$","M","$","M","R","E","T","M","?","E","R","?","R","B",null,"M","$","?","$","M","E"],"character_chosen":"Librarian","items_purchased":["testmod-Bloodthirsty","Membership Card","testmod-SpacePotion","PageOfAlriune"],"campfire_rested":1,"item_purchase_floors":[3,22,22,38],"current_hp_per_floor":[54,54,54,68,73,90,77,55,55,55,37,37,29,23,23,86,86,86,86,86,86,86,86,86,86,86,86,62,72,72,72,91,91,91,91,91,91,91,91,91,91],"gold":18,"neow_bonus":"NOSTALGIA","is_daily":false,"chose_seed":false,"campfire_upgraded":4,"win_rate":0.0,"timestamp":1608810374,"path_taken":["M","?","$","M","?","M","E","?","T","R","M","R","E","?","R","BOSS","M","?","$","M","$","M","R","E","T","?","?","E","R","?","R","BOSS","M","$","?","$","?","E"],"items_purchased_type":["Card","Relic","Potion","Relic"],"build_version":"2020-12-22","purchased_purges":17,"victory":false,"max_hp_per_floor":[201,201,201,201,201,201,201,201,201,201,74,74,86,86,86,86,86,86,86,86,86,86,86,86,86,86,86,91,91,91,91,91,91,91,91,91,91,91,91,91,91],"card_choices":[{"not_picked":["SinglePointStab","EnergyCycle","Faith","WillOfThePrescript","Wallop_lor","OpportunitySpotted","HardRehearsal","Leap_lor"],"picked":"RulesOfTheBackstreets","floor":1.0},{"not_picked":["BayonetCombat","HandlingWork","Juggling","Gigigig","IngredientHunt","HiddenBlade","SteelKnuckles","FrontalAssault","ExtremeEdge","SkitterAway","Thrust"],"picked":"SKIP","floor":4},{"not_picked":["FleetEdge","AbsorbImpact","EndlessBattle","Eliminate","HandleRequest","SharpSwipe","Ripple","SteelKnuckles","Preparation","LoosenUp","Quickness"],"picked":"SKIP","floor":5},{"not_picked":["DirtyBlow","TendonChords","GuidanceOfTheGears","Collision","YoureAHindrance","FlamingDragonFist","Faith","TheArtOfRapidSteps","BackAttack","RatsGuideToSurvival"],"picked":"WrathOfTorment","floor":6},{"not_picked":["TendonChords","UpbeatPerformance","Slice_lor","ViolentFlame","ClassAndRespect","EnergyShield","ShockRound","HighKick","SharpSwipe","Quickness"],"picked":"TrashDisposal","floor":7},{"not_picked":["SinglePointStab","ForcefulGesture","DimensionalRift","SunsetBlade","EnergyShield","FleetEdge","Faith","Rewind","Thirst","SmokingPipe","AsThePrescriptOrders"],"picked":"SKIP","floor":11},{"not_picked":["DefenseOrder","CombatPreparation","ViolentFlame","PreemptiveStrike","FierceCharge","FleetEdge","DestructiveImpact","RulesOfTheBackstreets","DarkCloud","EnergyCycle","TimeForALittleTest"],"picked":"SKIP","floor":13},{"not_picked":["HandleRequest","SharpSwipe","Pound+1","DarkCloud","ShockRound","TimeForALittleTest","ViolentFlame","DefenseOrder","Thrust","Rewind"],"picked":"Reload","floor":18},{"not_picked":["WillOfThePrescript","SharpenedBlade+1","ClassAndRespect","FeatherShield","Rewind","FrontalAssault","MultiBlock+1","Eliminate","GuidanceOfTheGears","SuppressingShot+1"],"picked":"Reload","floor":21},{"not_picked":["SmokingPipe+1","EndlessBattle","GatherIntel","AsThePrescriptOrders","AbsorbImpact","SharpenedBlade","TendonChords","DirtyBlow","Gigigig","HighKick","DefenseOrder"],"picked":"SKIP","floor":23},{"not_picked":["AssaultOrder","OpportunitySpotted","BiteOff","Thrust","TheArtOfRapidSteps","DimensionalRift","DarkCloud+1","Brawl","AsThePrescriptOrders+1","BoundaryOfDeath","ButterflySlash+1"],"picked":"SKIP","floor":25},{"not_picked":["ViolentFlame","SinglePointStab","HighKick","SuppressingShot","FlashingStrike","Creak+1","SenseQuarry","ExtremeEdge","ForTheFamily","ClassAndRespect+1","TheArtOfRapidSteps"],"picked":"SKIP","floor":27},{"not_picked":["MultiBlock","BindingArms","EnergyConversion","RipSpace","GatherIntel+1","TrimTheIngredients","Rewind","Bvapour","Unlock1","AsThePrescriptOrders","ShockingBlow+1"],"picked":"SKIP","floor":29},{"not_picked":["Guardian_lor","AlloutWar","Rewind","Zzzzzap","Unlock1","TimeForALittleTest","FierceOnslaught+1","UnavoidableGaze","GatherIntel","FierceCharge","Transpierce"],"picked":"SKIP","floor":35},{"not_picked":["Wallop_lor","EnergyShield","Leap_lor","SinglePointStab","ExtractFuel","SetFire+1","Punishment","ViolentFlame+1","StayCalm","MultiHit","YoureAHindrance+1"],"picked":"SKIP","floor":39}],"player_experience":987643,"relics_obtained":[{"floor":1.0,"key":"SynthV:TestCard"},{"floor":7,"key":"TungstenRod"},{"floor":13,"key":"Happy Flower"},{"floor":25,"key":"ReplayTheSpireMod:Ninjato"},{"floor":29,"key":"Lantern"}],"event_choices":[{"damage_healed":0.0,"max_hp_gain":0.0,"max_hp_loss":0.0,"gold_gain":0.0,"cards_transformed":["LightDefense"],"event_name":"Transmorgrifier","player_choice":"Transformed","floor":2.0,"gold_loss":0.0,"damage_taken":0.0,"cards_obtained":["Decapitation"]},{"damage_healed":0,"gold_gain":0,"player_choice":"Success","damage_taken":26,"relics_obtained":["testmod-Antiphasic"],"max_hp_gain":0,"max_hp_loss":0,"event_name":"Scrap Ooze","floor":8,"gold_loss":0},{"cards_removed":["WrathOfTorment"],"damage_healed":0,"gold_gain":0,"player_choice":"Card Removal","damage_taken":7,"max_hp_gain":0,"max_hp_loss":0,"event_name":"Golden Wing","floor":14,"gold_loss":0},{"damage_healed":0,"gold_gain":0,"player_choice":"Upgraded Two","damage_taken":0,"max_hp_gain":0,"max_hp_loss":0,"event_name":"Designer","floor":19,"gold_loss":50,"cards_upgraded":["AT_KingSlayer","Reload"]},{"damage_healed":0,"gold_gain":0,"player_choice":"Shed Blood","damage_taken":30,"max_hp_gain":5,"max_hp_loss":0,"event_name":"Forgotten Altar","floor":28,"gold_loss":0},{"damage_healed":0,"gold_gain":0,"player_choice":"Bet on Murderer","damage_taken":0,"max_hp_gain":0,"max_hp_loss":0,"event_name":"The Joust","floor":31,"gold_loss":50},{"damage_healed":0,"gold_gain":0,"player_choice":"Upgraded","damage_taken":0,"max_hp_gain":0,"max_hp_loss":0,"event_name":"Upgrade Shrine","floor":37,"gold_loss":0,"cards_upgraded":["MostiFishMod:SparklingWater"]}],"is_beta":false,"boss_relics":[{"not_picked":["TakeMeEscape","hubris:HollowSoul"],"picked":"JellyFishMachine"},{"not_picked":["aspiration:IroncladSkillbook","aspiration:SecretTechniqueScroll"],"picked":"MoonlightInvasionPlan"}],"items_purged_floors":[3,3,3,3,3,3,3,3,3,3,20,20,38,38,38,38,38],"is_endless":false,"potions_floor_spawned":[1,4,6,11,21],"killed_by":"R_Hoarder","ascension_level":20}}