{"host":"sav7uxregyirlf69","time":1608792104,"event":{"mods":["AchievementEnabler","BaseMod","Colored Map","DeckTracker","Keyboard Shortcuts","Minty Spire (QoL Compilation)","READ ME - Guardian Mod","StSLib","SuperFastMode"],"gold_per_floor":[111,186,186,136,12,12,27,52,52,32,32,47,60,75,75,178,178,195,195,205,219,134,169,89,89,113,113,138,138,138,138],"floor_reached":30,"playtime":483,"items_purged":["Strike_B","Strike_B"],"score":512,"play_id":"8dd129d4-96d4-41ba-9b5f-a488588dd960","local_time":"20201224154144","is_ascension_mode":true,"campfire_choices":[{"data":"Zap","floor":11,"key":"SMITH"},{"data":"Dualcast","floor":15,"key":"SMITH"}],"circlet_count":0,"master_deck":["AscendersBane","Defend_B","Defend_B","Defend_B","Zap+1","Dualcast+1","Glacier","Sweeping Beam","Ball Lightning","Gash","All For One","Gash","Undo","Cold Snap","Seek","Beam Cell","All For One","Hologram"],"relics":["Cracked Core","NeowsBlessing","Ornamental Fan","The Courier","Black Star","Centennial Puzzle","Nunchaku","Bronze Scales","Bottled Lightning","Prayer Wheel","Molten Egg 2"],"acts_visited":["Exordium","TheCity"],"potions_floor_usage":[16,23,23,28,30],"damage_taken":[{"damage":0,"enemies":"Jaw Worm","floor":1,"turns":1},{"damage":0,"enemies":"Small Slimes","floor":7,"turns":1},{"damage":0,"enemies":"3 Sentries","floor":8,"turns":2},{"damage":0,"enemies":"2 Louse","floor":12,"turns":2},{"damage":1,"enemies":"Large Slime","floor":13,"turns":3},{"damage":7,"enemies":"Looter","floor":14,"turns":2},{"damage":0,"enemies":"Slime Boss","floor":16,"turns":8},{"damage":3,"enemies":"3 Byrds","floor":18,"turns":4},{"damage":8,"enemies":"Chosen","floor":20,"turns":4},{"damage":17,"enemies":"Snecko","floor":21,"turns":4},{"damage":13,"enemies":"Gremlin Leader","floor":23,"turns":5},{"damage":23,"enemies":"Book of Stabbing","floor":28,"turns":5},{"damage":16,"enemies":"Gremlin Leader","floor":30,"turns":3}],"seed_played":"5069350720433288960","potions_obtained":[{"floor":12,"key":"Explosive Potion"},{"floor":13,"key":"FocusPotion"},{"floor":14,"key":"FocusPotion"},{"floor":18,"key":"GamblersBrew"},{"floor":21,"key":"Explosive Potion"},{"floor":23,"key":"CultistPotion"}],"is_trial":false,"path_per_floor":["M","?","?","?","$","?","M","E","T","$","R","M","M","M","R","B",null,"M","?","M","M","?","E","$","?","T","T","E","?","E"],"character_chosen":"DEFECT","items_purchased":["Ball Lightning","Gash"],"campfire_rested":0,"item_purchase_floors":[5,10],"current_hp_per_floor":[68,57,57,57,57,62,62,62,62,62,62,62,61,54,54,54,74,71,71,63,46,46,33,33,33,33,33,10,10,0,0],"gold":138,"neow_bonus":"THREE_ENEMY_KILL","is_daily":false,"chose_seed":false,"campfire_upgraded":2,"win_rate":0.0,"timestamp":1608792104,"path_taken":["M","?","?","?","$","?","M","E","T","?","R","?","M","M","R","BOSS","M","?","M","M","?","E","$","?","T","?","E","?","E"],"items_purchased_type":["Card","Card"],"build_version":"2020-12-22","purchased_purges":2,"victory":false,"max_hp_per_floor":[75,75,75,75,75,80,80,80,80,80,80,80,80,80,80,80,80,80,80,80,80,80,80,80,80,80,80,80,80,80,80],"card_choices":[{"not_picked":["Leap","Go for the Eyes"],"picked":"Glacier","floor":1},{"not_picked":["Rebound","Reprogram"],"picked":"Gash","floor":7},{"not_picked":["Streamline","Fusion"],"picked":"All For One","floor":8},{"not_picked":["Scrape","Ball Lightning","Barrage"],"picked":"SKIP","floor":12},{"not_picked":["Glacier","Force Field"],"picked":"Undo","floor":13},{"not_picked":["Storm","Blizzard"],"picked":"Cold Snap","floor":14},{"not_picked":["Electrodynamics","Amplify"],"picked":"Seek","floor":16},{"not_picked":["Stack","Rebound","Chaos"],"picked":"SKIP","floor":18},{"not_picked":["Conserve Battery+1","Sweeping Beam"],"picked":"Beam Cell","floor":20},{"not_picked":["Streamline+1","Redo","Conserve Battery"],"picked":"SKIP","floor":21},{"not_picked":["Stack+1","Turbo"],"picked":"All For One","floor":23},{"not_picked":["Redo","Melter+1"],"picked":"Hologram","floor":28}],"player_experience":1000721,"relics_obtained":[{"floor":8,"key":"Ornamental Fan"},{"floor":9,"key":"The Courier"},{"floor":23,"key":"Nunchaku"},{"floor":23,"key":"Bronze Scales"},{"floor":27,"key":"Bottled Lightning"},{"floor":28,"key":"Prayer Wheel"},{"floor":28,"key":"Molten Egg 2"}],"event_choices":[{"damage_healed":0,"gold_gain":75,"player_choice":"Gather Gold","damage_taken":11,"max_hp_gain":0,"max_hp_loss":0,"event_name":"World of Goop","floor":2,"gold_loss":0},{"damage_healed":0,"gold_gain":0,"cards_transformed":["Strike_B"],"player_choice":"Change","damage_taken":0,"max_hp_gain":0,"max_hp_loss":0,"event_name":"Living Wall","floor":3,"gold_loss":0,"cards_obtained":["Sweeping Beam"]},{"cards_removed":["Defend_B"],"damage_healed":0,"gold_gain":0,"player_choice":"Card Removal","damage_taken":0,"max_hp_gain":0,"max_hp_loss":0,"event_name":"The Cleric","floor":4,"gold_loss":50},{"damage_healed":0,"gold_gain":0,"player_choice":"Donut","damage_taken":0,"max_hp_gain":5,"max_hp_loss":0,"event_name":"Big Fish","floor":6,"gold_loss":0},{"damage_healed":0,"gold_gain":0,"player_choice":"Ignored","damage_taken":0,"max_hp_gain":0,"max_hp_loss":0,"event_name":"The Mausoleum","floor":19,"gold_loss":0},{"damage_healed":0,"gold_gain":0,"player_choice":"Obtained Relic","damage_taken":0,"relics_obtained":["Centennial Puzzle"],"max_hp_gain":0,"max_hp_loss":0,"event_name":"Addict","floor":22,"gold_loss":85},{"cards_removed":["Strike_B"],"damage_healed":0,"gold_gain":0,"player_choice":"Elegance","damage_taken":0,"max_hp_gain":0,"max_hp_loss":0,"event_name":"Back to Basics","floor":25,"gold_loss":0},{"damage_healed":0,"gold_gain":0,"player_choice":"Ignored","damage_taken":0,"max_hp_gain":0,"max_hp_loss":0,"event_name":"Vampires","floor":29,"gold_loss":0}],"is_beta":false,"boss_relics":[{"not_picked":["SlaversCollar","Sozu"],"picked":"Black Star"}],"items_purged_floors":[5,24],"is_endless":false,"potions_floor_spawned":[12,13,14,18,21,23],"killed_by":"Gremlin Leader","ascension_level":10}}