{"host":"xhamcave7q47vrco","time":1608788861,"event":{"mods":["ATMod(°¢èªMod)","AchievementEnabler","BaseMod","Card Forge","Colored Powertips","Minty Spire (QoL Compilation)","Permanent Neow","Quick Restart","Remove Card Discount Mod","Shop Mod","StSLib","¡¾ÒÅÎï¿¨ÅÆ¡¿REMEMod"],"gold_per_floor":[114,114,214,233,248,248,262,288,288,313,313,14,14,32,32,131,131,147,147,159,175,187,187,216,227,227,241,237,265,265,265,265,361,361,377,377,51,0,0,35,35,127,178,268,327,191,326,385,385,435,435,435,283,358,383],"floor_reached":56,"playtime":2046,"items_purged":["Strike_R","Strike_R","Strike_R","Defend_R","Defend_R","Defend_R","Strike_R","Writhe"],"score":2068,"play_id":"3202e8b4-ab8f-463b-b672-7bff5a6eaab5","local_time":"20201224134741","is_ascension_mode":true,"campfire_choices":[{"data":"AT_ShrugMaster","floor":6,"key":"SMITH"},{"data":"Shockwave","floor":11,"key":"SMITH"},{"data":"Pummel","floor":13,"key":"SMITH"},{"data":"Heavy Blade","floor":15,"key":"SMITH"},{"data":"Berserk","floor":23,"key":"SMITH"},{"data":"AT_IchimonjiDouble","floor":30,"key":"SMITH"},{"floor":32,"key":"RECALL"},{"data":"Limit Break","floor":41,"key":"SMITH"},{"data":"Whirlwind","floor":49,"key":"SMITH"},{"data":"Reaper","floor":52,"key":"SMITH"}],"circlet_count":0,"master_deck":["AT_ChampionKick+1","Reaper+1","Inflame+1","Shockwave+1","Pummel+1","AT_ShrugMaster+1","Pummel+1","AT_IchimonjiDouble+1","Heavy Blade+1","Berserk+1","Limit Break+1","Whirlwind+1"],"relics":["Hammer of Thor","Seething Fire","Anvil of the Gods","REME_ComplimentaryCards","AT_ATBox","AT_TrinityForce","Strawberry","Ice Cream","Sozu","Pocketwatch","InkBottle","Centennial Puzzle","REME_DuelDisc","Singing Bowl","Red Mask","AT_MibuBalloonWealth","AT_RedTearstoneRing","Mummified Hand","MerchantsRug","Bronze Scales","AT_ForceNature","REME_CardOfGreed","AT_Kusabimaru"],"acts_visited":["Exordium","TheCity","TheBeyond","TheEnding"],"potions_floor_usage":[],"damage_taken":[{"damage":0,"enemies":"2 Louse","floor":1,"turns":1},{"damage":0,"enemies":"Small Slimes","floor":4,"turns":2},{"damage":0,"enemies":"Cultist","floor":5,"turns":2},{"damage":8,"enemies":"Lots of Slimes","floor":7,"turns":4},{"damage":9,"enemies":"3 Sentries","floor":8,"turns":3},{"damage":0,"enemies":"Lagavulin","floor":10,"turns":3},{"damage":0,"enemies":"2 Fungi Beasts","floor":14,"turns":2},{"damage":0,"enemies":"The Guardian","floor":16,"turns":3},{"damage":0,"enemies":"3 Byrds","floor":18,"turns":3},{"damage":0,"enemies":"Chosen","floor":20,"turns":2},{"damage":0,"enemies":"Snake Plant","floor":21,"turns":2},{"damage":8,"enemies":"Centurion and Healer","floor":22,"turns":3},{"damage":10,"enemies":"Book of Stabbing","floor":24,"turns":3},{"damage":0,"enemies":"Shelled Parasite and Fungi","floor":25,"turns":2},{"damage":0,"enemies":"Snake Plant","floor":27,"turns":2},{"damage":0,"enemies":"Gremlin Leader","floor":29,"turns":3},{"damage":7,"enemies":"Automaton","floor":33,"turns":4},{"damage":0,"enemies":"3 Darklings","floor":35,"turns":2},{"damage":12,"enemies":"Reptomancer","floor":40,"turns":3},{"damage":16,"enemies":"3 Shapes","floor":42,"turns":1},{"damage":8,"enemies":"Sphere and 2 Shapes","floor":44,"turns":2},{"damage":0,"enemies":"Giant Head","floor":45,"turns":3},{"damage":0,"enemies":"3 Darklings","floor":47,"turns":2},{"damage":0,"enemies":"Nemesis","floor":48,"turns":2},{"damage":36,"enemies":"Donu and Deca","floor":50,"turns":2},{"damage":8,"enemies":"Shield and Spear","floor":54,"turns":2},{"damage":0,"enemies":"The Heart","floor":55,"turns":3}],"seed_played":"-3475523096210944460","potions_obtained":[{"floor":4,"key":"Fire Potion"},{"floor":5,"key":"BlessingOfTheForge"},{"floor":7,"key":"FairyPotion"},{"floor":14,"key":"DistilledChaos"}],"is_trial":false,"path_per_floor":["M","?","?","M","M","R","M","E","T","E","R","$","R","M","R","B",null,"M","?","M","M","M","R","E","M","T","M","$","E","R","?","R","B",null,"M","?","$","?","$","E","R","M","T","M","E","$","M","E","R","B",null,"R","$","E","B",null],"character_chosen":"IRONCLAD","items_purchased":["Unceasing Top","Singing Bowl","Whirlwind","MerchantsRug","Bronze Scales","REME_CardOfGreed"],"campfire_rested":0,"item_purchase_floors":[12,37,37,46,46,53],"current_hp_per_floor":[72,60,60,60,60,60,80,78,78,78,78,78,78,78,78,78,85,85,85,85,85,77,77,84,84,84,84,84,87,87,87,87,80,85,85,87,87,87,87,89,89,75,75,77,79,79,97,99,99,63,90,90,90,101,101],"gold":383,"neow_bonus":"BOSS_RELIC","is_daily":false,"chose_seed":false,"campfire_upgraded":9,"win_rate":0.0,"timestamp":1608788861,"path_taken":["M","?","?","M","M","R","M","E","T","E","R","$","R","M","R","BOSS","M","?","M","M","M","R","E","?","T","M","$","E","R","?","R","BOSS","M","?","$","?","$","E","R","M","T","M","E","?","M","E","R","BOSS","R","$","E","BOSS"],"items_purchased_type":["Relic","Relic","Card","Relic","Relic","Relic"],"build_version":"2020-12-22","purchased_purges":8,"victory":true,"max_hp_per_floor":[80,80,80,80,80,80,80,87,87,87,87,87,87,87,87,87,87,87,87,87,87,87,87,87,87,87,87,87,87,87,87,87,87,87,87,87,87,87,87,89,89,91,91,93,95,95,97,99,99,99,99,99,99,101,101],"card_choices":[{"not_picked":["AT_GerminateFire","Iron Wave","Pommel Strike"],"picked":"SKIP","floor":1},{"not_picked":["Perfected Strike","Fire Breathing"],"picked":"AT_ShrugMaster","floor":4},{"not_picked":["Dropkick","Body Slam"],"picked":"Pummel","floor":5},{"not_picked":["Havoc","Body Slam"],"picked":"AT_IchimonjiDouble","floor":7},{"not_picked":["AT_DiedThrough","Entrench","AT_GerminateFire"],"picked":"SKIP","floor":8},{"not_picked":["REME_SingleHolding","Rage"],"picked":"Heavy Blade","floor":10},{"not_picked":["Clothesline","AT_IchimonjiDouble","Clash"],"picked":"SKIP","floor":14},{"not_picked":["Bludgeon","Double Tap"],"picked":"Berserk","floor":16},{"not_picked":["Intimidate","Shrug It Off","Body Slam"],"picked":"SKIP","floor":18},{"not_picked":["Sentinel","Armaments+1","Flex"],"picked":"SKIP","floor":20},{"not_picked":["Twin Strike","Clothesline","Power Through+1"],"picked":"SKIP","floor":21},{"not_picked":["Juggernaut","Sword Boomerang+1","Pommel Strike"],"picked":"SKIP","floor":22},{"not_picked":["Wild Strike+1","Body Slam","Flex"],"picked":"SKIP","floor":24},{"not_picked":["AT_BodySlamDance","Clash","Thunderclap"],"picked":"SKIP","floor":25},{"not_picked":["Offering","Iron Wave","Hemokinesis"],"picked":"SKIP","floor":27},{"not_picked":["Perfected Strike+1","AT_IchimonjiDouble","Iron Wave"],"picked":"SKIP","floor":29},{"not_picked":["AT_Dispersion","Exhume"],"picked":"Limit Break","floor":33},{"not_picked":["Pommel Strike","Body Slam","AT_ManFootWork"],"picked":"SKIP","floor":35},{"not_picked":["Thunderclap+1","Clothesline+1","Cleave+1"],"picked":"Singing Bowl","floor":40},{"not_picked":["Searing Blow","Rupture","Wild Strike"],"picked":"Singing Bowl","floor":42},{"not_picked":["Anger","Shrug It Off","Armaments"],"picked":"Singing Bowl","floor":44},{"not_picked":["Reaper","Iron Wave+1","Clothesline+1"],"picked":"Singing Bowl","floor":45},{"not_picked":["AT_DrawKnifeCut+1","AT_DiedThrough+1","Clothesline"],"picked":"Singing Bowl","floor":47},{"not_picked":["Immolate","Armaments","True Grit+1"],"picked":"Singing Bowl","floor":48},{"not_picked":["Wild Strike","Battle Trance+1","Searing Blow+1"],"picked":"Singing Bowl","floor":54}],"player_experience":67955,"relics_obtained":[{"floor":8,"key":"Strawberry"},{"floor":10,"key":"Ice Cream"},{"floor":24,"key":"Pocketwatch"},{"floor":26,"key":"InkBottle"},{"floor":29,"key":"Centennial Puzzle"},{"floor":40,"key":"AT_MibuBalloonWealth"},{"floor":43,"key":"AT_RedTearstoneRing"},{"floor":45,"key":"Mummified Hand"},{"floor":48,"key":"AT_ForceNature"},{"floor":54,"key":"AT_Kusabimaru"}],"event_choices":[{"damage_healed":0,"gold_gain":0,"player_choice":"Success","damage_taken":12,"relics_obtained":["White Beast Statue"],"max_hp_gain":0,"max_hp_loss":0,"event_name":"Scrap Ooze","floor":2,"gold_loss":0},{"damage_healed":0,"gold_gain":100,"player_choice":"Pray","damage_taken":0,"max_hp_gain":0,"max_hp_loss":0,"event_name":"Golden Shrine","floor":3,"gold_loss":0},{"damage_healed":0,"gold_gain":0,"player_choice":"Got Potions","damage_taken":0,"max_hp_gain":0,"max_hp_loss":0,"event_name":"Lab","floor":19,"gold_loss":0},{"damage_healed":0,"gold_gain":0,"player_choice":"Ignored","damage_taken":0,"max_hp_gain":0,"max_hp_loss":0,"event_name":"Ghosts","floor":31,"gold_loss":0},{"damage_healed":22,"gold_gain":0,"player_choice":"Writhe","damage_taken":0,"max_hp_gain":0,"max_hp_loss":0,"event_name":"Winding Halls","floor":36,"gold_loss":0,"cards_obtained":["Writhe"]},{"damage_healed":0,"gold_gain":0,"player_choice":"Paid","damage_taken":0,"relics_obtained":["Red Mask"],"max_hp_gain":0,"max_hp_loss":0,"event_name":"Tomb of Lord Red Mask","floor":38,"gold_loss":51}],"is_beta":false,"boss_relics":[{"not_picked":["Ectoplasm","Astrolabe"],"picked":"Sozu"},{"not_picked":["Mark of Pain","Calling Bell"],"picked":"REME_DuelDisc"}],"items_purged_floors":[12,12,12,12,12,28,28,37],"is_endless":false,"potions_floor_spawned":[4,5,7,8,10,14,16,18,20,21,22,24,25,27,29,33,35,40,42,44,45],"ascension_level":9}}