{"host":"cij6922spxtbkai3","time":1608828811,"event":{"mods":["2.2 Compatiblity","AchievementEnabler","BaseMod","Colored Map","DeckTracker","Highlight Path","Keyboard Shortcuts","Minty Spire (QoL Compilation)","Permanent Neow","Quick Restart","Rare Cards Sparkle","SuperFastMode","everything is the same but u backflip on backflip"],"gold_per_floor":[117,117,292,242,254,254,270,288,288,303,333,345,5,17,17,112,162,179,179,179,179,94,94,24,24,70,81,0,33,49,64,64,160,160,180,197,197,59,74,90,90,109,161,187,187,236,236,13,13,13,13],"floor_reached":50,"playtime":4153,"items_purged":[],"score":542,"play_id":"24b63123-0c30-43a4-b27d-fead15891c74","local_time":"20201225015331","is_ascension_mode":false,"campfire_choices":[{"data":"Dramatic Entrance","floor":6,"key":"SMITH"},{"data":"Mayhem","floor":15,"key":"SMITH"},{"data":"Infinite Blades","floor":23,"key":"SMITH"},{"data":"Glass Knife","floor":25,"key":"SMITH"},{"floor":32,"key":"REST"},{"data":"After Image","floor":41,"key":"SMITH"},{"data":"Finisher","floor":45,"key":"SMITH"},{"floor":47,"key":"REST"},{"data":"Glass Knife","floor":49,"key":"SMITH"}],"circlet_count":0,"master_deck":["Strike_G","Strike_G","Strike_G+1","Strike_G","Strike_G","Defend_G","Defend_G","Defend_G","Defend_G","Defend_G","Survivor","Neutralize","Dramatic Entrance+1","Infinite Blades+1","Deflect","Distraction","Dodge and Roll","Finisher+1","Footwork","Backflip","Mayhem+1","Acrobatics","Glass Knife+1","Dagger Spray","Tactician+1","Ghostly","Ghostly","Ghostly","Ghostly","Ghostly","Blade Dance+1","Flying Knee","Dagger Throw","Doppelganger+1","Dash","Catalyst+1","Quick Slash+1","After Image+1","Underhanded Strike+1","All Out Attack","Jack Of All Trades+1","Slice","Leg Sweep+1","Die Die Die","Expertise+1","Backflip+1","Prepared+1","Glass Knife+1"],"relics":["Ring of the Snake","Kunai","Sundial","PreservedInsect","Snake Skull","Tiny House","Toxic Egg 2","FossilizedHelix","Pen Nib","White Beast Statue","SlaversCollar","Nunchaku","Omamori","Tough Bandages","Strawberry"],"acts_visited":["Exordium","TheCity","TheBeyond"],"potions_floor_usage":[16,16,18,29,29,33,33,33,35,40,40,42,42,46,46,50],"damage_taken":[{"damage":2,"enemies":"2 Louse","floor":1,"turns":3},{"damage":0,"enemies":"Small Slimes","floor":5,"turns":3},{"damage":1,"enemies":"Jaw Worm","floor":7,"turns":6},{"damage":1,"enemies":"Blue Slaver","floor":8,"turns":5},{"damage":2,"enemies":"Large Slime","floor":10,"turns":9},{"damage":8,"enemies":"Gremlin Nob","floor":11,"turns":4},{"damage":5,"enemies":"3 Louse","floor":12,"turns":4},{"damage":15,"enemies":"Exordium Thugs","floor":14,"turns":5},{"damage":4,"enemies":"Hexaghost","floor":16,"turns":13},{"damage":22,"enemies":"Spheric Guardian","floor":18,"turns":5},{"damage":14,"enemies":"Chosen","floor":27,"turns":6},{"damage":4,"enemies":"Book of Stabbing","floor":29,"turns":6},{"damage":1,"enemies":"3 Cultists","floor":30,"turns":5},{"damage":4,"enemies":"Centurion and Healer","floor":31,"turns":8},{"damage":25,"enemies":"Automaton","floor":33,"turns":14},{"damage":6,"enemies":"3 Darklings","floor":35,"turns":7},{"damage":4,"enemies":"Orb Walker","floor":36,"turns":4},{"damage":3,"enemies":"4 Shapes","floor":39,"turns":7},{"damage":0,"enemies":"3 Darklings","floor":40,"turns":8},{"damage":0,"enemies":"Transient","floor":42,"turns":5},{"damage":6,"enemies":"Nemesis","floor":44,"turns":7},{"damage":12,"enemies":"2 Orb Walkers","floor":46,"turns":5},{"damage":42,"enemies":"Donu and Deca","floor":50,"turns":16}],"seed_played":"5180960661235261514","potions_obtained":[{"floor":7,"key":"AttackPotion"},{"floor":10,"key":"DuplicationPotion"},{"floor":12,"key":"LiquidBronze"},{"floor":16,"key":"CunningPotion"},{"floor":17,"key":"LiquidMemories"},{"floor":18,"key":"Energy Potion"},{"floor":30,"key":"DistilledChaos"},{"floor":31,"key":"SpeedPotion"},{"floor":33,"key":"SkillPotion"},{"floor":35,"key":"Swift Potion"},{"floor":36,"key":"DistilledChaos"},{"floor":39,"key":"DistilledChaos"},{"floor":40,"key":"SpeedPotion"},{"floor":42,"key":"Regen Potion"},{"floor":44,"key":"Block Potion"},{"floor":46,"key":"AttackPotion"}],"is_trial":false,"path_per_floor":["M","?","?","?","M","R","M","M","T","M","E","M","$","M","R","B",null,"M","?","?","?","?","R","$","R","T","M","$","E","M","M","R","B",null,"M","M","?","$","M","M","R","M","T","E","R","?","R","$","R","B"],"character_chosen":"THE_SILENT","items_purchased":["Mayhem","Snake Skull","Blade Dance+1","Flying Knee","Doppelganger+1","Jack Of All Trades+1","Slice","Glass Knife","Strawberry"],"campfire_rested":2,"item_purchase_floors":[13,13,24,24,28,38,38,48,48],"current_hp_per_floor":[68,65,65,65,65,65,64,63,63,61,53,48,48,33,33,29,75,53,39,39,39,39,39,39,39,39,25,25,21,20,16,28,3,40,34,30,30,30,27,27,27,27,27,21,21,14,26,33,33,0,0],"gold":13,"neow_bonus":"RANDOM_COLORLESS","is_daily":false,"chose_seed":false,"campfire_upgraded":7,"win_rate":0.0,"timestamp":1608828811,"path_taken":["M","?","?","?","M","R","M","M","T","M","E","M","$","M","R","BOSS","M","?","?","?","?","R","?","R","T","M","$","E","M","?","R","BOSS","M","M","?","$","M","M","R","M","T","E","R","?","R","?","R","BOSS"],"items_purchased_type":["Card","Relic","Card","Card","Card","Card","Card","Card","Relic"],"build_version":"2020-12-22","purchased_purges":0,"victory":false,"max_hp_per_floor":[70,70,70,70,70,70,70,70,70,70,70,70,70,70,70,70,75,75,80,40,40,40,40,40,40,40,40,40,40,40,40,40,40,40,40,40,40,40,40,40,40,40,40,40,40,40,40,47,47,47,47],"card_choices":[{"not_picked":["Deep Breath","Madness"],"picked":"Dramatic Entrance","floor":0},{"not_picked":["Backflip","Quick Slash"],"picked":"Infinite Blades","floor":1},{"not_picked":["Bane","Underhanded Strike"],"picked":"Deflect","floor":5},{"not_picked":["Skewer","Deflect"],"picked":"Distraction","floor":7},{"not_picked":["Noxious Fumes","Caltrops"],"picked":"Dodge and Roll","floor":8},{"not_picked":["Blur","Deadly Poison"],"picked":"Finisher","floor":10},{"not_picked":["Catalyst","Infinite Blades"],"picked":"Footwork","floor":11},{"not_picked":["Endless Agony","Tactician"],"picked":"Backflip","floor":12},{"not_picked":["Dodge and Roll","Infinite Blades"],"picked":"Acrobatics","floor":14},{"not_picked":["After Image","Venomology"],"picked":"Glass Knife","floor":16},{"not_picked":["Deadly Poison","Prepared"],"picked":"Dagger Spray","floor":17},{"not_picked":["PiercingWail","Sucker Punch"],"picked":"Tactician+1","floor":18},{"not_picked":["Leg Sweep+1","Bouncing Flask+1"],"picked":"Dagger Throw","floor":27},{"not_picked":["PiercingWail+1","Escape Plan+1"],"picked":"Dash","floor":29},{"not_picked":["Quick Slash","Flying Knee"],"picked":"Catalyst+1","floor":30},{"not_picked":["All Out Attack","Sucker Punch"],"picked":"Quick Slash+1","floor":31},{"not_picked":["Night Terror+1","Corpse Explosion+1"],"picked":"After Image","floor":33},{"not_picked":["PiercingWail+1","Acrobatics+1"],"picked":"Underhanded Strike+1","floor":35},{"not_picked":["Bane","Finisher"],"picked":"All Out Attack","floor":36},{"not_picked":["Quick Slash","Deflect+1"],"picked":"Leg Sweep+1","floor":39},{"not_picked":["Crippling Poison+1","Predator"],"picked":"Die Die Die","floor":40},{"not_picked":["Flying Knee+1","Dagger Spray"],"picked":"Expertise+1","floor":42},{"not_picked":["Deflect+1","Bane"],"picked":"Backflip+1","floor":44},{"not_picked":["Acrobatics+1","Finisher+1"],"picked":"Prepared+1","floor":46}],"player_experience":17148,"relics_obtained":[{"floor":9,"key":"Sundial"},{"floor":11,"key":"PreservedInsect"},{"floor":26,"key":"Pen Nib"},{"floor":29,"key":"White Beast Statue"},{"floor":43,"key":"Nunchaku"},{"floor":44,"key":"Omamori"},{"floor":46,"key":"Tough Bandages"}],"event_choices":[{"damage_healed":0,"gold_gain":0,"player_choice":"Success","damage_taken":3,"relics_obtained":["Kunai"],"max_hp_gain":0,"max_hp_loss":0,"event_name":"Scrap Ooze","floor":2,"gold_loss":0},{"damage_healed":0,"gold_gain":175,"player_choice":"AGREE","damage_taken":0,"max_hp_gain":0,"max_hp_loss":0,"event_name":"Liars Game","floor":3,"gold_loss":0,"cards_obtained":["Doubt"]},{"cards_removed":["Doubt"],"damage_healed":0,"gold_gain":0,"player_choice":"Card Removal","damage_taken":0,"max_hp_gain":0,"max_hp_loss":0,"event_name":"The Cleric","floor":4,"gold_loss":50},{"damage_healed":0,"gold_gain":0,"player_choice":"Shed Blood","damage_taken":19,"max_hp_gain":5,"max_hp_loss":0,"event_name":"Forgotten Altar","floor":19,"gold_loss":0},{"damage_healed":0,"gold_gain":0,"player_choice":"Became a Ghost","damage_taken":0,"max_hp_gain":0,"max_hp_loss":40,"event_name":"Ghosts","floor":20,"gold_loss":0,"cards_obtained":["Ghostly","Ghostly","Ghostly","Ghostly","Ghostly"]},{"damage_healed":0,"gold_gain":0,"player_choice":"Opened","damage_taken":0,"relics_obtained":["Toxic Egg 2"],"max_hp_gain":0,"max_hp_loss":0,"event_name":"The Mausoleum","floor":21,"gold_loss":0},{"damage_healed":0,"gold_gain":0,"player_choice":"Obtained Relic","damage_taken":0,"relics_obtained":["FossilizedHelix"],"max_hp_gain":0,"max_hp_loss":0,"event_name":"Addict","floor":22,"gold_loss":85},{"damage_healed":0,"gold_gain":0,"player_choice":"Ignored","damage_taken":0,"max_hp_gain":0,"max_hp_loss":0,"event_name":"Tomb of Lord Red Mask","floor":37,"gold_loss":0},{"damage_healed":0,"gold_gain":0,"player_choice":"Fight","damage_taken":0,"max_hp_gain":0,"max_hp_loss":0,"event_name":"Mysterious Sphere","floor":46,"gold_loss":0}],"is_beta":false,"boss_relics":[{"not_picked":["Coffee Dripper","Ring of the Serpent"],"picked":"Tiny House"},{"not_picked":["Empty Cage","HoveringKite"],"picked":"SlaversCollar"}],"items_purged_floors":[],"is_endless":false,"potions_floor_spawned":[7,10,12,16,18,30,31,33,35,36,39,40,42,44,46],"killed_by":"Donu and Deca","ascension_level":0}}