{"host":"vcrofm1hbk0ziuql","time":1608845349,"event":{"mods":["2.2 Compatiblity","BaseMod","Colored Map","DeckTracker","Downfall","Googly Eyes","Highlight Path","Minty Spire (QoL Compilation)","StSLib"],"gold_per_floor":[114,5,15,15,28,59,59,18,18,28,41,41,59,78,78,179,179,189,206,106,122,133,133,148,148,230,230,230,240,254,265,265,265,265],"floor_reached":33,"playtime":1110,"items_purged":["Strike_R","Strike_R"],"score":255,"play_id":"5edee28a-5211-4d74-999e-28a68371c5f5","local_time":"20201224212908","is_ascension_mode":false,"campfire_choices":[{"data":"Bash","floor":12,"key":"SMITH"},{"data":"Fire Breathing","floor":15,"key":"SMITH"},{"floor":23,"key":"RECALL"},{"data":"Power Through","floor":25,"key":"SMITH"},{"data":"Whirlwind","floor":28,"key":"SMITH"},{"data":"Exhume","floor":32,"key":"SMITH"}],"circlet_count":0,"master_deck":["Strike_R","Strike_R","Defend_R","Defend_R","Defend_R","Bash+1","Fire Breathing+1","Whirlwind+1","Power Through+1","Reckless Charge+1","Fiend Fire+1","Dropkick+1","Fiend Fire+1","Dual Wield","Exhume+1"],"relics":["Burning Blood","NeowsBlessing","Molten Egg 2","Mark of Pain","Nloth\u0027s Gift"],"acts_visited":["Exordium","TheCity"],"potions_floor_usage":[6,16,16,16,18,29,30,33,33],"damage_taken":[{"damage":0,"enemies":"Cultist","floor":1,"turns":1},{"damage":0,"enemies":"Small Slimes","floor":3,"turns":1},{"damage":0,"enemies":"Jaw Worm","floor":5,"turns":1},{"damage":49,"enemies":"Lagavulin","floor":6,"turns":7},{"damage":0,"enemies":"Gremlin Gang","floor":10,"turns":2},{"damage":2,"enemies":"Blue Slaver","floor":11,"turns":3},{"damage":0,"enemies":"Red Slaver","floor":13,"turns":2},{"damage":6,"enemies":"2 Fungi Beasts","floor":14,"turns":2},{"damage":6,"enemies":"Hexaghost","floor":16,"turns":5},{"damage":0,"enemies":"2 Thieves","floor":18,"turns":4},{"damage":16,"enemies":"Spheric Guardian","floor":19,"turns":4},{"damage":21,"enemies":"Snake Plant","floor":21,"turns":2},{"damage":10,"enemies":"Snecko","floor":22,"turns":3},{"damage":12,"enemies":"3 Cultists","floor":24,"turns":4},{"damage":0,"enemies":"Cultist and Chosen","floor":29,"turns":3},{"damage":10,"enemies":"Snecko","floor":30,"turns":3},{"damage":0,"enemies":"Sentry and Sphere","floor":31,"turns":3},{"damage":75,"enemies":"Collector","floor":33,"turns":7}],"seed_played":"6601936737245515312","potions_obtained":[{"floor":1,"key":"FearPotion"},{"floor":6,"key":"Block Potion"},{"floor":10,"key":"ColorlessPotion"},{"floor":13,"key":"SneckoOil"},{"floor":16,"key":"ColorlessPotion"},{"floor":18,"key":"FearPotion"},{"floor":21,"key":"Energy Potion"},{"floor":24,"key":"EssenceOfSteel"},{"floor":29,"key":"hexamod:EctoCoolerPotion"}],"is_trial":false,"path_per_floor":["M","$","M","?","M","E","?","$","T","M","M","R","M","M","R","B",null,"M","M","$","M","M","R","M","R","T","?","R","M","M","M","R","B"],"character_chosen":"IRONCLAD","items_purchased":["Fire Breathing","Reckless Charge+1"],"campfire_rested":0,"item_purchase_floors":[2,8],"current_hp_per_floor":[80,80,80,80,80,37,37,37,37,43,47,47,53,53,53,53,80,80,70,70,55,51,51,45,45,45,45,45,51,47,53,53,0,0],"gold":265,"neow_bonus":"THREE_ENEMY_KILL","is_daily":false,"chose_seed":false,"campfire_upgraded":5,"win_rate":0.0,"timestamp":1608845348,"path_taken":["M","$","M","?","?","E","?","?","T","M","?","R","M","M","R","BOSS","M","?","$","M","M","R","M","R","T","?","R","M","?","M","R","BOSS"],"items_purchased_type":["Card","Card"],"build_version":"2020-12-22","purchased_purges":2,"victory":false,"max_hp_per_floor":[80,80,80,80,80,80,80,80,80,80,80,80,80,80,80,80,80,80,80,80,80,80,80,80,80,80,80,80,80,80,80,80,80,80],"card_choices":[{"not_picked":["Flame Barrier","Sword Boomerang","Iron Wave"],"picked":"SKIP","floor":1},{"not_picked":["Sword Boomerang","Iron Wave","Thunderclap"],"picked":"SKIP","floor":3},{"not_picked":["Armaments","Cleave"],"picked":"Whirlwind","floor":5},{"not_picked":["Perfected Strike+1","Cleave+1"],"picked":"Power Through","floor":6},{"not_picked":["Flex","Perfected Strike+1","Spot Weakness"],"picked":"SKIP","floor":10},{"not_picked":["Power Through","Combust"],"picked":"Fiend Fire+1","floor":11},{"not_picked":["Havoc","Headbutt+1"],"picked":"Dropkick+1","floor":13},{"not_picked":["Sword Boomerang+1","Ghostly Armor","Anger+1"],"picked":"SKIP","floor":14},{"not_picked":["Impervious","Barricade"],"picked":"Fiend Fire+1","floor":16},{"not_picked":["Seeing Red+1","Combust+1","Pummel+1"],"picked":"SKIP","floor":18},{"not_picked":["Flame Barrier","Armaments"],"picked":"Dual Wield","floor":19},{"not_picked":["Iron Wave+1","Flex","Clothesline+1"],"picked":"SKIP","floor":21},{"not_picked":["True Grit","Iron Wave+1","Perfected Strike+1"],"picked":"SKIP","floor":22},{"not_picked":["Rage","Shockwave+1","Heavy Blade+1"],"picked":"SKIP","floor":24},{"not_picked":["Heavy Blade+1","Pommel Strike+1"],"picked":"Exhume","floor":29},{"not_picked":["Flex","Heavy Blade+1","Headbutt+1"],"picked":"SKIP","floor":30},{"not_picked":["Rage","Clash+1","Armaments+1"],"picked":"SKIP","floor":31}],"player_experience":545042,"relics_obtained":[{"floor":6,"key":"Molten Egg 2"},{"floor":9,"key":"StrikeDummy"}],"event_choices":[{"cards_removed":["Defend_R"],"damage_healed":0,"gold_gain":0,"player_choice":"Offered Basic","damage_taken":0,"max_hp_gain":0,"max_hp_loss":0,"event_name":"Bonfire Elementals","floor":4,"gold_loss":0},{"cards_removed":["Strike_R"],"damage_healed":0,"gold_gain":0,"player_choice":"Forget","damage_taken":0,"max_hp_gain":0,"max_hp_loss":0,"event_name":"Living Wall","floor":7,"gold_loss":0},{"damage_healed":0,"gold_gain":0,"player_choice":"Traded Relic","damage_taken":0,"relics_obtained":["Nloth\u0027s Gift"],"max_hp_gain":0,"max_hp_loss":0,"event_name":"N\u0027loth","floor":27,"relics_lost":["StrikeDummy"],"gold_loss":0}],"is_beta":false,"boss_relics":[{"not_picked":["Black Star","Coffee Dripper"],"picked":"Mark of Pain"}],"items_purged_floors":[2,20],"is_endless":false,"potions_floor_spawned":[1,6,10,13,16,18,21,24,29],"killed_by":"Collector","ascension_level":0}}