{"host":"2461dio7vetlq1z3","time":1608775168,"event":{"mods":["2.2 Compatiblity","AchievementEnabler","Aspiration","BaseMod","Better Third Choice","Hermit","Marisa????????","Minty Spire (QoL Compilation)","Relic Stats","Spicy Shops","StSLib","The Runesmith","Waifu the Spire"],"gold_per_floor":[216,216,236,34,44,62,62,93,93,137,169,196,208,248,260,346,358,380,367,654,283,283,283,4,4,4,23,123,155,155,165,165,239,239,251,19,29,39,50,50,50,50,50,50,84,84,94,127,127,127,127,127,15,15,15],"floor_reached":54,"playtime":2986,"items_purged":["Regret","Regret","Strike_B"],"score":1612,"play_id":"f131b63d-94e4-41b1-8a4d-4dee755aed96","local_time":"20201224025928","is_ascension_mode":true,"campfire_choices":[{"data":"Genetic Algorithm","floor":7.0,"key":"SMITH"},{"floor":13.0,"key":"REST"},{"floor":15.0,"key":"REST"},{"data":"Defragment","floor":23.0,"key":"SMITH"},{"data":"Loop","floor":25.0,"key":"SMITH"},{"floor":30.0,"key":"REST"},{"data":"Darkness","floor":32.0,"key":"SMITH"},{"floor":40.0,"key":"REST"},{"data":"Strike_B","floor":42.0,"key":"PURGE"},{"floor":44.0,"key":"RECALL"},{"data":"Parasite","floor":49.0,"key":"PURGE"},{"data":"Ball Lightning+1","floor":52.0,"key":"PURGE"}],"circlet_count":0,"master_deck":["AscendersBane","Defend_B+1","Defend_B+1","Defend_B+1","Defend_B+1","Zap+1","Dualcast+1","aspiration:Polymerization+1","Genetic Algorithm+1","Leap+1","Loop+1","BootSequence+1","Conserve Battery+1","Seek+1","Reinforced Body+1","Cold Snap+1","Coolheaded+1","Leap+1","Darkness+1","Defragment+1","Redo+1","Defragment+1","Redo+1","Echo Form+1","Reinforced Body+1","Steam Power+1","BootSequence+1","Echo Form+1","Capacitor+1"],"relics":["Cracked Core","FossilizedHelix","Vajra","MawBank","Centennial Puzzle","Nunchaku","aspiration:Stellarator","Orrery","Torii","aspiration:FaultyCoupler","Peace Pipe","Thread and Needle","Frozen Egg 2","Happy Flower","Empty Cage","War Paint","Mark of the Bloom","Ice Cream"],"acts_visited":["Exordium","TheCity","TheBeyond","TheEnding"],"potions_floor_usage":[54],"damage_taken":[{"damage":1.0,"enemies":"Cultist","floor":1.0,"turns":3.0},{"damage":6.0,"enemies":"2 Louse","floor":3.0,"turns":2.0},{"damage":0.0,"enemies":"Small Slimes","floor":5.0,"turns":3.0},{"damage":0.0,"enemies":"Blue Slaver","floor":6.0,"turns":4.0},{"damage":10.0,"enemies":"Lagavulin","floor":8.0,"turns":5.0},{"damage":24.0,"enemies":"3 Sentries","floor":10.0,"turns":8.0},{"damage":0.0,"enemies":"2 Fungi Beasts","floor":11.0,"turns":2.0},{"damage":0.0,"enemies":"Large Slime","floor":12.0,"turns":6.0},{"damage":33.0,"enemies":"Gremlin Nob","floor":14.0,"turns":4.0},{"damage":31.0,"enemies":"Slime Boss","floor":16.0,"turns":11.0},{"damage":12.0,"enemies":"Spheric Guardian","floor":18.0,"turns":6.0},{"damage":0.0,"enemies":"2 Thieves","floor":19.0,"turns":4.0},{"damage":10.0,"enemies":"Sentry and Sphere","floor":27.0,"turns":10.0},{"damage":1.0,"enemies":"Colosseum Slavers","floor":28.0,"turns":5.0},{"damage":0.0,"enemies":"Colosseum Nobs","floor":28.0,"turns":6.0},{"damage":11.0,"enemies":"Gremlin Leader","floor":29.0,"turns":5.0},{"damage":0.0,"enemies":"Snake Plant","floor":31.0,"turns":5.0},{"damage":0.0,"enemies":"Champ","floor":33.0,"turns":6.0},{"damage":0.0,"enemies":"3 Shapes","floor":35.0,"turns":3.0},{"damage":0.0,"enemies":"3 Darklings","floor":37.0,"turns":5.0},{"damage":24.0,"enemies":"Sphere and 2 Shapes","floor":38.0,"turns":6.0},{"damage":1.0,"enemies":"Spire Growth","floor":39.0,"turns":7.0},{"damage":1.0,"enemies":"Nemesis","floor":45.0,"turns":9.0},{"damage":0.0,"enemies":"Writhing Mass","floor":47.0,"turns":6.0},{"damage":43.0,"enemies":"Reptomancer","floor":48.0,"turns":6.0},{"damage":0.0,"enemies":"Awakened One","floor":50.0,"turns":12.0},{"damage":20,"enemies":"Shield and Spear","floor":54,"turns":6}],"seed_played":"2013945264236828218","potions_obtained":[{"floor":2.0,"key":"LiquidBronze"},{"floor":2.0,"key":"FocusPotion"},{"floor":6.0,"key":"Strength Potion"},{"floor":11.0,"key":"GamblersBrew"},{"floor":12.0,"key":"Swift Potion"},{"floor":14.0,"key":"Block Potion"},{"floor":18.0,"key":"Swift Potion"},{"floor":19.0,"key":"FocusPotion"},{"floor":37.0,"key":"LiquidBronze"},{"floor":38.0,"key":"FearPotion"}],"is_trial":false,"path_per_floor":["M","?","M","$","M","M","R","E","T","E","M","M","R","E","R","B",null,"M","M","?","$","T","R","$","R","T","M","?","E","R","M","R","B",null,"M","$","M","M","M","R","?","R","T","R","E","?","M","E","R","B",null,"R","$","E"],"character_chosen":"DEFECT","items_purchased":["FossilizedHelix","Orrery","Defragment","aspiration:FaultyCoupler","Reinforced Body","EntropicBrew"],"campfire_rested":4,"item_purchase_floors":[4,21,21,24,36,53],"current_hp_per_floor":[63,63,57,57,57,57,57,47,47,23,23,23,44,11,32,1,54,42,42,42,42,42,42,42,42,42,32,31,20,41,41,41,41,64,64,64,64,40,39,60,60,60,60,60,59,59,59,16,16,16,16,16,16,0,0],"gold":15,"neow_bonus":"HUNDRED_GOLD","is_daily":false,"chose_seed":false,"campfire_upgraded":4,"win_rate":0.0,"timestamp":1608775168,"path_taken":["M","?","M","$","M","?","R","E","T","E","M","M","R","E","R","BOSS","M","?","?","$","?","R","$","R","T","M","?","E","R","M","R","BOSS","M","$","M","M","M","R","?","R","T","R","E","?","M","E","R","BOSS","R","$","E"],"items_purchased_type":["Relic","Relic","Card","Relic","Card","Potion"],"build_version":"2020-12-22","purchased_purges":3,"victory":false,"max_hp_per_floor":[71,71,71,71,71,71,71,71,71,71,71,71,71,71,71,71,71,71,71,71,71,71,71,71,71,71,71,71,71,71,71,71,71,71,71,71,71,71,71,71,67,67,67,67,67,67,67,67,64,64,64,64,64,64,64],"relic_stats":{"Peace Pipe":3,"Centennial Puzzle":[33],"Nunchaku":[6],"Mark of the Bloom":51,"Torii":21,"Happy Flower":[23],"counters":[27,152],"War Paint":["Reinforced Body","Leap"],"MawBank":144,"obtain_stats":[{"Ice Cream":48,"Mark of the Bloom":46,"Torii":22,"Happy Flower":29,"aspiration:Stellarator":17,"Vajra":8,"Thread and Needle":28,"Frozen Egg 2":28,"War Paint":45,"MawBank":9,"Empty Cage":34,"Peace Pipe":26,"Centennial Puzzle":10,"Nunchaku":14,"Orrery":21,"Cracked Core":0,"FossilizedHelix":4,"aspiration:FaultyCoupler":24},{"Ice Cream":25,"Mark of the Bloom":23,"Torii":12,"Happy Flower":16,"aspiration:Stellarator":10,"Vajra":5,"Thread and Needle":15,"Frozen Egg 2":15,"War Paint":23,"MawBank":5,"Empty Cage":18,"Peace Pipe":12,"Centennial Puzzle":6,"Nunchaku":9,"Orrery":12,"Cracked Core":0,"FossilizedHelix":2,"aspiration:FaultyCoupler":12},{"Ice Cream":134,"Mark of the Bloom":123,"Torii":57,"Happy Flower":83,"aspiration:Stellarator":47,"Vajra":17,"Thread and Needle":78,"Frozen Egg 2":78,"War Paint":123,"MawBank":17,"Empty Cage":94,"Peace Pipe":57,"Centennial Puzzle":25,"Nunchaku":37,"Orrery":57,"Cracked Core":0,"FossilizedHelix":5,"aspiration:FaultyCoupler":57}]},"card_choices":[{"not_picked":["Melter","Barrage"],"picked":"Ball Lightning","floor":1.0},{"not_picked":["Force Field","Redo"],"picked":"aspiration:Polymerization","floor":3.0},{"not_picked":["Recycle","Defragment"],"picked":"Genetic Algorithm","floor":5.0},{"not_picked":["Go for the Eyes","Redo"],"picked":"Leap","floor":6.0},{"not_picked":["Static Discharge","Hologram"],"picked":"Loop","floor":8.0},{"not_picked":["Leap","FTL"],"picked":"BootSequence","floor":10.0},{"not_picked":["Go for the Eyes","Reprogram","Stack"],"picked":"SKIP","floor":11.0},{"not_picked":["Rebound","Stack","Aggregate"],"picked":"SKIP","floor":12.0},{"not_picked":["All For One","Stack"],"picked":"Conserve Battery","floor":14.0},{"not_picked":["Amplify","Rainbow"],"picked":"Seek","floor":16.0},{"not_picked":["Consume","Sweeping Beam"],"picked":"Reinforced Body","floor":18.0},{"not_picked":["Double Energy","Steam+1"],"picked":"Cold Snap","floor":19.0},{"not_picked":["Conserve Battery","Gash"],"picked":"Coolheaded+1","floor":21.0},{"not_picked":["Rebound","Buffer"],"picked":"Leap+1","floor":21.0},{"not_picked":["Barrage","FTL"],"picked":"Darkness","floor":21.0},{"not_picked":["Coolheaded","Steam"],"picked":"Redo","floor":27.0},{"not_picked":["Ball Lightning+1","Hologram"],"picked":"Defragment+1","floor":28.0},{"not_picked":["Darkness","Aggregate","Cold Snap"],"picked":"SKIP","floor":29.0},{"not_picked":["Genetic Algorithm","Rainbow"],"picked":"Redo","floor":31.0},{"not_picked":["Rainbow","Buffer+1"],"picked":"Echo Form+1","floor":33.0},{"not_picked":["Heatsinks+1","Conserve Battery+1","Stack"],"picked":"SKIP","floor":35.0},{"not_picked":["FTL+1","Auto Shields"],"picked":"Steam Power+1","floor":37.0},{"not_picked":["Genetic Algorithm","Redo"],"picked":"BootSequence+1","floor":38.0},{"not_picked":["Static Discharge+1","Rebound+1","Turbo+1"],"picked":"SKIP","floor":39.0},{"not_picked":["Leap","Doom and Gloom"],"picked":"Echo Form+1","floor":45.0},{"not_picked":["Conserve Battery","Undo"],"picked":"Capacitor+1","floor":47.0},{"not_picked":["Fusion+1","Cold Snap","Streamline"],"picked":"SKIP","floor":48.0}],"player_experience":980698,"relics_obtained":[{"floor":8.0,"key":"Vajra"},{"floor":9.0,"key":"MawBank"},{"floor":10.0,"key":"Centennial Puzzle"},{"floor":14.0,"key":"Nunchaku"},{"floor":22.0,"key":"Torii"},{"floor":26.0,"key":"Peace Pipe"},{"floor":28.0,"key":"Thread and Needle"},{"floor":28.0,"key":"Frozen Egg 2"},{"floor":29.0,"key":"Happy Flower"},{"floor":45.0,"key":"War Paint"},{"floor":48.0,"key":"Ice Cream"}],"event_choices":[{"damage_healed":0.0,"max_hp_gain":0.0,"max_hp_loss":0.0,"gold_gain":0.0,"event_name":"Lab","player_choice":"Got Potions","floor":2.0,"gold_loss":0.0,"damage_taken":0.0},{"damage_healed":0.0,"max_hp_gain":0.0,"max_hp_loss":0.0,"gold_gain":275.0,"event_name":"Golden Shrine","player_choice":"Desecrate","floor":20.0,"gold_loss":0.0,"damage_taken":0.0,"cards_obtained":["Regret"]},{"damage_healed":0.0,"max_hp_gain":0.0,"max_hp_loss":0.0,"gold_gain":0.0,"event_name":"Colosseum","player_choice":"Fight","floor":28.0,"gold_loss":0.0,"damage_taken":0.0},{"damage_healed":0.0,"max_hp_gain":0.0,"max_hp_loss":0.0,"gold_gain":0.0,"event_name":"Colosseum","player_choice":"Fought Nobs","floor":28.0,"gold_loss":0.0,"damage_taken":0.0},{"damage_healed":0.0,"max_hp_gain":0.0,"max_hp_loss":4.0,"gold_gain":0.0,"event_name":"Winding Halls","player_choice":"Max HP","floor":41.0,"gold_loss":0.0,"damage_taken":0.0},{"damage_healed":0.0,"max_hp_gain":0.0,"max_hp_loss":0.0,"gold_gain":0.0,"event_name":"MindBloom","player_choice":"Upgrade","floor":46.0,"gold_loss":0.0,"damage_taken":0.0,"cards_upgraded":["Defend_B","Defend_B","Defend_B","Defend_B","Zap","Dualcast","Ball Lightning","aspiration:Polymerization","BootSequence","Conserve Battery","Seek","Reinforced Body","Cold Snap","Redo","Redo"],"relics_obtained":["Mark of the Bloom"]}],"is_beta":false,"boss_relics":[{"not_picked":["Sozu","Coffee Dripper"],"picked":"aspiration:Stellarator"},{"not_picked":["Tiny House","Black Star"],"picked":"Empty Cage"}],"items_purged_floors":[4,21,36],"is_endless":false,"potions_floor_spawned":[6,11,12,14,18,19,37,38,39,47],"killed_by":"Shield and Spear","ascension_level":18}}