{"host":"v1m5rkjj38qutr02","time":1608807529,"event":{"mods":["Act Like it!","BaseMod","Conspire","Gensokyo","GungeonMod","Hallownest","Minty Spire (QoL Compilation)","Replay The Spire","StSLib","The Bug Knight","Youmu£®ªÍ∆«—˝√Œ£©"],"gold_per_floor":[116,136,167,167,167,201,201,201,228,242,258,258,291,45,45,143,143,155,6,25,25,25,25,42,42,65,65,65,65,85,105,105,208,208,218,230,241,241,241,241,12,12,12,44,44,44,56,16,16,16],"floor_reached":51,"playtime":2003,"items_purged":["Strike_B"],"score":733,"play_id":"cecfad13-5183-48ba-89a0-097e945970f2","local_time":"20201224185849","is_ascension_mode":true,"campfire_choices":[{"data":"Buffer","floor":7.0,"key":"SMITH"},{"data":"Capacitor","floor":12.0,"key":"SMITH"},{"floor":15.0,"key":"REST"},{"floor":23.0,"key":"REST"},{"data":"Electrodynamics","floor":27.0,"key":"SMITH"},{"data":"Turbo","floor":29.0,"key":"SMITH"},{"floor":32.0,"key":"REST"},{"data":"Buffer","floor":40,"key":"SMITH"},{"data":"Rainbow","floor":42,"key":"SMITH"},{"data":"Defragment","floor":46,"key":"SMITH"},{"data":"Hello World","floor":49,"key":"SMITH"}],"circlet_count":0,"master_deck":["Zap","Dualcast","White Noise","Buffer+1","Hologram","Capacitor+1","Steam Power","Turbo+1","Electrodynamics+1","Defragment+1","Redo+1","Conserve Battery+1","Streamline+1","Buffer+1","Machine Learning","Reprogram","ReplaySolidLightProjector","Chill","Sunder","Go for the Eyes","Coolheaded+1","Hello World+1","Chill+1","Rainbow+1","ReplayTheSpireMod:Calculation Training+1","Reinforced Body","Redo+1"],"relics":["Cracked Core","NeowsBlessing","Pet Ghost","FaceOfCleric","Replay:Mystery Machine","DemoMod:MonsterBlood","conspire:BottledYoYo","conspire:SpecialSausage","ReplayTheSpireMod:Lightbulb","Pandora\u0027s Box","conspire:GiftBox","Toolbox","Iron Hammer","Bottled Flame"],"acts_visited":["Exordium","TheCity","TheBeyond"],"potions_floor_usage":[50],"damage_taken":[{"damage":0.0,"enemies":"2 Louse","floor":1.0,"turns":1.0},{"damage":0.0,"enemies":"Small Slimes","floor":2.0,"turns":1.0},{"damage":0.0,"enemies":"3 Sentries","floor":6.0,"turns":2.0},{"damage":0.0,"enemies":"Cultist","floor":10.0,"turns":3.0},{"damage":1.0,"enemies":"Red Slaver","floor":11.0,"turns":4.0},{"damage":10.0,"enemies":"Lagavulin","floor":13.0,"turns":7.0},{"damage":66.0,"enemies":"The Guardian","floor":16.0,"turns":13.0},{"damage":16.0,"enemies":"3 Byrds","floor":18.0,"turns":3.0},{"damage":2.0,"enemies":"Shell Parasite","floor":20.0,"turns":6.0},{"damage":19.0,"enemies":"Shelled Parasite and Fungi","floor":24.0,"turns":4.0},{"damage":10.0,"enemies":"Snake Plant","floor":30.0,"turns":3.0},{"damage":0.0,"enemies":"Snecko","floor":31.0,"turns":4.0},{"damage":61.0,"enemies":"Champ","floor":33.0,"turns":9.0},{"damage":8.0,"enemies":"Orb Walker","floor":35.0,"turns":3.0},{"damage":0.0,"enemies":"3 Darklings","floor":36.0,"turns":5.0},{"damage":2.0,"enemies":"Jaw Worm Horde","floor":37.0,"turns":3.0},{"damage":2,"enemies":"Giant Head","floor":44,"turns":9},{"damage":0,"enemies":"Transient","floor":47,"turns":5},{"damage":18,"enemies":"Replay:Hell Engine","floor":50,"turns":13}],"seed_played":"4955229716987042469","potions_obtained":[{"floor":2.0,"key":"DuplicationPotion"},{"floor":3.0,"key":"Energy Potion"},{"floor":3.0,"key":"DemoMod:LeadSkinPotion"},{"floor":13.0,"key":"AttackPotion"},{"floor":20.0,"key":"AttackPotion"},{"floor":24.0,"key":"PotionOfCapacity"},{"floor":35.0,"key":"Dexterity Potion"},{"floor":37.0,"key":"LiquidMemories"}],"is_trial":false,"path_per_floor":["M","M","?","?","?","E","R","?","T","M","M","R","E","$","R","B",null,"M","$","M","?","$","R","M","?","T","R","$","R","M","M","R","B",null,"M","M","M","T","?","R","$","R","T","E","$","R","M","$","R","B",null],"character_chosen":"DEFECT","items_purchased":["conspire:BottledYoYo","Defragment","Toolbox","Rainbow","Redo+1"],"campfire_rested":3,"item_purchase_floors":[14,19,41,41,48],"current_hp_per_floor":[75,75,75,80,73,73,73,73,73,74,74,74,72,72,90,25,75,60,60,59,59,59,86,68,68,68,68,68,68,59,60,88,28,80,73,74,73,73,110,110,110,110,110,109,109,109,110,110,110,93],"gold":16,"neow_bonus":"THREE_ENEMY_KILL","is_daily":false,"chose_seed":false,"campfire_upgraded":8,"win_rate":0.0,"timestamp":1608807529,"path_taken":["M","M","?","?","?","E","R","?","T","?","M","R","E","$","R","BOSS","M","?","M","?","$","R","M","?","T","R","?","R","M","M","R","BOSS","M","?","M","?","?","R","$","R","T","E","$","R","?","$","R","BOSS"],"items_purchased_type":["Relic","Card","Relic","Card","Card"],"build_version":"2020-12-22","purchased_purges":1,"victory":true,"max_hp_per_floor":[75,75,75,80,80,80,80,80,80,81,82,82,90,90,90,91,91,92,92,93,93,93,93,94,94,94,94,94,94,95,96,96,97,97,98,99,100,100,110,110,110,110,110,111,111,111,112,112,112,113],"card_choices":[{"not_picked":["Rebound","Gash","Leap"],"picked":"SKIP","floor":1.0},{"not_picked":["Ball Lightning","Turbo"],"picked":"White Noise","floor":2.0},{"not_picked":["Lockon","Redo"],"picked":"Buffer","floor":3.0},{"not_picked":["Conserve Battery","Cold Snap"],"picked":"Hologram","floor":6.0},{"not_picked":["Steam","Panic Button"],"picked":"Capacitor","floor":10.0},{"not_picked":["Compile Driver","Beam Cell"],"picked":"Steam Power","floor":11.0},{"not_picked":["Fission","Barrage"],"picked":"Turbo","floor":13.0},{"not_picked":["Mirror Shield","Meteor Strike"],"picked":"Electrodynamics","floor":16.0},{"not_picked":["Crystallizer","ReplayTheSpireMod:Repulse","Sweeping Beam"],"picked":"SKIP","floor":18.0},{"not_picked":["Steam Power","Hello World"],"picked":"Redo+1","floor":20.0},{"not_picked":["Hologram","Redo"],"picked":"Conserve Battery+1","floor":24.0},{"not_picked":["BasicCrystalCard+1","Go for the Eyes"],"picked":"Streamline+1","floor":30.0},{"not_picked":["Fusion","FIFO Queue","Streamline+1"],"picked":"SKIP","floor":31.0},{"not_picked":["ReplayTheSpireMod:Fabricate Wheel","Mirror Shield"],"picked":"Buffer","floor":33.0},{"not_picked":["Go for the Eyes","Chaos+1"],"picked":"Coolheaded+1","floor":35.0},{"not_picked":["Hello World","Coolheaded","Hologram"],"picked":"SKIP","floor":36.0},{"not_picked":["Coolheaded","Hologram"],"picked":"Hello World","floor":36.0},{"not_picked":["ReplayTheSpireMod:GoodbyeWorld+1","Sunder+1"],"picked":"Chill+1","floor":37.0},{"not_picked":["Machine Learning","Thunder Strike"],"picked":"Amplify","floor":38},{"not_picked":["Hello World","Cold Snap"],"picked":"ReplayTheSpireMod:Calculation Training+1","floor":44},{"not_picked":["Crystallizer","Fusion"],"picked":"Reinforced Body","floor":47}],"player_experience":371526,"relics_obtained":[{"floor":6.0,"key":"Pet Ghost"},{"floor":9.0,"key":"Replay:Mystery Machine"},{"floor":13.0,"key":"DemoMod:MonsterBlood"},{"floor":26.0,"key":"ReplayTheSpireMod:Lightbulb"},{"floor":38,"key":"conspire:GiftBox"},{"floor":43,"key":"Iron Hammer"},{"floor":44,"key":"Bottled Flame"}],"event_choices":[{"damage_healed":0.0,"max_hp_gain":5.0,"max_hp_loss":0.0,"gold_gain":0.0,"event_name":"Big Fish","player_choice":"Donut","floor":4.0,"gold_loss":0.0,"damage_taken":0.0},{"cards_removed":["Strike_B"],"damage_healed":0.0,"max_hp_gain":0.0,"max_hp_loss":0.0,"gold_gain":0.0,"event_name":"Golden Wing","player_choice":"Card Removal","floor":5.0,"gold_loss":0.0,"damage_taken":7.0},{"damage_healed":0.0,"max_hp_gain":0.0,"max_hp_loss":0.0,"gold_gain":0.0,"event_name":"FaceTrader","player_choice":"Trade","floor":8.0,"gold_loss":0.0,"damage_taken":0.0,"relics_obtained":["FaceOfCleric"]},{"damage_healed":0.0,"max_hp_gain":0.0,"max_hp_loss":0.0,"gold_gain":0.0,"event_name":"conspire:Investor","player_choice":"Leave","floor":21.0,"gold_loss":0.0,"damage_taken":0.0},{"damage_healed":0.0,"max_hp_gain":0.0,"max_hp_loss":0.0,"gold_gain":0.0,"event_name":"Vampires","player_choice":"Ignored","floor":25.0,"gold_loss":0.0,"damage_taken":0.0},{"cards_removed":["Amplify"],"damage_healed":27,"gold_gain":0,"player_choice":"Offered Rare","damage_taken":0,"max_hp_gain":10,"max_hp_loss":0,"event_name":"Bonfire Elementals","floor":39,"gold_loss":0}],"is_beta":false,"boss_relics":[{"not_picked":["Philosopher\u0027s Stone","Ectoplasm"],"picked":"conspire:SpecialSausage"},{"not_picked":["Tiny House","Replay:Grab Bag"],"picked":"Pandora\u0027s Box"}],"items_purged_floors":[19],"is_endless":false,"potions_floor_spawned":[2,11,13,18,20,24,35,37],"ascension_level":5}}