{"host":"0lnx88jdgcrh6gmr","time":1608839844,"event":{"mods":["2.2 Compatiblity","AchievementEnabler","BaseMod","Beaked The Cultist","Better Note","Better Skull","Better Third Choice","Block Reminder","Colored Map","Displayed Cursed Tome","Glutton Mod","Googly Eyes","Hermit","Highlight Path","Minty Spire (QoL Compilation)","Rare Cards Sparkle","Relic Stats","Shade Mod","Spicy Shops","StSLib","The Construct","The Cursed","The Disciple","The Mystic","The Servant 0.9.4","Unceasing Turn Reminder","everything is the same but u backflip on backflip","slay the spire mod where everything is the same but ironclad has a cowboy hat"],"gold_per_floor":[117,133,133,153,169,169,181,146,146,146,221,238,254,271,271,371,371,354,354,76,86,99,99,117,117,143,156,103,118,118,128,128,128,128],"floor_reached":33,"playtime":2050,"items_purged":[],"score":245,"play_id":"fad45fde-daab-421d-b64a-ed2bbd6c17b2","local_time":"20201224125724","is_ascension_mode":false,"campfire_choices":[{"floor":6.0,"key":"REST"},{"floor":15.0,"key":"REST"},{"floor":23,"key":"REST"},{"floor":25,"key":"RECALL"},{"floor":30,"key":"REST"},{"floor":32,"key":"REST"}],"circlet_count":0,"master_deck":["Strike_G","Strike_G","Strike_G+1","Strike_G","Strike_G","Defend_G","Defend_G","Defend_G","Defend_G","Defend_G","Survivor","Neutralize","Dagger Throw","Deadly Poison","Crippling Poison+1","Backflip+1","Backflip","Deflect","Sucker Punch","Bouncing Flask","Backflip+1","Footwork+1","Catalyst","Poisoned Stab","Escape Plan"],"relics":["Ring of the Snake","Ninja Scroll","Singing Bowl","Orichalcum"],"acts_visited":["Exordium","TheCity"],"potions_floor_usage":[33,33,33],"damage_taken":[{"damage":0.0,"enemies":"Cultist","floor":1.0,"turns":4.0},{"damage":5.0,"enemies":"Small Slimes","floor":2.0,"turns":4.0},{"damage":0.0,"enemies":"2 Louse","floor":4.0,"turns":3.0},{"damage":6.0,"enemies":"Looter","floor":5.0,"turns":4.0},{"damage":7.0,"enemies":"Lots of Slimes","floor":7.0,"turns":3.0},{"damage":1.0,"enemies":"Red Slaver","floor":12.0,"turns":2.0},{"damage":13.0,"enemies":"Exordium Thugs","floor":13.0,"turns":4.0},{"damage":4.0,"enemies":"Gremlin Gang","floor":14.0,"turns":4.0},{"damage":21.0,"enemies":"The Guardian","floor":16.0,"turns":13.0},{"damage":9,"enemies":"2 Thieves","floor":18,"turns":4},{"damage":8,"enemies":"Chosen","floor":21,"turns":6},{"damage":13,"enemies":"Snake Plant","floor":22,"turns":5},{"damage":7,"enemies":"Shelled Parasite and Fungi","floor":24,"turns":8},{"damage":25,"enemies":"3 Cultists","floor":27,"turns":7},{"damage":15,"enemies":"Snake Plant","floor":29,"turns":4},{"damage":25,"enemies":"Sentry and Sphere","floor":31,"turns":8},{"damage":59,"enemies":"Automaton","floor":33,"turns":8}],"seed_played":"2380731683468212259","potions_obtained":[{"floor":2.0,"key":"FearPotion"},{"floor":7.0,"key":"Regen Potion"},{"floor":12.0,"key":"Fire Potion"}],"is_trial":false,"path_per_floor":["M","M","?","M","M","R","M","?","T","?","?","M","M","M","R","B",null,"M","?","$","M","M","R","M","R","T","M","$","M","R","M","R","B"],"character_chosen":"THE_SILENT","items_purchased":["Singing Bowl","Orichalcum","Poisoned Stab"],"campfire_rested":5,"item_purchase_floors":[20,20,28],"current_hp_per_floor":[70,65,51,51,45,66,59,70,70,70,59,58,45,41,62,41,70,61,61,61,55,42,63,58,58,58,33,33,20,42,17,39,0,0],"gold":128,"neow_bonus":"THREE_CARDS","is_daily":false,"chose_seed":false,"campfire_upgraded":0,"win_rate":0.0,"timestamp":1608839844,"path_taken":["M","?","?","M","M","R","M","?","T","?","?","M","M","M","R","BOSS","M","?","$","M","M","R","?","R","T","M","?","M","R","M","R","BOSS"],"items_purchased_type":["Relic","Relic","Card"],"build_version":"2020-12-22","purchased_purges":0,"victory":false,"max_hp_per_floor":[70,70,70,70,70,70,70,70,70,70,70,70,70,70,70,70,70,70,70,70,72,72,72,74,74,74,74,74,76,76,76,76,76,76],"relic_stats":{"Singing Bowl":6,"counters":[17,91],"Orichalcum":[60],"obtain_stats":[{"Singing Bowl":20,"Ninja Scroll":9,"Orichalcum":20,"Ring of the Snake":0},{"Singing Bowl":10,"Ninja Scroll":5,"Orichalcum":10,"Ring of the Snake":0},{"Singing Bowl":45,"Ninja Scroll":18,"Orichalcum":45,"Ring of the Snake":0}],"Ring of the Snake":[34]},"card_choices":[{"not_picked":["Riddle With Holes","Expertise"],"picked":"Dagger Throw","floor":0.0},{"not_picked":["Prepared","Dash"],"picked":"Deadly Poison","floor":1.0},{"not_picked":["Expertise","Dagger Spray"],"picked":"Crippling Poison","floor":2.0},{"not_picked":["Quick Slash","Cloak And Dagger"],"picked":"Backflip","floor":4.0},{"not_picked":["Acrobatics","Night Terror"],"picked":"Backflip","floor":5.0},{"not_picked":["Crippling Poison","Outmaneuver","Distraction"],"picked":"SKIP","floor":7.0},{"not_picked":["Outmaneuver","Escape Plan"],"picked":"Deflect","floor":12.0},{"not_picked":["Acrobatics","Bouncing Flask"],"picked":"Sucker Punch","floor":13.0},{"not_picked":["Expertise","Well Laid Plans","Unload"],"picked":"SKIP","floor":14.0},{"not_picked":["Dagger Spray","Deadly Poison"],"picked":"Bouncing Flask","floor":18},{"not_picked":["Backflip","Bouncing Flask","Choke"],"picked":"Singing Bowl","floor":21},{"not_picked":["Blade Dance","Accuracy"],"picked":"Footwork+1","floor":22},{"not_picked":["Cloak And Dagger","Flying Knee","Acrobatics+1"],"picked":"Singing Bowl","floor":24},{"not_picked":["Backflip","Endless Agony"],"picked":"Catalyst","floor":27},{"not_picked":["Prepared","Endless Agony+1","Eviscerate+1"],"picked":"Singing Bowl","floor":29},{"not_picked":["Dodge and Roll","Eviscerate"],"picked":"Escape Plan","floor":31}],"player_experience":203487,"relics_obtained":[{"floor":9.0,"key":"Ninja Scroll"}],"event_choices":[{"damage_healed":65.0,"max_hp_gain":0.0,"max_hp_loss":70.0,"gold_gain":0.0,"event_name":"betterThird:BetterShining","player_choice":"Upgrade","floor":3.0,"gold_loss":0.0,"damage_taken":14.0,"cards_upgraded":["Strike_G","Crippling Poison"]},{"damage_healed":17.0,"max_hp_gain":0.0,"max_hp_loss":0.0,"gold_gain":0.0,"event_name":"The Cleric","player_choice":"Healed","floor":8.0,"gold_loss":35.0,"damage_taken":0.0},{"damage_healed":0.0,"max_hp_gain":0.0,"max_hp_loss":0.0,"gold_gain":0.0,"event_name":"Living Wall","player_choice":"Grow","floor":10.0,"gold_loss":0.0,"damage_taken":0.0,"cards_upgraded":["Backflip"]},{"damage_healed":0.0,"max_hp_gain":0.0,"max_hp_loss":0.0,"gold_gain":75.0,"event_name":"betterThird:BetterGoop","player_choice":"Gold","floor":11.0,"gold_loss":0.0,"damage_taken":11.0},{"damage_healed":0,"gold_gain":0,"player_choice":"Copied","damage_taken":0,"max_hp_gain":0,"max_hp_loss":0,"event_name":"Duplicator","floor":19,"gold_loss":0,"cards_obtained":["Backflip"]}],"is_beta":false,"boss_relics":[{"not_picked":["Runic Pyramid","Busted Crown","Snecko Eye"]}],"items_purged_floors":[],"is_endless":false,"potions_floor_spawned":[2,7,12,13,24,29],"killed_by":"Automaton","ascension_level":0}}