{"host":"tm3ghj8mno6gwywm","time":1608809438,"event":{"mods":["2.2 Compatiblity","AchievementEnabler","Bard","BaseMod","Beaked The Cultist","Better Third Choice","Colored Map","Colored Powertips","Conspire","Downfall","Glutton Mod","GungeonMod","Halation","Hermit","Hubris","Infinite Spire","Jorbs\u0027s Wanderer Trilogy","Lobotomy","Mad Scientist","Marisa????????","Marked Mod","Mimic Mod","Minty Spire (QoL Compilation)","Potionbrewer","Quick Restart","READ ME - Guardian Mod","Replay The Spire","Shade Mod","Shop Mod","Somnambulant","Spicy Shops","StSLib","SuperFastMode","The Bug Knight","The Construct","The Cursed","The Disciple","The Factory","The Hierophant","The IronCluck","The Judge","The Jungle","The Necromancer","The Runesmith","The Servant 0.9.4","egg"],"gold_per_floor":[112,112,122,142,142,142,23,23,53,53,65,80,114,126,126,226,226,240,16,16,31,44,79,99,99,122,122,135,135,151,183,183,282,332,347,357,99,99,113,138,225,225,279,279,297,297,310,325,325,325,325,325,325,3,36,36],"floor_reached":57,"playtime":2288,"items_purged":["Delirium","Pride"],"score":1651,"play_id":"d9468ec9-1e77-4500-9955-e5a0e13416d1","local_time":"20201224063038","is_ascension_mode":false,"campfire_choices":[{"floor":6.0,"key":"RECALL"},{"data":"Bash","floor":8.0,"key":"SMITH"},{"data":"Defend_R","floor":10.0,"key":"SMITH"},{"floor":15.0,"key":"REST"},{"data":"Defend_R","floor":25.0,"key":"SMITH"},{"floor":29.0,"key":"REST"},{"floor":32.0,"key":"REST"},{"floor":42.0,"key":"REST"},{"floor":44.0,"key":"REST"},{"floor":49.0,"key":"REST"},{"data":"Strike_R","floor":53,"key":"SMITH"}],"circlet_count":0,"master_deck":["Strike_R","Strike_R+1","Strike_R","Strike_R+1","Strike_R+1","Defend_R+1","Defend_R+1","Defend_R+1","Defend_R+1","Bash+1","Replay:Parry+1","Fire Breathing+1","Combust+1","Reaper+1","Iron Wave+1","Sword Boomerang+1","hubris:CleavingFinish+1","Exhume+1","Fire Breathing+1","ReplayTheSpireMod:Muscle Training+1","Combust+1","Blood for Blood+1","Power Through+1","Massacre+1","Brutality+1","Heavy Blade+1","Rupture+1","ReplayTheSpireMod:LeadingStrike+1","Blood for Blood+1","Blood for Blood+1","Life Link+1","Wild Strike+1","hubris:DuctTapeCard","Evolve+1","Evolve+1","Spot Weakness+1"],"relics":["Burning Blood","WingedGreaves","Membership Card","Quantum Egg","Frozen Egg 2","Toxic Egg 2","Molten Egg 2","Black Star","Mummified Hand","Lizard Tail","hubris:DuctTape","DemoMod:Bottle","War Paint","Orichalcum","Ooze Armor","Strawberry","halation:KoshaPiece","Gambling Chip","Tiny Chest","MutagenicStrength","Ancient Tea Set","potionbrewer:ToyAutogyro","Tiny House","MerchantsRug","Mango","King of Hearts","Blue Doll","Juzu Bracelet","ReplayTheSpireMod:CursedCoin","Art of War","hubris:Towel","Membership Card","FossilizedHelix","Runesmith:AutoHammer","infinitespire:Beetle Shell","Bird Faced Urn"],"acts_visited":["Exordium","TheCity","TheBeyond","TheEnding"],"potions_floor_usage":[54,56,56],"damage_taken":[{"damage":6.0,"enemies":"Jaw Worm","floor":1.0,"turns":4.0},{"damage":6.0,"enemies":"Cultist","floor":3.0,"turns":3.0},{"damage":0.0,"enemies":"2 Louse","floor":4.0,"turns":3.0},{"damage":3.0,"enemies":"Gremlin Gang","floor":9.0,"turns":4.0},{"damage":7.0,"enemies":"Gremlin Gang","floor":11.0,"turns":3.0},{"damage":4.0,"enemies":"Large Slime","floor":12.0,"turns":3.0},{"damage":17.0,"enemies":"Lagavulin","floor":13.0,"turns":5.0},{"damage":4.0,"enemies":"Looter","floor":14.0,"turns":3.0},{"damage":18.0,"enemies":"Fading Forest","floor":16.0,"turns":10.0},{"damage":2.0,"enemies":"Chosen","floor":18.0,"turns":3.0},{"damage":4.0,"enemies":"Spheric Guardian","floor":21.0,"turns":3.0},{"damage":6.0,"enemies":"Cultist and Chosen","floor":22.0,"turns":4.0},{"damage":11.0,"enemies":"Gremlin Leader","floor":23.0,"turns":3.0},{"damage":10.0,"enemies":"Chosen and Byrds","floor":24.0,"turns":3.0},{"damage":15.0,"enemies":"Snecko","floor":28.0,"turns":5.0},{"damage":16.0,"enemies":"Snake Plant","floor":30.0,"turns":3.0},{"damage":19.0,"enemies":"Book of Stabbing","floor":31.0,"turns":4.0},{"damage":25.0,"enemies":"Pondfish","floor":33.0,"turns":7.0},{"damage":31.0,"enemies":"3 Shapes","floor":35.0,"turns":4.0},{"damage":12.0,"enemies":"Orb Walker","floor":36.0,"turns":3.0},{"damage":29.0,"enemies":"Spire Growth","floor":39.0,"turns":3.0},{"damage":32.0,"enemies":"Nemesis","floor":40.0,"turns":5.0},{"damage":42.0,"enemies":"Jaw Worm Horde","floor":45.0,"turns":3.0},{"damage":22.0,"enemies":"4 Shapes","floor":47.0,"turns":3.0},{"damage":35.0,"enemies":"Jaw Worm Horde","floor":48.0,"turns":2.0},{"damage":65.0,"enemies":"Time Eater","floor":50.0,"turns":8.0},{"damage":57,"enemies":"Shield and Spear","floor":55,"turns":5},{"damage":111,"enemies":"The Heart","floor":56,"turns":7}],"seed_played":"7965005021747695016","potions_obtained":[{"floor":2.0,"key":"potionbrewer:MidasPotion"},{"floor":2.0,"key":"potionbrewer:ToxicPotion"},{"floor":2.0,"key":"BloodPotion"},{"floor":3.0,"key":"BlessingOfTheForge"},{"floor":12.0,"key":"potionbrewer:CleansingPotion"},{"floor":21.0,"key":"potionbrewer:EndurancePotion"},{"floor":24.0,"key":"PowerPotion"},{"floor":33.0,"key":"potionbrewer:NoxiousPotion"}],"is_trial":false,"path_per_floor":["M","?","M","M","?","R","$","R","MIM","R","M","M","E","M","R","B",null,"M","$","?","M","M","E","M","R","T","?","M","R","M","E","R","B",null,"M","M","$","?","M","E","$","R","T","R","M","?","M","M","R","B",null,null,"R","$","E","B",null],"character_chosen":"IRONCLAD","items_purchased":["hubris:DuctTape","Fire Breathing+1","DemoMod:ClearGuonStone","Strawberry","MerchantsRug","Mango","King of Hearts","ReplayTheSpireMod:CursedCoin","Blood for Blood+1","Evolve+1","Membership Card","Fruit Juice","potionbrewer:BoundlessPotion","LiquidMemories","Spot Weakness+1","FossilizedHelix","Runesmith:AutoHammer"],"campfire_rested":6,"item_purchase_floors":[7,19,19,19,37,37,37,41,41,54,54,54,54,54,54,54,54],"current_hp_per_floor":[80,80,80,80,80,80,80,80,80,80,79,80,69,71,80,80,80,80,87,87,87,87,82,78,78,78,78,78,87,77,78,87,83,92,82,86,100,100,91,65,65,96,96,106,70,70,72,43,74,44,44,106,106,111,60,59],"gold":36,"neow_bonus":"RANDOM_COLORLESS","is_daily":false,"chose_seed":false,"campfire_upgraded":4,"win_rate":0.0,"timestamp":1608809438,"path_taken":["M","?","?","M","?","R","$","R","MIM","R","M","M","E","M","R","BOSS","M","$","?","M","M","E","M","R","T","?","M","R","M","E","R","BOSS","M","M","$","?","M","E","$","R","T","R","M","?","M","M","R","BOSS","R","$","E","BOSS"],"items_purchased_type":["Relic","Card","Relic","Relic","Relic","Relic","Relic","Relic","Card","Card","Relic","Potion","Potion","Potion","Card","Relic","Relic"],"build_version":"2020-12-22","purchased_purges":2,"victory":true,"max_hp_per_floor":[80,80,80,80,80,80,80,80,80,80,80,80,80,80,80,80,80,80,87,87,87,87,87,87,87,87,87,87,87,87,87,87,87,92,92,92,106,106,106,106,106,106,106,106,106,106,106,106,106,106,106,106,106,111,111,111],"card_choices":[{"not_picked":["ReplayTheSpireMod:Trickstab","expansioncontent:GuardianWhirl"],"picked":"Replay:Parry","floor":0.0},{"not_picked":["Flex+1","Thunderclap+1"],"picked":"Rupture+1","floor":1.0},{"not_picked":["Havoc+1","Dark Embrace+1"],"picked":"Fire Breathing+1","floor":3.0},{"not_picked":["Twin Strike+1","True Grit+1"],"picked":"Brutality+1","floor":4.0},{"not_picked":["Ghostly Armor+1","True Grit+1"],"picked":"Combust+1","floor":9.0},{"not_picked":["Searing Blow+1","Cleave+1"],"picked":"Reaper+1","floor":11.0},{"not_picked":["Anger+1","Shrug It Off+1"],"picked":"Iron Wave+1","floor":12.0},{"not_picked":["Exhume+1","Second Wind+1"],"picked":"Sword Boomerang+1","floor":13.0},{"not_picked":["Flex+1","Body Slam+1"],"picked":"hubris:CleavingFinish+1","floor":14.0},{"not_picked":["Replay:Many Hands+1","conspire:Purge+1"],"picked":"Exhume+1","floor":16.0},{"not_picked":["Shockwave+1","Sever Soul+1","Flex+1"],"picked":"SKIP","floor":18.0},{"not_picked":["Twin Strike+1","Run Through+1"],"picked":"ReplayTheSpireMod:Muscle Training+1","floor":21.0},{"not_picked":["Dual Wield+1","Flex+1"],"picked":"Combust+1","floor":22.0},{"not_picked":["Massacre+1","ReplayTheSpireMod:Strike From Hell+1"],"picked":"Blood for Blood+1","floor":23.0},{"not_picked":["ReplayTheSpireMod:Strike From Hell+1","Run Through+1","Twin Strike+1"],"picked":"SKIP","floor":24.0},{"not_picked":["Run Through+1","Thunderclap+1"],"picked":"Power Through+1","floor":28.0},{"not_picked":["Heavy Blade+1","Flex+1"],"picked":"Massacre+1","floor":30.0},{"not_picked":["Clash+1","Seeing Red+1"],"picked":"Brutality+1","floor":31.0},{"not_picked":["Cleave+1","Sentinel+1"],"picked":"Heavy Blade+1","floor":34.0},{"not_picked":["Searing Blow+1","Clash+1","Run Through+1"],"picked":"SKIP","floor":35.0},{"not_picked":["Wild Strike+1","Cleave+1"],"picked":"Rupture+1","floor":36.0},{"not_picked":["Wild Strike+1","Sword Boomerang+1","Searing Blow+1"],"picked":"SKIP","floor":39.0},{"not_picked":["Perfected Strike+1","Sever Soul+1"],"picked":"ReplayTheSpireMod:LeadingStrike+1","floor":40.0},{"not_picked":["Battle Trance+1","Flex+1","Pommel Strike+1"],"picked":"SKIP","floor":45.0},{"not_picked":["Combust+1","Run Through+1"],"picked":"Life Link+1","floor":47.0},{"not_picked":["Blood for Blood+1","Pummel+1"],"picked":"Wild Strike+1","floor":48.0},{"not_picked":["Anger+1","Clash+1","Heavy Blade+1"],"picked":"SKIP","floor":55}],"player_experience":784971,"relics_obtained":[{"floor":9.0,"key":"DemoMod:Bottle"},{"floor":13.0,"key":"War Paint"},{"floor":13.0,"key":"Orichalcum"},{"floor":23.0,"key":"halation:KoshaPiece"},{"floor":23.0,"key":"Gambling Chip"},{"floor":26.0,"key":"Tiny Chest"},{"floor":31.0,"key":"Ancient Tea Set"},{"floor":31.0,"key":"potionbrewer:ToyAutogyro"},{"floor":40.0,"key":"Blue Doll"},{"floor":40.0,"key":"Juzu Bracelet"},{"floor":43.0,"key":"Art of War"},{"floor":55,"key":"infinitespire:Beetle Shell"},{"floor":55,"key":"Bird Faced Urn"}],"event_choices":[{"damage_healed":0.0,"max_hp_gain":0.0,"max_hp_loss":0.0,"gold_gain":0.0,"event_name":"Lab","player_choice":"Got Potions","floor":2.0,"gold_loss":0.0,"damage_taken":0.0},{"damage_healed":0.0,"max_hp_gain":0.0,"max_hp_loss":0.0,"gold_gain":0.0,"event_name":"Transmorgrifier","player_choice":"Ignored","floor":5.0,"gold_loss":0.0,"damage_taken":0.0},{"damage_healed":0.0,"max_hp_gain":0.0,"max_hp_loss":0.0,"gold_gain":0.0,"event_name":"Drug Dealer","player_choice":"Inject Mutagens","floor":27.0,"gold_loss":0.0,"damage_taken":0.0,"relics_obtained":["MutagenicStrength"]},{"damage_healed":0.0,"max_hp_gain":0.0,"max_hp_loss":0.0,"gold_gain":0.0,"event_name":"Upgrade Shrine","player_choice":"Upgraded","floor":38.0,"gold_loss":0.0,"damage_taken":0.0,"cards_upgraded":["Strike_R"]}],"is_beta":false,"boss_relics":[{"not_picked":["Astrolabe","Runesmith:UraniumAnvil"],"picked":"Ooze Armor"},{"not_picked":["Replay:Bronze Core","Coffee Dripper"],"picked":"Tiny House"}],"items_purged_floors":[41,54],"is_endless":false,"potions_floor_spawned":[3,12,16,21,24,28,31,33,39,47],"ascension_level":0}}