{"host":"q0v68qxgqt4jwmjg","time":1608842968,"event":{"mods":["Astrologer","BaseMod","CatGirl Mod","Chen","Colored Powertips","Friendly Minions","FutureSeer","Highlight Path","Infinite Spire","Kiyohime????","Koishi","Mad Scientist","Marisa????????","Mimic Mod","Minty Spire (QoL Compilation)","Onozuka Komachi Mod","Random Character Button","Remilia??????","Replay The Spire","StSLib","Td1madao Mod","The Administrix","The Animator","The Blackbeard","The Disciple","The Factory","The Forsaken","The Gatherer","The Judge","The Jungle","The Servant 0.9.4","Yohane!","Youmu??????","Yuri Mod","egg","slay the spire mod where everything is the same but ironclad has a cowboy hat","???mod?????"],"gold_per_floor":[114,114,114,114,130,169,169,169,218,233,257,275,311,331,331,462,462,475,400,400,386,322,358,358,358],"floor_reached":24,"playtime":1789,"items_purged":["Strike_R"],"score":290,"play_id":"dd5210d8-42df-4908-a2ef-7fa494153720","local_time":"20201224154928","is_ascension_mode":true,"campfire_choices":[{"floor":7,"key":"RECALL"},{"floor":15,"key":"REST"}],"circlet_count":0,"master_deck":["Strike_R","Strike_R","Defend_R","Defend_R","Defend_R","Bash","Pommel Strike","Cleave","Demonic Infusion","Ghostly Armor","Feed"],"relics":["Burning Blood","NeowsBlessing","Golden Idol","ReplayTheSpireMod:Lightbulb","Oddly Smooth Stone","WordoMod:GasMask","Empty Cage","PreservedInsect","Dream Catcher"],"acts_visited":["Exordium","TheCity"],"potions_floor_usage":[12,13,13,16],"damage_taken":[{"damage":0,"enemies":"Jaw Worm","floor":1,"turns":1},{"damage":0,"enemies":"Small Slimes","floor":5,"turns":1},{"damage":0,"enemies":"3 Sentries","floor":6,"turns":1},{"damage":7,"enemies":"2 Louse","floor":9,"turns":13},{"damage":6,"enemies":"2 Louse","floor":10,"turns":3},{"damage":7,"enemies":"Exordium Wildlife","floor":11,"turns":5},{"damage":10,"enemies":"Looter","floor":12,"turns":2},{"damage":16,"enemies":"Gremlin Nob","floor":13,"turns":4},{"damage":0,"enemies":"Large Slime","floor":14,"turns":4},{"damage":36,"enemies":"Slime Boss","floor":16,"turns":9},{"damage":52,"enemies":"Spheric Guardian","floor":18,"turns":7},{"damage":8,"enemies":"2 Thieves","floor":21,"turns":5},{"damage":0,"enemies":"Gremlin Leader","floor":23,"turns":1},{"damage":8,"enemies":"Centurion and Healer","floor":24,"turns":4}],"seed_played":"-8380677998101034042","potions_obtained":[{"floor":1,"key":"SneckoOil"},{"floor":10,"key":"Energy Potion"},{"floor":11,"key":"DistilledChaos"},{"floor":12,"key":"LifebloodPotion"}],"is_trial":false,"path_per_floor":["M","?","?","?","M","E","R","?","MIM","M","M","M","E","M","R","B",null,"M","$","?","M","?","E","M"],"character_chosen":"IRONCLAD","items_purchased":[],"campfire_rested":1,"item_purchase_floors":[],"current_hp_per_floor":[80,60,60,60,66,72,72,72,71,71,70,66,56,62,80,50,80,34,34,13,11,11,17,9,9],"gold":358,"neow_bonus":"THREE_ENEMY_KILL","is_daily":false,"chose_seed":false,"campfire_upgraded":0,"win_rate":0.0,"timestamp":1608842968,"path_taken":["M","?","?","?","M","E","R","?","MIM","M","M","M","E","M","R","BOSS","M","$","?","M","?","E","M"],"items_purchased_type":[],"build_version":"2020-12-22","purchased_purges":1,"victory":false,"max_hp_per_floor":[80,80,80,80,80,80,80,80,80,80,80,80,80,80,80,80,80,80,80,80,80,80,80,80,80],"card_choices":[{"not_picked":["Flame Barrier","Run Through"],"picked":"Pommel Strike","floor":1},{"not_picked":["Bloodletting","Dual Wield","Body Slam"],"picked":"SKIP","floor":5},{"not_picked":["Massacre","Flex","Rage"],"picked":"SKIP","floor":6},{"not_picked":["Feel No Pain","Bloodletting","ReplayTheSpireMod:Muscle Training"],"picked":"SKIP","floor":10},{"not_picked":["Sword Boomerang","Wild Strike","Thunderclap"],"picked":"SKIP","floor":11},{"not_picked":["Limit Break","Run Through"],"picked":"Cleave","floor":12},{"not_picked":["Havoc","Intimidate","Power Through"],"picked":"SKIP","floor":13},{"not_picked":["Clash","Pummel","Flex"],"picked":"SKIP","floor":14},{"not_picked":["Limit Break","Replay:Many Hands"],"picked":"Demonic Infusion","floor":16},{"not_picked":["Flex+1","Shrug It Off"],"picked":"Ghostly Armor","floor":18},{"not_picked":["infinitespire:UltimateForm","infinitespire:Execution"],"picked":"infinitespire:SealOfDarkness+","floor":20},{"not_picked":["Entrench+1","Perfected Strike","Twin Strike"],"picked":"SKIP","floor":21},{"not_picked":["Rampage","Evolve"],"picked":"Feed","floor":23}],"player_experience":139436,"relics_obtained":[{"floor":6,"key":"ReplayTheSpireMod:Lightbulb"},{"floor":9,"key":"Oddly Smooth Stone"},{"floor":13,"key":"WordoMod:GasMask"},{"floor":23,"key":"Dream Catcher"}],"event_choices":[{"damage_healed":0,"gold_gain":0,"player_choice":"Take Damage","damage_taken":20,"relics_obtained":["Golden Idol"],"max_hp_gain":0,"max_hp_loss":0,"event_name":"Golden Idol","floor":2,"gold_loss":0},{"cards_removed":["Strike_R"],"damage_healed":0,"gold_gain":0,"player_choice":"Forget","damage_taken":0,"max_hp_gain":0,"max_hp_loss":0,"event_name":"Living Wall","floor":3,"gold_loss":0},{"damage_healed":0,"gold_gain":0,"player_choice":"Ignored","damage_taken":0,"max_hp_gain":0,"max_hp_loss":0,"event_name":"Liars Game","floor":8,"gold_loss":0},{"damage_healed":0,"gold_gain":0,"player_choice":"Paid Gold","damage_taken":0,"relics_obtained":["PreservedInsect"],"max_hp_gain":0,"max_hp_loss":0,"event_name":"WeMeetAgain","floor":22,"gold_loss":64}],"is_beta":false,"boss_relics":[{"not_picked":["Snecko Eye","Painkiller Herb"],"picked":"Empty Cage"}],"items_purged_floors":[19],"is_endless":false,"potions_floor_spawned":[1,10,11,12],"killed_by":"Centurion and Healer","ascension_level":1}}