{"host":"07tcb8n8jdavk3gs","time":1608847952,"event":{"mods":["BaseMod","Colored Map","Hermit","Marisa????????","Minty Spire (QoL Compilation)","StSLib","The Animator","The Cursed","The Servant 0.9.4"],"gold_per_floor":[115,115,133,233,252,293,303,303,303,319,339,99,99,99,99,99,99],"floor_reached":16,"playtime":1033,"items_purged":["animator:Strike"],"score":179,"play_id":"f7961f18-b383-4402-bf79-dca6021e22c3","local_time":"20201224161232","is_ascension_mode":true,"campfire_choices":[{"floor":8,"key":"REST"},{"floor":15,"key":"REST"}],"circlet_count":0,"master_deck":["AscendersBane","animator:Strike_NoGameNoLife","animator:Defend_NoGameNoLife","animator:Strike","animator:Strike","animator:Defend","animator:Defend","animator:Defend","animator:DolaSchwi","animator:DolaCouronne","animator:QuestionMark","animator:Hakurou","animator:Sonic","animator:Yuuichirou","animator:KrulTepes","animator:Millim","animator:NarberalGamma","animator:Patchouli","Parasite"],"relics":["animator:LivingPicture","animator:TheMissingPiece","animator:PurgingStone","Pantograph","Bottled Flame","animator:Hoodie"],"acts_visited":["Exordium"],"potions_floor_usage":[3,6,11],"damage_taken":[{"damage":3,"enemies":"2 Louse","floor":1,"turns":4},{"damage":7,"enemies":"Small Slimes","floor":3,"turns":4},{"damage":0,"enemies":"Cultist","floor":5,"turns":4},{"damage":18,"enemies":"Lagavulin","floor":6,"turns":9},{"damage":0,"enemies":"Large Slime","floor":7,"turns":5},{"damage":15,"enemies":"2 Fungi Beasts","floor":10,"turns":4},{"damage":14,"enemies":"3 Louse","floor":11,"turns":2},{"damage":61,"enemies":"Hexaghost","floor":16,"turns":9}],"seed_played":"1086257460938417280","potions_obtained":[{"floor":1,"key":"AttackPotion"},{"floor":5,"key":"CultistPotion"},{"floor":10,"key":"SkillPotion"}],"is_trial":false,"path_per_floor":["M","?","M","?","M","E","M","R","T","M","M","$","?","?","R","B"],"character_chosen":"THE_ANIMATOR","items_purchased":["animator:Patchouli"],"campfire_rested":2,"item_purchase_floors":[12],"current_hp_per_floor":[51,46,39,39,39,21,22,40,40,25,11,11,26,26,44,0,0],"gold":99,"neow_bonus":"RANDOM_COLORLESS","is_daily":false,"chose_seed":false,"campfire_upgraded":0,"win_rate":0.0,"timestamp":1608847952,"path_taken":["M","?","M","?","?","E","M","R","T","M","M","$","?","?","R","BOSS"],"items_purchased_type":["Card"],"build_version":"2020-12-22","purchased_purges":1,"victory":false,"max_hp_per_floor":[60,60,60,60,60,60,61,61,61,61,61,61,61,61,61,61,61],"card_choices":[{"not_picked":["animator:Kagari","animator:MamizouFutatsuiwa"],"picked":"animator:QuestionMark","floor":0},{"not_picked":["animator:Azekura","animator:FielNirvalen"],"picked":"animator:Hakurou","floor":1},{"not_picked":["animator:GazelDwargon","animator:Chris"],"picked":"animator:Sonic","floor":3},{"not_picked":["animator:Mikaela","animator:HiiragiShinya","animator:Archer"],"picked":"SKIP","floor":5},{"not_picked":["animator:Shinoa","animator:Shigure"],"picked":"animator:Yuuichirou","floor":6},{"not_picked":["animator:Illya","animator:Entoma"],"picked":"animator:KrulTepes","floor":7},{"not_picked":["animator:Tatsumaki","animator:Jibril"],"picked":"animator:Millim","floor":10},{"not_picked":["animator:UneriGinkaku","animator:YunYun"],"picked":"animator:NarberalGamma","floor":11}],"player_experience":912463,"relics_obtained":[{"floor":6,"key":"Bottled Flame"},{"floor":9,"key":"animator:Hoodie"}],"event_choices":[{"damage_healed":0,"gold_gain":0,"player_choice":"Success","damage_taken":5,"relics_obtained":["Pantograph"],"max_hp_gain":0,"max_hp_loss":0,"event_name":"Scrap Ooze","floor":2,"gold_loss":0},{"damage_healed":0,"gold_gain":100,"player_choice":"Gold","damage_taken":0,"max_hp_gain":0,"max_hp_loss":0,"event_name":"Wheel of Change","floor":4,"gold_loss":0},{"damage_healed":15,"gold_gain":0,"player_choice":"Healed and dodged fight","damage_taken":0,"max_hp_gain":0,"max_hp_loss":0,"event_name":"Mushrooms","floor":13,"gold_loss":0,"cards_obtained":["Parasite"]},{"damage_healed":0,"gold_gain":0,"player_choice":"Ignored","damage_taken":0,"max_hp_gain":0,"max_hp_loss":0,"event_name":"Liars Game","floor":14,"gold_loss":0}],"is_beta":false,"boss_relics":[],"items_purged_floors":[12],"is_endless":false,"potions_floor_spawned":[1,5,10],"killed_by":"Hexaghost","ascension_level":15}}