{"host":"y8hg8nbtd8qkv7tj","time":1608783278,"event":{"mods":["AchievementEnabler","Aspiration","BaseMod","BetterRewards","CapriCore","Colored Map","Downfall","Friendly Minions","GifTheSpireLib","GungeonMod","Hubris","Lobotomy","LobotomyExtend","Minty Spire (QoL Compilation)","Replay The Spire","StSLib","The Animator","The Bladedancer"],"gold_per_floor":[112,123,123,139,153,153,174,174,174,174,174,201,230,243,243,314,314,333,345,356,561,52,52,52,52,77,77,94,109,109,124,124,220,220,181,198,146,161,177,177,197,211,234,262,274,291,15,35,35,15],"floor_reached":51,"playtime":3561,"items_purged":[],"score":915,"play_id":"6334ef22-38f7-499e-a32a-027a5e4e05b5","local_time":"20201223231438","daily_mods":["Vintage","Time Dilation","Flight","DeadlyEvents","Elite Swarm"],"is_ascension_mode":false,"campfire_choices":[],"circlet_count":0,"master_deck":["BlueStar","DespairKnight","Mercenary","LongBird","Funeral","Woodsman","Demon Form","Wraith Form v2","Echo Form","HereticApostle","sneckomod:SerpentMind","Guardian:ConstructionForm","SpecialBullet","SpecialBullet","SpecialBullet","SpecialBullet","SpecialBullet","SpecialBullet","SpecialBullet","SpecialBullet","ControlCode","SecurityCode","TrainingCode","Wellcheers","OldLady","InformationCode","WristCuter+1","CENSORED_ego","Adoration+1","PunishingBird","Freischutz","ParadiseLost","GreenStem+1","RapturousDream+1","LaLuna","FeatherOfHonor+1","SummonCall","GoldRush","Pinks+1","RecordCode","GoldRush","WhiteNight","BlackSwan"],"relics":["CogitoBucket","DemoMod:ClearGuonStone","LetterFromLob","hubris:PeanutButter","DemoMod:BlueGuonStone","White Beast Statue","Odd Mushroom","ReplayTheSpireMod:Lightbulb","MagicBullet_r","LaetitiaHeart","Replay:Accelerometer","Singing Bowl","Gremlin Food","TreeSap","Astrolabe","Replay:Wax Seal","Logging_r","hubris:MedicalManual","Centennial Puzzle","aspiration:ChemicalBlood","Iron Hammer","Blue Doll","DemoMod:RingOfEthereal","aspiration:Lifesprig","Theresia","Boot","hubris:Backtick","DemoMod:GundromedaStrain","Whetstone","SolemnVow_r","hubris:DeckOfHolding","AtMidnight","Happy Flower","BackwardClock","Replay:Bottled Flurry","Justitia_r","aspiration:StickyExplosives","Nunchaku","Garlic","War Paint","WantedRequest","Lizard Tail","Art of War","sneckomod:BlankCard","Sling","DemoMod:MonsterBlood","SwordSharpenedByTears_r","SoundOfStar_r"],"acts_visited":["Exordium","TheCity","TheBeyond"],"potions_floor_usage":[33,33,39,39,39,50,50,50,50,50,51,51,51,51],"damage_taken":[{"damage":12,"enemies":"2 Louse","floor":1,"turns":3},{"damage":3,"enemies":"Small Slimes","floor":2,"turns":4},{"damage":1,"enemies":"Jaw Worm","floor":4,"turns":3},{"damage":7,"enemies":"3 Louse","floor":5,"turns":4},{"damage":15,"enemies":"The Mushroom Lair","floor":7,"turns":4},{"damage":0,"enemies":"Blue Slaver","floor":11,"turns":1},{"damage":0,"enemies":"Blue Slaver","floor":11,"turns":1},{"damage":0,"enemies":"Lagavulin","floor":12,"turns":4},{"damage":0,"enemies":"Gremlin Nob","floor":13,"turns":2},{"damage":12,"enemies":"Blue Slaver","floor":14,"turns":1},{"damage":20,"enemies":"The Guardian","floor":16,"turns":7},{"damage":0,"enemies":"Chosen","floor":18,"turns":3},{"damage":7,"enemies":"2 Thieves","floor":19,"turns":3},{"damage":0,"enemies":"3 Cultists","floor":20,"turns":3},{"damage":6,"enemies":"Gremlin Leader","floor":28,"turns":4},{"damage":7,"enemies":"Sentry and Sphere","floor":29,"turns":3},{"damage":20,"enemies":"Shelled Parasite and Fungi","floor":31,"turns":2},{"damage":6,"enemies":"Automaton","floor":33,"turns":4},{"damage":0,"enemies":"3 Darklings","floor":35,"turns":1},{"damage":0,"enemies":"3 Shapes","floor":36,"turns":2},{"damage":17,"enemies":"Maw","floor":37,"turns":3},{"damage":0,"enemies":"4 Shapes","floor":38,"turns":3},{"damage":20,"enemies":"Spire Growth","floor":39,"turns":3},{"damage":0,"enemies":"3 Darklings","floor":41,"turns":2},{"damage":0,"enemies":"Maw","floor":42,"turns":2},{"damage":0,"enemies":"R_Hoarder","floor":44,"turns":4},{"damage":0,"enemies":"Transient","floor":45,"turns":3},{"damage":0,"enemies":"Jaw Worm Horde","floor":46,"turns":2},{"damage":0,"enemies":"3 Darklings","floor":48,"turns":2},{"damage":160,"enemies":"Donu and Deca","floor":50,"turns":8},{"damage":8,"enemies":"Malkuth","floor":51,"turns":2},{"damage":20,"enemies":"Netzach","floor":51,"turns":2},{"damage":111,"enemies":"Geburah","floor":51,"turns":8},{"damage":83,"enemies":"Binah","floor":51,"turns":3}],"seed_played":"-7393142076470675328","potions_obtained":[{"floor":33,"key":"Explosive Potion"}],"is_trial":true,"path_per_floor":["M","M","?","M","M","R","?","R","T","R","M","E","E","M","R","B",null,"M","M","M","?","$","R","R","R","T","R","E","M","R","M","R","B",null,"M","M","M","M","M","R","M","M","T","E","M","M","$","M","R","B",null],"character_chosen":"Angela","items_purchased":["aspiration:ChemicalBlood","FeatherOfHonor","Iron Hammer","hexamod:EctoCoolerPotion","Sling","Toxic Potion","Block Potion"],"campfire_rested":0,"item_purchase_floors":[22,22,22,22,47,47,47],"current_hp_per_floor":[66,70,70,70,70,70,63,63,63,63,70,70,74,74,74,76,82,82,86,86,67,67,67,67,67,67,67,88,88,88,81,81,88,88,92,92,96,100,95,95,104,108,108,112,112,116,116,116,116,71],"gold":5,"neow_bonus":"","is_daily":false,"chose_seed":false,"campfire_upgraded":0,"win_rate":0.0,"timestamp":1608783278,"path_taken":["M","M","?","M","M","R","?","R","T","R","M","E","E","M","R","BOSS","M","M","M","?","$","R","R","R","T","R","E","M","R","M","R","BOSS","M","M","M","M","M","R","M","M","T","E","M","M","$","M","R","BOSS"],"items_purchased_type":["Relic","Card","Relic","Potion","Relic","Potion","Potion"],"build_version":"2020-12-22","purchased_purges":0,"victory":true,"max_hp_per_floor":[70,70,70,70,70,70,70,70,70,70,70,70,74,78,78,82,82,82,86,86,88,88,88,88,88,88,88,88,88,88,88,88,88,88,92,92,96,100,104,104,104,108,108,112,112,116,116,127,254,254],"card_choices":[{"not_picked":["Scorched","UniverseFragment"],"picked":"Wellcheers","floor":1},{"not_picked":["BlackArmy","MeatLantern"],"picked":"OldLady","floor":2},{"not_picked":["CherryBlossom"],"picked":"WristCuter","floor":7},{"not_picked":["Justitia"],"picked":"CENSORED_ego","floor":12},{"not_picked":["TheSmile"],"picked":"Adoration","floor":13},{"not_picked":["CrumblingArmor","WallGazer"],"picked":"PunishingBird","floor":13},{"not_picked":["QueenBee","BeautyBeast"],"picked":"Freischutz","floor":14},{"not_picked":["Justitia"],"picked":"ParadiseLost","floor":16},{"not_picked":["WhitesApple","Scarecrow"],"picked":"Woodsman","floor":16},{"not_picked":["BlackArmy","SpiderBud"],"picked":"LaLuna","floor":19},{"not_picked":["ScreamingWedge","SomewhereSpear+1"],"picked":"Singing Bowl","floor":21},{"not_picked":["SoundOfStar"],"picked":"GoldRush","floor":28},{"not_picked":["SoundOfStar"],"picked":"Pinks","floor":33},{"not_picked":["UniverseFragment","LittleHelper"],"picked":"Funeral","floor":35},{"not_picked":["Laetitia","SilentOrchestra"],"picked":"DespairKnight","floor":37},{"not_picked":["GreedKing","LittleHelper"],"picked":"LongBird","floor":38},{"not_picked":["VoidDream","RedShoes"],"picked":"Mercenary","floor":39},{"not_picked":["RedShoes","Rudolta"],"picked":"QueenOfHatred","floor":42},{"not_picked":["SoundOfStar"],"picked":"GoldRush","floor":44},{"not_picked":["FairyFestival","Laetitia"],"picked":"BlueStar","floor":44},{"not_picked":["BlackSwan","MeltingLove"],"picked":"WhiteNight","floor":46},{"not_picked":["QueenBee","SilentOrchestra"],"picked":"BlackSwan","floor":48}],"player_experience":86690,"relics_obtained":[{"floor":1,"key":"DemoMod:ClearGuonStone"},{"floor":1,"key":"LetterFromLob"},{"floor":2,"key":"hubris:PeanutButter"},{"floor":4,"key":"DemoMod:BlueGuonStone"},{"floor":5,"key":"White Beast Statue"},{"floor":7,"key":"Odd Mushroom"},{"floor":9,"key":"ReplayTheSpireMod:Lightbulb"},{"floor":12,"key":"Replay:Accelerometer"},{"floor":13,"key":"Singing Bowl"},{"floor":14,"key":"Gremlin Food"},{"floor":18,"key":"Replay:Wax Seal"},{"floor":19,"key":"hubris:MedicalManual"},{"floor":20,"key":"Centennial Puzzle"},{"floor":26,"key":"Blue Doll"},{"floor":28,"key":"DemoMod:RingOfEthereal"},{"floor":29,"key":"aspiration:Lifesprig"},{"floor":31,"key":"Boot"},{"floor":35,"key":"Whetstone"},{"floor":36,"key":"hubris:DeckOfHolding"},{"floor":37,"key":"AtMidnight"},{"floor":37,"key":"Happy Flower"},{"floor":38,"key":"Replay:Bottled Flurry"},{"floor":39,"key":"aspiration:StickyExplosives"},{"floor":41,"key":"Nunchaku"},{"floor":42,"key":"Garlic"},{"floor":43,"key":"War Paint"},{"floor":44,"key":"Lizard Tail"},{"floor":45,"key":"Art of War"},{"floor":46,"key":"sneckomod:BlankCard"},{"floor":48,"key":"DemoMod:MonsterBlood"}],"event_choices":[{"damage_healed":0,"gold_gain":0,"player_choice":"Grow","damage_taken":0,"max_hp_gain":0,"max_hp_loss":0,"event_name":"Living Wall","floor":3,"gold_loss":0,"cards_upgraded":["DevaForm"]},{"damage_healed":0,"gold_gain":0,"player_choice":"Fought Mushrooms","damage_taken":0,"max_hp_gain":0,"max_hp_loss":0,"event_name":"Mushrooms","floor":7,"gold_loss":0}],"is_beta":false,"boss_relics":[{"not_picked":["hubris:VirtuousBlindfold","aspiration:RunicSpoon"],"picked":"Astrolabe"},{"not_picked":["Replay:Wanted Poster","DemoMod:WaxWing"],"picked":"hubris:Backtick"}],"items_purged_floors":[],"is_endless":false,"potions_floor_spawned":[11,11,33,51,51,51,51],"ascension_level":0}}