{"host":"ymw71f7rc9ndansy","time":1608811581,"event":{"mods":["ATMod(°¢èªMod)","Act Like it!","Aspiration","BaseMod","DeckTracker","Hubris","Library of Ruina","Library of Ruina Extra","Minty Spire (QoL Compilation)","MostiFishMod","Remove Card Discount Mod","Replay The Spire","StSLib","TestMod","¡¾ÒÅÎï¿¨ÅÆ¡¿REMEMod","²ÐÁôÖ®Îï"],"gold_per_floor":[112,512,530,156,170,195,195,223,223,249,249,260,280,18,18,97,97,112,129,129,129,173,173,204,219,219,284,356,389,389,438,438,543,543,589,589,13,53,78,109,109,134,134,134,134,149,149,183,183,213,213,213,213,213,80,105,105],"floor_reached":58,"playtime":1174,"items_purged":["Dodge","LightAttack","LightDefense","ChargeAndCover","FocusedStrikes","Castigation","LightDefense","Reload+1","Faith"],"score":3421,"play_id":"d4ab665a-4e0a-464a-a1d0-c8f2ef54891c","local_time":"20201224200621","is_ascension_mode":true,"campfire_choices":[{"data":"MostiFishMod:Hijack","floor":7.0,"key":"SMITH"},{"data":"Reload","floor":15.0,"key":"SMITH"},{"data":"AT_MachinaRedman","floor":23,"key":"SMITH"},{"data":"CleanUp","floor":30,"key":"SMITH"},{"data":"CombatPreparation","floor":32,"key":"SMITH"},{"data":"hubris:DuctTapeCard","floor":41,"key":"SMITH"},{"floor":49,"key":"RECALL"},{"data":"TrashDisposal","floor":54,"key":"SMITH"}],"circlet_count":0,"master_deck":["AscendersBane","LightDefense","LightDefense","MostiFishMod:Hijack+1","AT_MachinaRedman+1","Struggle","TheRedNotes","CombatPreparation+1","GutHarvesting","FrontalAssault","CleanUp+1","RushDown","TrashDisposal+1","hubris:DuctTapeCard+2","ExtractFuel","REME_TwoStrings+1"],"relics":["PageOfLibrarian","DaveBox","REME_ComplimentaryCards","AT_ATBox","ShadowXiaoBlade","testmod-ArcanaOfDestiny","SynthV:TestCard","REME_LimitBreaker","AT_RedTearstoneRing","Juzu Bracelet","hubris:Teleporter","hubris:Towel","PageOfQueenBee","Runic Dome","AT_BellDemon","Strawberry","Onion Ring","PageOfSpiderBud","Tiny Chest","PageOfForsakenMurderer","Pantograph","Blue Doll","PageOfWrath","PageOfSingingMachine","ChiXiaoBlade","testmod-Brilliant","Membership Card","Counterbalance","Replay:Ringing Soul","hubris:DuctTape","PageOfTheQueenOfHatred","Molten Egg 2","Akabeko","PageOfTheKnightOfDespair","AT_BladeRuinedKing","PageOfGreed","Toy Ornithopter","Pear","PageOfNihil","Bag of Preparation","PageOfDeadButterflies","AT_ChloranthyRing","Vajra","PageOfGreed"],"acts_visited":["Exordium","TheCity","TheBeyond","TheEnding"],"potions_floor_usage":[22,39],"damage_taken":[{"damage":2.0,"enemies":"Small Slimes","floor":1.0,"turns":3.0},{"damage":0.0,"enemies":"Jaw Worm","floor":3.0,"turns":3.0},{"damage":0.0,"enemies":"Cultist","floor":5.0,"turns":1.0},{"damage":0.0,"enemies":"Lagavulin","floor":6.0,"turns":3.0},{"damage":0.0,"enemies":"3 Sentries","floor":8.0,"turns":2.0},{"damage":0.0,"enemies":"Lagavulin","floor":10.0,"turns":2.0},{"damage":0.0,"enemies":"Exordium Thugs","floor":12.0,"turns":1.0},{"damage":0.0,"enemies":"Blue Slaver","floor":13.0,"turns":2.0},{"damage":0.0,"enemies":"Slime Boss","floor":16.0,"turns":4.0},{"damage":0,"enemies":"2 Thieves","floor":18,"turns":2},{"damage":0,"enemies":"3 Byrds","floor":19,"turns":2},{"damage":0,"enemies":"Cultist and Chosen","floor":22,"turns":2},{"damage":0,"enemies":"Book of Stabbing","floor":24,"turns":2},{"damage":0,"enemies":"Snecko","floor":25,"turns":2},{"damage":0,"enemies":"Gremlin Leader","floor":27,"turns":2},{"damage":0,"enemies":"3 Cultists","floor":28,"turns":3},{"damage":14,"enemies":"Book of Stabbing","floor":29,"turns":2},{"damage":0,"enemies":"Centurion and Healer","floor":31,"turns":2},{"damage":0,"enemies":"Collector","floor":33,"turns":2},{"damage":0,"enemies":"Orb Walker","floor":35,"turns":2},{"damage":3,"enemies":"3 Shapes","floor":38,"turns":3},{"damage":0,"enemies":"Mind Bloom Boss Battle","floor":39,"turns":1},{"damage":0,"enemies":"Nemesis","floor":40,"turns":1},{"damage":0,"enemies":"R_Hoarder","floor":42,"turns":1},{"damage":0,"enemies":"Maw","floor":46,"turns":1},{"damage":0,"enemies":"Giant Head","floor":48,"turns":1},{"damage":0,"enemies":"Replay:Hell Engine","floor":50,"turns":1},{"damage":0,"enemies":"Time Eater","floor":51,"turns":1},{"damage":0,"enemies":"Shield and Spear","floor":56,"turns":1},{"damage":0,"enemies":"The Heart","floor":57,"turns":1}],"seed_played":"-1990864326329947894","potions_obtained":[{"floor":3.0,"key":"PowerPotion"},{"floor":5.0,"key":"AttackPotion"},{"floor":12.0,"key":"REME_GoldPotion"},{"floor":16.0,"key":"SpeedPotion"},{"floor":24,"key":"Energy Potion"},{"floor":31,"key":"testmod-TimePotion"}],"is_trial":false,"path_per_floor":["M","?","M","$","M","E","R","E","T","E","?","M","M","$","R","B",null,"M","M","?","$","M","R","E","M","T","E","M","E","R","M","R","B",null,"M","?","$","M","?","E","R","E","T","?","T","M","?","E","R","B","B",null,null,"R","$","E","B",null],"character_chosen":"Librarian","items_purchased":["testmod-SpacePotion","REME_LimitBreaker","PageOfQueenBee","Membership Card","testmod-SpacePotion","EntropicBrew","Counterbalance","Replay:Ringing Soul","Faith","AT_ChloranthyRing","ExtractFuel","REME_TwoStrings+1"],"campfire_rested":0,"item_purchase_floors":[4,4,14,37,37,37,37,37,37,55,55,55],"current_hp_per_floor":[52,52,52,52,52,52,52,52,52,52,52,52,52,52,52,52,64,64,64,64,64,64,64,64,71,71,71,71,57,57,57,57,75,75,75,61,64,64,81,81,81,81,81,81,91,91,91,91,91,91,91,91,91,91,94,94,94],"gold":105,"neow_bonus":"TRANSFORM_TWO_CARDS","is_daily":false,"chose_seed":false,"campfire_upgraded":7,"win_rate":0.0,"timestamp":1608811581,"path_taken":["M","?","M","$","M","E","R","E","T","E","?","M","M","$","R","BOSS","M","M","?","?","M","R","E","M","T","E","M","E","R","M","R","BOSS","M","?","$","M","?","E","R","E","T","?","?","M","?","E","R","BOSS","BOSS","R","$","E","BOSS"],"items_purchased_type":["Potion","Relic","Relic","Relic","Potion","Potion","Relic","Relic","Card","Relic","Card","Card"],"build_version":"2020-12-22","purchased_purges":9,"victory":true,"max_hp_per_floor":[54,54,54,54,54,77,77,77,77,77,77,77,77,77,77,68,68,68,68,68,68,68,68,68,75,75,75,75,75,75,75,75,75,75,75,75,78,81,81,81,81,81,81,81,91,91,91,91,91,91,91,91,91,91,94,94,94],"card_choices":[{"not_picked":["Diversion","TendonChords","Overpower","DarkCloud","DesperateStruggle","TieShanKao","ButterflySlash","BiteOff","Fence"],"picked":"SKIP","floor":1.0},{"not_picked":["WillProduceFineSilk","Standoff","FendThisOffIfYouCan","FleetFootsteps","HighKick","BackAttack","HandleRequest","Rewind","GuardingStance","Wallop_lor"],"picked":"TheRedNotes","floor":3.0},{"not_picked":["FleetEdge","HighKick","Parry","MultiBlock","FrontalAssault","CumulusWall","ReadyUp","HighSpeedStabbing","AutomatedMovement","SharpSwipe"],"picked":"CombatPreparation","floor":5.0},{"not_picked":["PreemptiveStrike","SharpNails","GuardingStance","AutomatedMovement","WillOfThePrescript","SmokingPipe","UnavoidableGaze","BayonetCombat","StructuralAnalysis","FrontalAssault","ScratchThat"],"picked":"SKIP","floor":6.0},{"not_picked":["Outburst","ClassAndRespect","MultiBlock","EnergyShield","Faith","SomberProcuration","FendThisOffIfYouCan","FlowOfTheSword","BoundaryOfDeath","SmokingPipe","Decapitation"],"picked":"SKIP","floor":8.0},{"not_picked":["FieryWaltz","KeepItFresh","GuidanceOfTheGears","Parry","ShrineToMusic","GoinFirst","Outburst","Pound","SteelKnuckles","InkOver","QuickAttack"],"picked":"SKIP","floor":10.0},{"not_picked":["MultiHit","SuppressingShot","DarkCloud","QuickAttack","FrontalAssault","Decapitation","ExtremeEdge","Bvapour","Zzzzzap","WillOfThePrescript"],"picked":"Reload","floor":12.0},{"not_picked":["FlowOfTheSword","Diversion","PreemptiveStrike","GuidanceOfTheGears","YoureTooSlow","HiddenBlade","WaitUp","SparkingSpear","BackstreetsDash","ClassAndRespect","Riposte"],"picked":"SKIP","floor":13.0},{"not_picked":["BackAttack","BlowItUp","FaintMemories","TimeForALittleTest+1","EnergyShield","SuppressingShot","DesperateStruggle","Castigation","CumulusWall","Quickness","PreemptiveStrike"],"picked":"SKIP","floor":18},{"not_picked":["Diversion","AbsorbImpact","LeRegole","ClassAndRespect","SuppressingShot","EnergyCycle","AlloutWar","SinglePointStab","WrathOfTorment","MultiBlock","StrongStrike"],"picked":"SKIP","floor":19},{"not_picked":["GaleKick","FlashingStrike","Quickness+1","FaintMemories","LoosenUp","HandleRequest","ViolentFlame","Leap_lor","Multislash","UncannyStrike","MultiBlock"],"picked":"SKIP","floor":22},{"not_picked":["OpportunitySpotted","EnergyCycle","WrathOfTorment","PreparedMind","PreemptiveStrike","WillOfThePrescript+1","MultiBlock","FieryWaltz","ExtractFuel","SpearedSweep"],"picked":"GutHarvesting","floor":24},{"not_picked":["ScratchThat","ShockRound","Leap_lor","MultiHit","Crush","WildCard","SpearedSweep","EnergyCycle+1","TendonChords","CombatPreparation"],"picked":"FrontalAssault","floor":25},{"not_picked":["Eject","HandleRequest","HandlingWork","ShrineToMusic","DefenseOrder","WaitUp","Standoff","SharpNails","BackAttack","FierceCharge+1"],"picked":"CleanUp","floor":27},{"not_picked":["Faith","BackAttack","FleetEdge","HandleRequest","Multislash","YoureAHindrance+1","RipSpace","ScatteringSlash","Collision","ClassAndRespect+1"],"picked":"RushDown","floor":28},{"not_picked":["WillOfThePrescript+1","YouOnlyLiveOnce","Rewind","Transpierce","TimeForALittleTest","StrongStrike","CutIn","ViolentFlame","AsThePrescriptOrders","Quickness","Wallop_lor"],"picked":"SKIP","floor":29},{"not_picked":["SilentMist","SummaryJudgment+1","Unlock1","TendonChords","ToOvercomeCrisis","SpearedSweep","PuppetBlockade","MultiBlock","Leap_lor","DefenseOrder","GuardingStance"],"picked":"SKIP","floor":31},{"not_picked":["ChargeUp","CrackOfDawn","GutHarvesting","EmotionalTurbulence"],"picked":"TrashDisposal","floor":33},{"not_picked":["EnergyCycle+1","Unlock1+1","MultiHit+1","SinglePointStab+1","SearingSword+1","HighKick","WillOfThePrescript","MindPrepared","TieShanKao","ViolentFlame","Fence+1"],"picked":"SKIP","floor":35},{"not_picked":["StayCalm","FendThisOffIfYouCan+1","Leap_lor","FervidEmotions","SuppressingShot","MultiBlock","ForTheFamily","HighKick","BindingArms","Thrust+1","Tttonst"],"picked":"SKIP","floor":38},{"not_picked":["BindingArms+1","StayCalm","Reload","FrontalAssault","UncannyStrike+1","WrathOfTorment+1","NightInTheBackstreets+1","TrashDisposal+1","SweepTheBackstreets+1","FlyingSword+1","BackAttack"],"picked":"SKIP","floor":40},{"not_picked":["Bvapour+1","FleetEdge+1","StructuralAnalysis","Juggling+1","TasteMyFlamingBat+1","ReadyUp+1","DarkCloud+1","MultiBlock+1","FrontalAssault","PreemptiveStrike+1","ButterflySlash+1"],"picked":"SKIP","floor":42},{"not_picked":["Creak","WillOfThePrescript","Multislash+1","Pound+1","Reload+1","BoundaryOfDeath+1","BackAttack","FleetFootsteps","Leap_lor+1","Thrust+1","AsThePrescriptOrders+1"],"picked":"SKIP","floor":46},{"not_picked":["NightInTheBackstreets+1","FlashingStrike+1","HighKick+1","CombatPreparation","Unlock1+1","ExtremeEdge+1","Transpierce+1","EnergyShield+1","Diversion+1","GuardingStance+1","BackAttack"],"picked":"SKIP","floor":48},{"not_picked":["DarkCloud","YoureTooSlow","Parry+1","Outburst+1","RipSpace+1","IronWall","BayonetCombat+1","Quickness","HardRehearsal+1","WillProduceFineSilk","Multislash+1"],"picked":"SKIP","floor":56}],"player_experience":988601,"relics_obtained":[{"floor":1.0,"key":"SynthV:TestCard"},{"floor":6.0,"key":"AT_RedTearstoneRing"},{"floor":8.0,"key":"Juzu Bracelet"},{"floor":10.0,"key":"hubris:Teleporter"},{"floor":24,"key":"AT_BellDemon"},{"floor":25,"key":"Strawberry"},{"floor":26,"key":"Onion Ring"},{"floor":27,"key":"PageOfSpiderBud"},{"floor":27,"key":"Tiny Chest"},{"floor":28,"key":"PageOfForsakenMurderer"},{"floor":29,"key":"Pantograph"},{"floor":29,"key":"Blue Doll"},{"floor":31,"key":"PageOfWrath"},{"floor":33,"key":"PageOfSingingMachine"},{"floor":35,"key":"testmod-Brilliant"},{"floor":38,"key":"hubris:DuctTape"},{"floor":39,"key":"PageOfTheQueenOfHatred"},{"floor":39,"key":"Molten Egg 2"},{"floor":40,"key":"Akabeko"},{"floor":40,"key":"PageOfTheKnightOfDespair"},{"floor":42,"key":"AT_BladeRuinedKing"},{"floor":42,"key":"PageOfGreed"},{"floor":43,"key":"Toy Ornithopter"},{"floor":45,"key":"Pear"},{"floor":46,"key":"PageOfNihil"},{"floor":48,"key":"Bag of Preparation"},{"floor":48,"key":"PageOfDeadButterflies"},{"floor":56,"key":"Vajra"},{"floor":56,"key":"PageOfGreed"}],"event_choices":[{"damage_healed":0.0,"max_hp_gain":0.0,"max_hp_loss":0.0,"gold_gain":400.0,"event_name":"¶÷ÂåË¹µÄÅÌ×Ó","player_choice":"Sell","floor":2.0,"relics_lost":["testmod-TestBox"],"gold_loss":0.0,"damage_taken":0.0},{"damage_healed":0,"gold_gain":0,"player_choice":"0 cards matched","damage_taken":0,"max_hp_gain":0,"max_hp_loss":0,"event_name":"Match and Keep!","floor":20,"gold_loss":0,"cards_obtained":[]},{"damage_healed":0,"gold_gain":0,"player_choice":"Embrace Madness","damage_taken":14,"max_hp_gain":0,"max_hp_loss":0,"event_name":"Winding Halls","floor":36,"gold_loss":0,"cards_obtained":["Madness","Madness"]},{"damage_healed":0,"gold_gain":0,"player_choice":"Fight","damage_taken":0,"max_hp_gain":0,"max_hp_loss":0,"event_name":"MindBloom","floor":39,"gold_loss":0},{"damage_healed":0,"gold_gain":0,"player_choice":"Memory 1","damage_taken":0,"max_hp_gain":0,"max_hp_loss":0,"event_name":"SensoryStone","floor":44,"gold_loss":0}],"is_beta":false,"boss_relics":[{"not_picked":["testmod-DreamHouse","hubris:GrandSneckoEye"],"picked":"Runic Dome"},{"not_picked":["xbg","Sozu"],"picked":"ChiXiaoBlade"}],"items_purged_floors":[4,4,4,4,4,4,37,37,37],"is_endless":false,"potions_floor_spawned":[3,5,12,16,19,24,31,33,35,46],"ascension_level":20}}