{"host":"9373kjg5yrouhim6","time":1608801509,"event":{"mods":["2.2 Compatiblity","AchievementEnabler","Aspiration","BaseMod","Beaked The Cultist","Better Altar","Better Match","Better Note","Better Sensory Stone","Better Skull","Better Third Choice","Colored Map","Colored Powertips","Conspire","Downfall","Friendly Minions","Highlight Path","Hubris","Infinite Spire","Mimic Mod","Minty Spire (QoL Compilation)","Replay The Spire","Spicy Shops","StSLib","The Construct","The Disciple","vexMod"],"gold_per_floor":[99,111,127,37,48,66,66,84,84,102,122,122,149,34,50,149,149,149,162,22,33,18,29,111,111,111,111,127,127,143,157,174,275,275,275,295,307,307,307,307],"floor_reached":38,"playtime":2047,"items_purged":["champ:Strike","champ:Execute","champ:Strike"],"score":399,"play_id":"00da2d26-342a-4c9d-af49-322416c77244","local_time":"20201224041829","is_ascension_mode":false,"campfire_choices":[{"data":"champ:Taunt","floor":1,"key":"SMITH"},{"data":"champ:ShieldThrow","floor":9,"key":"SMITH"},{"data":"champ:FalseCounter","floor":12,"key":"SMITH"},{"data":"champ:DefensiveStyle","floor":18,"key":"SMITH"},{"data":"champ:FocusedDefense","floor":25,"key":"SMITH"},{"data":"champ:SwordSigil","floor":27,"key":"SMITH"},{"floor":29,"key":"REST"},{"data":"champ:ShieldSlam","floor":35,"key":"SMITH"}],"circlet_count":0,"master_deck":["champ:Strike","champ:Strike","champ:Defend","champ:Defend","champ:Defend","champ:Defend","champ:Taunt+1","champ:ShieldThrow+1","champ:FalseCounter+1","champ:FocusedDefense+1","champ:ShieldSlam+1","champ:DefensiveStyle+1","champ:EnGarde+1","champ:SwordSigil+1"],"relics":["champ:ChampionCrown","Toy Ornithopter","Odd Mushroom","beaked:SacredDeck","vexMod:Dragonfruit","SacredBark"],"acts_visited":["Exordium","TheCity","TheBeyond"],"potions_floor_usage":[6,8,8,8,11,16,19,20,21,32,33,33,37],"damage_taken":[{"damage":6,"enemies":"Cultist","floor":2,"turns":3},{"damage":5,"enemies":"2 Louse","floor":3,"turns":3},{"damage":15,"enemies":"downfall:FleeingMerchant","floor":4,"turns":4},{"damage":5,"enemies":"Jaw Worm","floor":5,"turns":3},{"damage":5,"enemies":"Exordium Thugs","floor":6,"turns":4},{"damage":8,"enemies":"Exordium Wildlife","floor":8,"turns":5},{"damage":3,"enemies":"Large Slime","floor":10,"turns":7},{"damage":26,"enemies":"Exordium Thugs","floor":11,"turns":7},{"damage":10,"enemies":"The Mushroom Lair","floor":13,"turns":5},{"damage":15,"enemies":"downfall:FleeingMerchant","floor":14,"turns":4},{"damage":1,"enemies":"Gremlin Gang","floor":15,"turns":6},{"damage":8,"enemies":"downfall:Watcher","floor":16,"turns":11},{"damage":3,"enemies":"conspire:FuzzyDice","floor":19,"turns":9},{"damage":10,"enemies":"downfall:FleeingMerchant","floor":20,"turns":4},{"damage":0,"enemies":"Chosen","floor":21,"turns":4},{"damage":20,"enemies":"downfall:FleeingMerchant","floor":22,"turns":4},{"damage":23,"enemies":"conspire:HollyBat","floor":23,"turns":6},{"damage":22,"enemies":"Centurion and Healer","floor":28,"turns":4},{"damage":2,"enemies":"3 Cultists","floor":30,"turns":5},{"damage":0,"enemies":"Snake Plant","floor":31,"turns":2},{"damage":0,"enemies":"conspire:HollyBat","floor":32,"turns":6},{"damage":22,"enemies":"downfall:Ironclad","floor":33,"turns":5},{"damage":3,"enemies":"Orb Walker","floor":36,"turns":3},{"damage":10,"enemies":"3 Darklings","floor":37,"turns":7},{"damage":101,"enemies":"Transient","floor":38,"turns":5}],"seed_played":"-8738824121650236663","potions_obtained":[{"floor":5,"key":"ColorlessPotion"},{"floor":6,"key":"EntropicBrew"},{"floor":10,"key":"Elixir"},{"floor":15,"key":"BlessingOfTheForge"},{"floor":16,"key":"Block Potion"},{"floor":19,"key":"DuplicationPotion"},{"floor":21,"key":"Milkshake"},{"floor":30,"key":"FearPotion"},{"floor":31,"key":"BlessingOfTheForge"},{"floor":36,"key":"SkillPotion"},{"floor":37,"key":"conspire:TimeTravelPotion"}],"is_trial":false,"path_per_floor":["R","M","M","$","M","M","T","M","R","M","M","R","?","$","M","B",null,"R","M","$","M","$","M","T","R","?","R","M","R","M","M","M","B",null,"R","M","M","M"],"character_chosen":"THE_CHAMP","items_purchased":[],"campfire_rested":1,"item_purchase_floors":[],"current_hp_per_floor":[90,89,89,84,84,89,89,83,83,80,59,59,49,39,38,35,90,90,87,80,85,65,42,47,47,47,47,25,53,51,51,56,44,95,95,92,85,0,0,0],"gold":307,"neow_bonus":"RANDOM_COMMON_RELIC","is_daily":false,"chose_seed":false,"campfire_upgraded":7,"win_rate":0.0,"timestamp":1608801509,"path_taken":["R","M","M","$","M","M","T","M","R","M","M","R","?","$","M","BOSS","R","M","$","M","$","M","T","R","?","R","M","R","M","M","M","BOSS","R","M","M","M"],"items_purchased_type":[],"build_version":"2020-12-22","purchased_purges":3,"victory":false,"max_hp_per_floor":[90,90,90,90,90,90,90,90,90,90,90,90,90,90,90,90,90,90,90,90,90,90,90,95,95,95,95,95,95,95,95,95,95,95,95,95,95,95,95,95],"card_choices":[{"not_picked":["champ:BerserkersShout","champ:StanceDance","champ:TornadoPunch"],"picked":"SKIP","floor":2},{"not_picked":["champ:RisingSlash","champ:FlashCut","champ:FanOfKnives"],"picked":"SKIP","floor":3},{"not_picked":["champ:CrookedStrike","champ:BladeFlurry"],"picked":"champ:ShieldThrow","floor":4},{"not_picked":["champ:Backstep","champ:FlashCut","champ:Duel"],"picked":"SKIP","floor":5},{"not_picked":["champ:GutPunch","champ:AdrenalArmor","champ:FlashCut"],"picked":"SKIP","floor":6},{"not_picked":["champ:Encircle","champ:BerserkersShout","champ:SwordThrow"],"picked":"SKIP","floor":8},{"not_picked":["champ:Encircle","champ:Backstep"],"picked":"champ:FalseCounter","floor":10},{"not_picked":["champ:Encircle","champ:PerfectedStrike"],"picked":"champ:FocusedDefense","floor":11},{"not_picked":["champ:SkillfulDodge","champ:AdrenalArmor","champ:PerfectedStrike"],"picked":"SKIP","floor":14},{"not_picked":["champ:CrownThrow","champ:GladiatorsShout","champ:FaceSlap"],"picked":"SKIP","floor":15},{"not_picked":["champ:SwordThrow","champ:CrownThrow"],"picked":"champ:ShieldSlam","floor":16},{"not_picked":["champ:Backstep","champ:DeathBlow","champ:EnragedBash"],"picked":"SKIP","floor":19},{"not_picked":["champ:TornadoPunch","champ:Backstep"],"picked":"champ:EnGarde+1","floor":20},{"not_picked":["champ:FaceSlap","champ:GutPunch+1"],"picked":"champ:SwordSigil","floor":21},{"not_picked":["champ:AdrenalArmor+1","champ:FalseCounter","champ:DeathBlow"],"picked":"SKIP","floor":22},{"not_picked":["champ:AdrenalArmor","champ:GutPunch","champ:PerfectedStrike"],"picked":"SKIP","floor":23},{"not_picked":["champ:SkillfulDodge","champ:PerfectedStrike","champ:Haymaker"],"picked":"SKIP","floor":28},{"not_picked":["champ:Balance+1","champ:Encircle","champ:EnGarde"],"picked":"SKIP","floor":30},{"not_picked":["champ:FanOfKnives","champ:Backstep","champ:ShieldSigil+1"],"picked":"SKIP","floor":31},{"not_picked":["champ:DefensiveShout","champ:Duel","champ:RapidStrikes+1"],"picked":"SKIP","floor":32},{"not_picked":["champ:FlashCut","champ:BerserkerStyle","champ:FocusedBerserking+1"],"picked":"SKIP","floor":36},{"not_picked":["champ:FlashCut+1","champ:TornadoPunch","champ:Duel+1"],"picked":"SKIP","floor":37}],"player_experience":342393,"relics_obtained":[{"floor":13,"key":"Odd Mushroom"},{"floor":24,"key":"vexMod:Dragonfruit"}],"event_choices":[{"damage_healed":0,"gold_gain":0,"player_choice":"Fought Mushrooms","damage_taken":0,"max_hp_gain":0,"max_hp_loss":0,"event_name":"Mushrooms","floor":13,"gold_loss":0},{"damage_healed":0,"gold_gain":0,"player_choice":"Ignored","damage_taken":0,"max_hp_gain":0,"max_hp_loss":0,"event_name":"betterNote:BetterNote","floor":26,"gold_loss":0,"cards_obtained":["Panache"]}],"is_beta":false,"boss_relics":[{"not_picked":["vexMod:DeviousBotling","Tiny House"],"picked":"beaked:SacredDeck"},{"not_picked":["Replay:Wanted Poster","aspiration:SilentSkillbook"],"picked":"SacredBark"}],"items_purged_floors":[4,14,20],"is_endless":false,"potions_floor_spawned":[5,6,10,15,16,19,21,30,31,36,37],"killed_by":"Transient","ascension_level":0}}