{"host":"uflv0e3ja7hvnij7","time":1608810033,"event":{"mods":["BaseMod","Conspire","Downfall","Hubris","Minty Spire (QoL Compilation)","Replay The Spire","Shop Mod","StSLib"],"gold_per_floor":[119,119,129,54,66,66,76,76,76,93,93,93,124,124,108,120,120,219,219,233,251,251,140,230,260,276,276,276,286,305,305,321,334,334,334,334],"floor_reached":35,"playtime":2533,"items_purged":["ReplayTheSpireMod:Exploit Weakness"],"score":325,"play_id":"279df33d-1624-412b-bb58-996bd3e47daa","local_time":"20201224064033","is_ascension_mode":true,"campfire_choices":[{"data":"Prepared","floor":6,"key":"SMITH"},{"floor":27,"key":"REST"},{"floor":31,"key":"REST"},{"floor":34,"key":"REST"}],"circlet_count":0,"master_deck":["Strike_G+1","Strike_G+1","Strike_G+1","Strike_G+1","Defend_G+1","Defend_G+1","Defend_G+1","Defend_G+1","Survivor","Neutralize","Slice","Accuracy","Prepared+1","Infinite Blades","Slice+1","Draining Mist","After Image","Envenom","Backflip","Slice","Infinite Blades+1"],"relics":["Ring of the Snake","Kunai","WristBlade","MerchantsRug","ReplayTheSpireMod:Lightbulb","Gambling Chip"],"acts_visited":["Exordium","TheCity"],"potions_floor_usage":[13,18,18,25,29,30,35],"damage_taken":[{"damage":0,"enemies":"2 Louse","floor":1,"turns":3},{"damage":0,"enemies":"Cultist","floor":3,"turns":3},{"damage":0,"enemies":"conspire:RoseBush","floor":5,"turns":4},{"damage":0,"enemies":"Blue Slaver","floor":7,"turns":6},{"damage":3,"enemies":"conspire:2 RoseBushes","floor":10,"turns":6},{"damage":8,"enemies":"Replay:BlueRogue","floor":13,"turns":7},{"damage":21,"enemies":"Exordium Thugs","floor":15,"turns":4},{"damage":13,"enemies":"Lots of Slimes","floor":16,"turns":4},{"damage":15,"enemies":"Hexaghost","floor":18,"turns":13},{"damage":24,"enemies":"2 Thieves","floor":20,"turns":4},{"damage":18,"enemies":"Spheric Guardian","floor":21,"turns":4},{"damage":22,"enemies":"Gremlin Leader","floor":25,"turns":8},{"damage":24,"enemies":"Snake Plant","floor":26,"turns":5},{"damage":7,"enemies":"Centurion and Healer","floor":29,"turns":8},{"damage":1,"enemies":"3 Cultists","floor":30,"turns":5},{"damage":16,"enemies":"Shelled Parasite and Fungi","floor":32,"turns":8},{"damage":2,"enemies":"Centurion and Healer","floor":33,"turns":6},{"damage":51,"enemies":"conspire:MysteriousRune","floor":35,"turns":5}],"seed_played":"-6220847097267242462","potions_obtained":[{"floor":3,"key":"FairyPotion"},{"floor":5,"key":"Slimebound:ThreeZeroPotion"},{"floor":10,"key":"sneckomod:MuddlingPotion"},{"floor":15,"key":"Languid Potion"},{"floor":20,"key":"PowerPotion"},{"floor":26,"key":"BlessingOfTheForge"},{"floor":29,"key":"BlessingOfTheForge"},{"floor":32,"key":"FearPotion"}],"is_trial":false,"path_per_floor":["M","?","M","$","M","R","M","?","T","M","PTL","PTL","E","?","M","M","R","B",null,"M","M","?","$","?","E","M","R","T","M","M","R","M","M","R","B"],"character_chosen":"THE_SILENT","items_purchased":["MerchantsRug"],"campfire_rested":3,"item_purchase_floors":[23],"current_hp_per_floor":[77,77,77,77,77,77,77,77,77,74,74,74,66,66,45,32,55,40,77,53,35,35,35,23,1,5,28,28,21,20,43,27,25,48,0,0],"gold":334,"neow_bonus":"TEN_PERCENT_HP_BONUS","is_daily":false,"chose_seed":false,"campfire_upgraded":1,"win_rate":0.0,"timestamp":1608810033,"path_taken":["M","?","?","$","M","R","M","?","T","M","PTL","PTL","E","?","M","M","R","BOSS","M","M","?","$","?","E","M","R","T","M","?","R","?","M","R","BOSS"],"items_purchased_type":["Relic"],"build_version":"2020-12-22","purchased_purges":1,"victory":false,"max_hp_per_floor":[77,77,77,77,77,77,77,77,77,77,77,77,77,77,77,77,77,77,77,77,77,77,77,77,77,77,77,77,77,77,77,77,77,77,77,77],"card_choices":[{"not_picked":["Hidden Blade","Outmaneuver"],"picked":"Slice","floor":1},{"not_picked":["Prepared","Dagger Throw"],"picked":"Accuracy","floor":3},{"not_picked":["hubris:Counter","ReplayTheSpireMod:Speed Training"],"picked":"Prepared","floor":5},{"not_picked":["Distraction","hubris:SlightOfHand"],"picked":"Infinite Blades","floor":7},{"not_picked":["Slice","Escape Plan","Dagger Spray"],"picked":"SKIP","floor":10},{"not_picked":["Acrobatics","Outmaneuver","Atom Bomb"],"picked":"SKIP","floor":13},{"not_picked":["Heel Hook","Calculated Gamble","Outmaneuver"],"picked":"SKIP","floor":15},{"not_picked":["ReplayTheSpireMod:The Works","hubris:Counter"],"picked":"Draining Mist","floor":16},{"not_picked":["Replay:Bag of Tricks","Doppelganger"],"picked":"After Image","floor":18},{"not_picked":["Dagger Throw+1","hubris:SlightOfHand","Noxious Fumes+1"],"picked":"SKIP","floor":20},{"not_picked":["Skewer","Tactician","Eviscerate+1"],"picked":"SKIP","floor":21},{"not_picked":["conspire:PoisonWeapons","Slice"],"picked":"Envenom","floor":25},{"not_picked":["Reflex","Dagger Spray","Slice"],"picked":"SKIP","floor":26},{"not_picked":["hubris:Counter","Deflect"],"picked":"Backflip","floor":29},{"not_picked":["Poisoned Stab","Deflect","Fluid Movement"],"picked":"SKIP","floor":30},{"not_picked":["Bane","Deflect"],"picked":"Slice","floor":32},{"not_picked":["ReplayTheSpireMod:Scrap Shanks","Prepared"],"picked":"Infinite Blades+1","floor":33}],"player_experience":301762,"relics_obtained":[{"floor":9,"key":"Kunai"},{"floor":13,"key":"Art of War"},{"floor":25,"key":"ReplayTheSpireMod:Lightbulb"},{"floor":28,"key":"Gambling Chip"}],"event_choices":[{"damage_healed":0,"gold_gain":0,"cards_transformed":["Strike_G"],"player_choice":"Transformed","damage_taken":0,"max_hp_gain":0,"max_hp_loss":0,"event_name":"Transmorgrifier","floor":2,"gold_loss":0,"cards_obtained":["ReplayTheSpireMod:Exploit Weakness"]},{"damage_healed":0,"gold_gain":0,"cards_transformed":["Defend_G"],"player_choice":"Change","damage_taken":0,"max_hp_gain":0,"max_hp_loss":0,"event_name":"Living Wall","floor":14,"gold_loss":0,"cards_obtained":["Slice"]},{"damage_healed":0,"gold_gain":0,"player_choice":"Simplicity","damage_taken":0,"max_hp_gain":0,"max_hp_loss":0,"event_name":"Back to Basics","floor":22,"gold_loss":0,"cards_upgraded":["Strike_G","Strike_G","Strike_G","Strike_G","Defend_G","Defend_G","Defend_G","Defend_G"]},{"damage_healed":0,"gold_gain":90,"player_choice":"GOLD ","damage_taken":12,"max_hp_gain":0,"max_hp_loss":0,"event_name":"Knowing Skull","floor":24,"potions_obtained":[],"gold_loss":0,"cards_obtained":[]}],"is_beta":false,"boss_relics":[{"not_picked":["conspire:SlowCooker","SlaversCollar"],"picked":"WristBlade"}],"items_purged_floors":[4],"is_endless":false,"potions_floor_spawned":[3,5,10,15,20,26,29,32],"killed_by":"conspire:MysteriousRune","ascension_level":3}}