{"host":"baymyijz6sxaqj5s","time":1608801205,"event":{"mods":["AchievementEnabler","BaseMod","Colored Map","Colored Powertips","DeckTracker","KOR Keyword Fix","Keyboard Shortcuts","Minty Spire (QoL Compilation)","Quick Restart","StSLib","SuperFastMode"],"gold_per_floor":[112,112,112,131,145,145,111,126,126,126,9,29,42,60,60,158,208,227,191,191,290,290,290,307,318,318,333,333,333],"floor_reached":28,"playtime":802,"items_purged":[],"score":248,"play_id":"440b057c-8d19-4fc4-88ce-742bce736ef3","local_time":"20201224181325","is_ascension_mode":true,"campfire_choices":[{"data":"Body Slam","floor":6,"key":"SMITH"},{"data":"Flame Barrier","floor":10,"key":"SMITH"},{"data":"Enlightenment","floor":15,"key":"SMITH"},{"floor":23,"key":"REST"}],"circlet_count":0,"master_deck":["Strike_R","Strike_R","Strike_R","Strike_R","Strike_R","Defend_R+1","Defend_R","Defend_R","Defend_R+1","Bash","Body Slam+1","Flame Barrier+1","Ghostly Armor","Bloodletting","Offering","Heavy Blade","Enlightenment+1","Thunderclap","Twin Strike","Limit Break","Body Slam","Shrug It Off+1","Seeing Red","Demon Form","Headbutt+1"],"relics":["Burning Blood","Kunai","Sundial","Tiny House","War Paint"],"acts_visited":["Exordium","TheCity"],"potions_floor_usage":[8,13,16,24,25],"damage_taken":[{"damage":1,"enemies":"2 Louse","floor":1,"turns":3},{"damage":0,"enemies":"Small Slimes","floor":4,"turns":3},{"damage":1,"enemies":"Cultist","floor":5,"turns":4},{"damage":5,"enemies":"Gremlin Gang","floor":8,"turns":7},{"damage":3,"enemies":"Red Slaver","floor":12,"turns":2},{"damage":6,"enemies":"2 Fungi Beasts","floor":13,"turns":5},{"damage":5,"enemies":"Looter","floor":14,"turns":3},{"damage":79,"enemies":"The Guardian","floor":16,"turns":14},{"damage":27,"enemies":"Chosen","floor":18,"turns":5},{"damage":20,"enemies":"Spheric Guardian","floor":24,"turns":6},{"damage":31,"enemies":"Centurion and Healer","floor":25,"turns":7},{"damage":24,"enemies":"Chosen and Byrds","floor":27,"turns":8},{"damage":44,"enemies":"3 Cultists","floor":28,"turns":7}],"seed_played":"-7172900311300913444","potions_obtained":[{"floor":4,"key":"Energy Potion"},{"floor":12,"key":"Block Potion"},{"floor":13,"key":"BloodPotion"},{"floor":17,"key":"Regen Potion"},{"floor":24,"key":"AttackPotion"}],"is_trial":false,"path_per_floor":["M","?","?","M","M","R","$","M","T","R","$","M","M","M","R","B",null,"M","$","?","?","?","R","M","M","T","M","M"],"character_chosen":"IRONCLAD","items_purchased":["Bloodletting","Heavy Blade","Enlightenment","Seeing Red"],"campfire_rested":1,"item_purchase_floors":[7,11,11,19],"current_hp_per_floor":[88,63,55,61,66,66,66,67,67,67,67,70,70,71,71,15,93,72,72,72,72,54,83,84,59,59,41,0,0],"gold":333,"neow_bonus":"TEN_PERCENT_HP_BONUS","is_daily":false,"chose_seed":false,"campfire_upgraded":3,"win_rate":0.0,"timestamp":1608801205,"path_taken":["M","?","?","?","?","R","?","M","T","R","$","M","M","M","R","BOSS","M","$","?","?","?","R","M","M","T","M","M"],"items_purchased_type":["Card","Card","Card","Card"],"build_version":"2020-12-22","purchased_purges":0,"victory":false,"max_hp_per_floor":[88,88,88,88,88,88,88,88,88,88,88,88,88,88,88,88,93,93,93,93,93,98,98,98,98,98,98,98,98],"card_choices":[{"not_picked":["Clothesline","Reckless Charge"],"picked":"Body Slam","floor":1},{"not_picked":["Blood for Blood","Clash"],"picked":"Flame Barrier","floor":4},{"not_picked":["Armaments","True Grit"],"picked":"Ghostly Armor","floor":5},{"not_picked":["Twin Strike","Iron Wave"],"picked":"Offering","floor":8},{"not_picked":["Carnage","Twin Strike"],"picked":"Thunderclap","floor":12},{"not_picked":["Havoc","Pommel Strike"],"picked":"Twin Strike","floor":13},{"not_picked":["Twin Strike","Infernal Blade","Havoc"],"picked":"SKIP","floor":14},{"not_picked":["Corruption","Feed"],"picked":"Limit Break","floor":16},{"not_picked":["Whirlwind","Shockwave"],"picked":"Body Slam","floor":17},{"not_picked":["Clothesline","Perfected Strike"],"picked":"Shrug It Off","floor":18},{"not_picked":["Flex","Seeing Red","Wild Strike"],"picked":"SKIP","floor":24},{"not_picked":["Burning Pact","Perfected Strike+1","Sentinel"],"picked":"SKIP","floor":25},{"not_picked":["Flex","Pommel Strike"],"picked":"Headbutt+1","floor":27}],"player_experience":219203,"relics_obtained":[{"floor":9,"key":"Sundial"},{"floor":26,"key":"War Paint"}],"event_choices":[{"damage_healed":0,"gold_gain":0,"player_choice":"Success","damage_taken":25,"relics_obtained":["Kunai"],"max_hp_gain":0,"max_hp_loss":0,"event_name":"Scrap Ooze","floor":2,"gold_loss":0},{"damage_healed":0,"gold_gain":0,"player_choice":"Damaged","damage_taken":8,"max_hp_gain":0,"max_hp_loss":0,"event_name":"Wheel of Change","floor":3,"gold_loss":0},{"damage_healed":0,"gold_gain":0,"player_choice":"Read","damage_taken":0,"max_hp_gain":0,"max_hp_loss":0,"event_name":"The Library","floor":20,"gold_loss":0,"cards_obtained":["Demon Form"]},{"damage_healed":0,"gold_gain":99,"player_choice":"Stole From Cult","damage_taken":0,"max_hp_gain":0,"max_hp_loss":0,"event_name":"Nest","floor":21,"gold_loss":0},{"damage_healed":0,"gold_gain":0,"player_choice":"Shed Blood","damage_taken":23,"max_hp_gain":5,"max_hp_loss":0,"event_name":"Forgotten Altar","floor":22,"gold_loss":0}],"is_beta":false,"boss_relics":[{"not_picked":["Busted Crown","Fusion Hammer"],"picked":"Tiny House"}],"items_purged_floors":[],"is_endless":false,"potions_floor_spawned":[4,12,13,24],"killed_by":"3 Cultists","ascension_level":1}}