{"host":"n7aywsqehmyjh5xy","time":1608775932,"event":{"mods":["BaseMod","Colored Map","Downfall","Minty Spire (QoL Compilation)","StSLib"],"gold_per_floor":[114,114,132,146,159,185,210,242,242,242,242,270,283,296,296,398,398,369,369,64,64,64,90,113,125,189,229,254,277,315,252,264,376,388,415,444,456,486,423,423,457,457,457,484,484,513,529,581,581,581,581,581,35,66,66,66],"floor_reached":55,"playtime":3687,"items_purged":["Defend_B","Strike_B"],"score":1050,"play_id":"29dc0694-f8b7-4bc6-9760-a9ad8b8c0929","local_time":"20201223211212","is_ascension_mode":true,"campfire_choices":[{"floor":10,"key":"REST"},{"floor":15,"key":"REST"},{"floor":32,"key":"REST"},{"data":"Machine Learning","floor":40,"key":"SMITH"},{"floor":42,"key":"REST"},{"floor":49,"key":"RECALL"},{"data":"Seek","floor":52,"key":"SMITH"}],"circlet_count":0,"master_deck":["Strike_B","Defend_B+1","Defend_B+1","Zap","Dualcast","Gash","BootSequence","Redo","Beam Cell","Seek+1","Go for the Eyes","Chill","Sweeping Beam","Auto Shields","Glacier","Machine Learning+1","Hello World+1","Gash","Cold Snap","Amplify","Gash+1","Gash+1","Double Energy+1","Gash","Stack+1","Genetic Algorithm","All For One","All For One","Chill+1","Stack"],"relics":["Cracked Core","DataDisk","Odd Mushroom","Juzu Bracelet","Blood Vial","Matryoshka","Sozu","Vajra","DollysMirror","MawBank","Ancient Tea Set","Symbiotic Virus","Potion Belt","Strawberry","Nunchaku","Bronze Scales","Busted Crown","Meat on the Bone","Eternal Feather","Regal Pillow","Gambling Chip","Bottled Flame","Sling","Mummified Hand"],"acts_visited":["Exordium","TheCity","TheBeyond","TheEnding"],"potions_floor_usage":[6,6,8,8,12,16],"damage_taken":[{"damage":10,"enemies":"Small Slimes","floor":1,"turns":3},{"damage":2,"enemies":"Jaw Worm","floor":3,"turns":3},{"damage":0,"enemies":"Cultist","floor":4,"turns":3},{"damage":4,"enemies":"Red Slaver","floor":5,"turns":3},{"damage":7,"enemies":"Gremlin Nob","floor":6,"turns":3},{"damage":18,"enemies":"The Mushroom Lair","floor":7,"turns":4},{"damage":10,"enemies":"3 Sentries","floor":8,"turns":6},{"damage":4,"enemies":"Lagavulin","floor":12,"turns":5},{"damage":0,"enemies":"Exordium Thugs","floor":13,"turns":4},{"damage":11,"enemies":"Exordium Wildlife","floor":14,"turns":4},{"damage":31,"enemies":"The Guardian","floor":16,"turns":12},{"damage":7,"enemies":"2 Thieves","floor":18,"turns":5},{"damage":28,"enemies":"Book of Stabbing","floor":23,"turns":8},{"damage":4,"enemies":"Shell Parasite","floor":24,"turns":5},{"damage":12,"enemies":"Slavers","floor":27,"turns":7},{"damage":0,"enemies":"3 Cultists","floor":28,"turns":6},{"damage":3,"enemies":"Chosen and Byrds","floor":29,"turns":4},{"damage":39,"enemies":"Gremlin Leader","floor":30,"turns":7},{"damage":7,"enemies":"Automaton","floor":33,"turns":9},{"damage":0,"enemies":"Orb Walker","floor":35,"turns":5},{"damage":14,"enemies":"3 Darklings","floor":36,"turns":6},{"damage":9,"enemies":"4 Shapes","floor":38,"turns":6},{"damage":45,"enemies":"Nemesis","floor":41,"turns":7},{"damage":0,"enemies":"Giant Head","floor":44,"turns":5},{"damage":0,"enemies":"Nemesis","floor":46,"turns":5},{"damage":1,"enemies":"Sphere and 2 Shapes","floor":47,"turns":3},{"damage":34,"enemies":"2 Orb Walkers","floor":48,"turns":3},{"damage":32,"enemies":"Time Eater","floor":50,"turns":8},{"damage":18,"enemies":"Shield and Spear","floor":54,"turns":4},{"damage":69,"enemies":"The Heart","floor":55,"turns":6}],"seed_played":"-6529702628005291768","potions_obtained":[{"floor":0,"key":"Swift Potion"},{"floor":0,"key":"Slimebound:ThreeZeroPotion"},{"floor":0,"key":"SteroidPotion"},{"floor":5,"key":"AttackPotion"},{"floor":7,"key":"Guardian:BlockOnCardUsePotion"},{"floor":8,"key":"DistilledChaos"},{"floor":12,"key":"SmokeBomb"},{"floor":14,"key":"LiquidBronze"}],"is_trial":false,"path_per_floor":["M","?","M","M","M","E","?","E","T","R","?","E","M","M","R","B",null,"M","?","$","?","?","E","M","T","T","E","M","M","E","?","R","B",null,"M","M","?","M","$","R","E","R","T","E","?","E","M","?","R","B",null,"R","$","E","B"],"character_chosen":"DEFECT","items_purchased":["Vajra","DollysMirror","Bottled Flame","Sling","Stack"],"campfire_rested":4,"item_purchase_floors":[20,20,53,53,53],"current_hp_per_floor":[65,50,48,48,44,37,19,9,9,31,31,29,31,22,44,15,75,68,75,75,75,75,47,45,45,52,42,44,43,6,6,30,25,82,82,68,68,61,61,61,18,42,42,44,44,46,47,27,45,27,82,82,82,64,0,0],"gold":66,"neow_bonus":"THREE_SMALL_POTIONS","is_daily":false,"chose_seed":false,"campfire_upgraded":2,"win_rate":0.0,"timestamp":1608775932,"path_taken":["M","?","M","M","M","E","?","E","T","R","?","E","M","M","R","BOSS","M","?","?","?","?","E","M","?","T","E","M","M","E","?","R","BOSS","M","M","?","M","$","R","E","R","T","E","?","E","M","?","R","BOSS","R","$","E","BOSS"],"items_purchased_type":["Relic","Relic","Relic","Relic","Card"],"build_version":"2020-12-22","purchased_purges":2,"victory":false,"max_hp_per_floor":[75,75,75,75,75,75,75,75,75,75,75,75,75,75,75,75,75,75,75,75,75,75,75,75,75,82,82,82,82,82,82,82,82,82,82,82,82,82,82,82,82,82,82,82,82,82,82,82,82,82,82,82,82,82,82,82],"card_choices":[{"not_picked":["Heatsinks","Stack"],"picked":"Gash","floor":1},{"not_picked":["Beam Cell","Cold Snap"],"picked":"BootSequence","floor":3},{"not_picked":["Capacitor","Sweeping Beam"],"picked":"Redo","floor":4},{"not_picked":["Hologram","Barrage"],"picked":"Beam Cell","floor":5},{"not_picked":["Skim","Self Repair"],"picked":"Seek","floor":6},{"not_picked":["Consume","Turbo"],"picked":"Go for the Eyes","floor":7},{"not_picked":["BootSequence","Compile Driver"],"picked":"Chill","floor":8},{"not_picked":["Force Field","Doom and Gloom"],"picked":"Sweeping Beam","floor":12},{"not_picked":["Turbo","Beam Cell"],"picked":"Auto Shields","floor":13},{"not_picked":["Blizzard","Leap"],"picked":"Glacier","floor":14},{"not_picked":["Buffer","Amplify"],"picked":"Machine Learning","floor":16},{"not_picked":["Leap","Conserve Battery+1"],"picked":"Hello World+1","floor":18},{"not_picked":["Electrodynamics","Coolheaded+1"],"picked":"Gash+1","floor":23},{"not_picked":["Coolheaded","Undo"],"picked":"Gash+1","floor":24},{"not_picked":["Auto Shields","Heatsinks"],"picked":"Double Energy+1","floor":27},{"not_picked":["BootSequence","Redo+1"],"picked":"Gash","floor":28},{"not_picked":["Fusion+1","White Noise"],"picked":"Stack+1","floor":29},{"not_picked":["Stack","Steam"],"picked":"Genetic Algorithm","floor":30},{"not_picked":["Core Surge","Creative AI"],"picked":"All For One","floor":33},{"not_picked":["Heatsinks"],"picked":"SKIP","floor":35},{"not_picked":["Compile Driver+1"],"picked":"SKIP","floor":36},{"not_picked":["Leap+1"],"picked":"SKIP","floor":38},{"not_picked":["Hologram"],"picked":"SKIP","floor":41},{"not_picked":[],"picked":"All For One","floor":44},{"not_picked":["Storm+1"],"picked":"SKIP","floor":46},{"not_picked":["Doom and Gloom"],"picked":"SKIP","floor":47},{"not_picked":[],"picked":"Chill+1","floor":48},{"not_picked":["Compile Driver+1"],"picked":"SKIP","floor":54}],"player_experience":134439,"relics_obtained":[{"floor":6,"key":"DataDisk"},{"floor":7,"key":"Odd Mushroom"},{"floor":8,"key":"Juzu Bracelet"},{"floor":9,"key":"Blood Vial"},{"floor":12,"key":"Matryoshka"},{"floor":23,"key":"MawBank"},{"floor":25,"key":"Ancient Tea Set"},{"floor":25,"key":"Symbiotic Virus"},{"floor":26,"key":"Potion Belt"},{"floor":26,"key":"Strawberry"},{"floor":27,"key":"Nunchaku"},{"floor":30,"key":"Bronze Scales"},{"floor":41,"key":"Meat on the Bone"},{"floor":44,"key":"Eternal Feather"},{"floor":46,"key":"Regal Pillow"},{"floor":48,"key":"Gambling Chip"},{"floor":54,"key":"Mummified Hand"}],"event_choices":[{"damage_healed":0,"gold_gain":0,"player_choice":"Entered Light","damage_taken":15,"max_hp_gain":0,"max_hp_loss":0,"event_name":"Shining Light","floor":2,"gold_loss":0,"cards_upgraded":["Defend_B","Defend_B"]},{"damage_healed":0,"gold_gain":0,"player_choice":"Fought Mushrooms","damage_taken":0,"max_hp_gain":0,"max_hp_loss":0,"event_name":"Mushrooms","floor":7,"gold_loss":0},{"damage_healed":0,"gold_gain":0,"player_choice":"Ignored","damage_taken":0,"max_hp_gain":0,"max_hp_loss":0,"event_name":"Golden Idol","floor":11,"gold_loss":0},{"damage_healed":7,"gold_gain":0,"player_choice":"Full Heal","damage_taken":0,"max_hp_gain":0,"max_hp_loss":0,"event_name":"Wheel of Change","floor":19,"gold_loss":0},{"damage_healed":0,"gold_gain":0,"player_choice":"Ignored","damage_taken":0,"max_hp_gain":0,"max_hp_loss":0,"event_name":"Vampires","floor":21,"gold_loss":0},{"damage_healed":0,"gold_gain":0,"cards_transformed":["Strike_B","Strike_B"],"player_choice":"Became Test Subject","damage_taken":0,"max_hp_gain":0,"max_hp_loss":0,"event_name":"Drug Dealer","floor":22,"gold_loss":0,"cards_obtained":["Cold Snap","Amplify"]},{"cards_removed":["Defend_B"],"damage_healed":0,"gold_gain":0,"player_choice":"Gave Gold","damage_taken":0,"max_hp_gain":0,"max_hp_loss":0,"event_name":"Beggar","floor":31,"gold_loss":75},{"damage_healed":0,"gold_gain":0,"player_choice":"Ignored","damage_taken":0,"max_hp_gain":0,"max_hp_loss":0,"event_name":"Tomb of Lord Red Mask","floor":37,"gold_loss":0},{"damage_healed":0,"gold_gain":0,"player_choice":"Memory 1","damage_taken":0,"max_hp_gain":0,"max_hp_loss":0,"event_name":"SensoryStone","floor":45,"gold_loss":0},{"damage_healed":0,"gold_gain":0,"player_choice":"Fight","damage_taken":0,"max_hp_gain":0,"max_hp_loss":0,"event_name":"Mysterious Sphere","floor":48,"gold_loss":0}],"is_beta":false,"boss_relics":[{"not_picked":["Ectoplasm","Runic Dome"],"picked":"Sozu"},{"not_picked":["SlaversCollar","Cursed Key"],"picked":"Busted Crown"}],"items_purged_floors":[39,53],"is_endless":false,"potions_floor_spawned":[1,5,7,8,12,14,18,23,27,33,36,41,46,47],"killed_by":"The Heart","ascension_level":4}}