{"host":"ywif2ugnepgiw45s","time":1608840818,"event":{"mods":["Act Like it!","BaseMod","Better Skull","Downfall","Elementarium","GifTheSpireLib","Hermit","Lobotomy","Marisa????????","Minty Spire (QoL Compilation)","READ ME - Guardian Mod","Shade Mod","Shop Mod","StSLib","The Cursed","The Jungle","The Runesmith"],"gold_per_floor":[110,39,214,227,237,237,237,269,269,145,162,187,198,225,225,330,330,311,311,327,277,293,293,305,305,328,355,10,10,10],"floor_reached":29,"playtime":1174,"items_purged":["hermit:Strike_Hermit","hermit:TakeAim","hermit:TakeCover"],"score":276,"play_id":"40d583fa-02d3-42a6-98ac-b9b3a05f0940","local_time":"20201224151338","is_ascension_mode":true,"campfire_choices":[{"data":"hermit:Maintenance","floor":6,"key":"SMITH"},{"data":"hermit:EternalForm","floor":15,"key":"SMITH"},{"data":"hermit:Covet","floor":23,"key":"SMITH"},{"data":"hermit:Snapshot","floor":25,"key":"SMITH"}],"circlet_count":0,"master_deck":["hermit:Strike_Hermit+1","hermit:Strike_Hermit+1","hermit:Strike_Hermit+1","hermit:Defend_Hermit+1","hermit:Defend_Hermit+1","hermit:Defend_Hermit+1","hermit:Defend_Hermit+1","hermit:Snapshot+1","hermit:Covet+1","hermit:Maintenance+1","hermit:ShadowCloak","hermit:EternalForm+1","hermit:Deadeye","hermit:FlashPowder+1"],"relics":["hermit:Momento","Smiling Mask","Matryoshka","Nunchaku","Omamori","Mango","War Paint","CeramicFish","Akabeko","Membership Card","Turnip"],"acts_visited":["Exordium","TheCity"],"potions_floor_usage":[8,14,14,18,24,27],"damage_taken":[{"damage":1,"enemies":"Cultist","floor":1,"turns":3},{"damage":2,"enemies":"Small Slimes","floor":4,"turns":4},{"damage":4,"enemies":"2 Louse","floor":5,"turns":5},{"damage":26,"enemies":"Gremlin Nob","floor":8,"turns":5},{"damage":1,"enemies":"Exordium Thugs","floor":11,"turns":4},{"damage":17,"enemies":"3 Sentries","floor":12,"turns":14},{"damage":0,"enemies":"2 Fungi Beasts","floor":13,"turns":7},{"damage":7,"enemies":"Lagavulin","floor":14,"turns":7},{"damage":9,"enemies":"Hexaghost","floor":16,"turns":13},{"damage":7,"enemies":"2 Thieves","floor":18,"turns":4},{"damage":4,"enemies":"Spheric Guardian","floor":20,"turns":8},{"damage":4,"enemies":"Snecko","floor":22,"turns":5},{"damage":44,"enemies":"Chosen and Byrds","floor":24,"turns":11},{"damage":17,"enemies":"Slavers","floor":27,"turns":8},{"damage":28,"enemies":"Gremlin Leader","floor":29,"turns":9}],"seed_played":"-4213025498691260714","potions_obtained":[{"floor":4,"key":"Block Potion"},{"floor":5,"key":"Slimebound:ThreeZeroPotion"},{"floor":11,"key":"ColorlessPotion"},{"floor":12,"key":"Fire Potion"},{"floor":14,"key":"SpeedPotion"},{"floor":24,"key":"Weak Potion"}],"is_trial":false,"path_per_floor":["M","$","?","M","M","R","?","E","T","$","M","E","M","E","R","B",null,"M","?","M","$","M","R","M","R","T","E","$","E"],"character_chosen":"HERMIT","items_purchased":["hermit:Maintenance","hermit:ShadowCloak","Membership Card","Turnip"],"campfire_rested":0,"item_purchase_floors":[2,10,28,28],"current_hp_per_floor":[74,74,74,72,68,68,68,42,42,42,41,38,38,31,31,22,89,82,82,78,78,74,74,30,30,30,13,13,0,0],"gold":10,"neow_bonus":"RANDOM_COMMON_RELIC","is_daily":false,"chose_seed":false,"campfire_upgraded":4,"win_rate":0.0,"timestamp":1608840818,"path_taken":["M","?","?","M","M","R","?","E","T","$","M","E","M","E","R","BOSS","M","?","M","$","M","R","M","R","T","E","$","E"],"items_purchased_type":["Card","Card","Relic","Relic"],"build_version":"2020-12-22","purchased_purges":3,"victory":false,"max_hp_per_floor":[75,75,75,75,75,75,75,75,75,75,75,89,89,89,89,89,89,89,89,89,89,89,89,89,89,89,89,89,89,89],"card_choices":[{"not_picked":["hermit:HoleUp","hermit:Combo"],"picked":"hermit:TakeCover","floor":1},{"not_picked":["hermit:Manifest","hermit:HighCaliber","hermit:Vantage"],"picked":"SKIP","floor":4},{"not_picked":["hermit:Ricochet","hermit:HighCaliber"],"picked":"hermit:TakeAim","floor":5},{"not_picked":["hermit:Deadeye","hermit:Headshot","hermit:Snipe"],"picked":"SKIP","floor":8},{"not_picked":["hermit:Malice","hermit:Gambit","hermit:TrackingShot"],"picked":"SKIP","floor":11},{"not_picked":["hermit:ItchyTrigger","hermit:BigShot","hermit:Vantage"],"picked":"SKIP","floor":12},{"not_picked":["hermit:TrackingShot","hermit:BodyArmor","hermit:Snipe"],"picked":"SKIP","floor":13},{"not_picked":["hermit:RoundhouseKick","hermit:LowProfile"],"picked":"hermit:EternalForm","floor":14},{"not_picked":["hermit:BodyArmor","hermit:HighCaliber","hermit:TrackingShot"],"picked":"SKIP","floor":18},{"not_picked":["hermit:Quickdraw","hermit:BodyArmor","hermit:Headshot"],"picked":"SKIP","floor":20},{"not_picked":["hermit:HoleUp","hermit:Desperado"],"picked":"hermit:Deadeye","floor":22},{"not_picked":["hermit:Snipe","hermit:Manifest+1"],"picked":"hermit:FlashPowder+1","floor":24},{"not_picked":["hermit:ItchyTrigger+1","hermit:Roulette","hermit:HighCaliber"],"picked":"SKIP","floor":27}],"player_experience":1626560,"relics_obtained":[{"floor":8,"key":"Matryoshka"},{"floor":9,"key":"Nunchaku"},{"floor":9,"key":"Omamori"},{"floor":12,"key":"Mango"},{"floor":14,"key":"War Paint"},{"floor":26,"key":"CeramicFish"},{"floor":27,"key":"Akabeko"}],"event_choices":[{"damage_healed":0,"gold_gain":175,"player_choice":"AGREE","damage_taken":0,"max_hp_gain":0,"max_hp_loss":0,"event_name":"Liars Game","floor":3,"gold_loss":0,"cards_obtained":["Doubt"]},{"cards_removed":["Doubt"],"damage_healed":0,"gold_gain":0,"player_choice":"Forget","damage_taken":0,"max_hp_gain":0,"max_hp_loss":0,"event_name":"Living Wall","floor":7,"gold_loss":0},{"damage_healed":0,"gold_gain":0,"player_choice":"Simplicity","damage_taken":0,"max_hp_gain":0,"max_hp_loss":0,"event_name":"Back to Basics","floor":19,"gold_loss":0,"cards_upgraded":["hermit:Strike_Hermit","hermit:Strike_Hermit","hermit:Strike_Hermit","hermit:Defend_Hermit","hermit:Defend_Hermit"]}],"is_beta":false,"boss_relics":[{"not_picked":["Busted Crown","Velvet Choker","Fusion Hammer"]}],"items_purged_floors":[10,21,28],"is_endless":false,"potions_floor_spawned":[4,5,11,12,14,24],"killed_by":"Gremlin Leader","ascension_level":1}}