{"host":"gndxudri6ebovps6","time":1608774039,"event":{"mods":["AchievementEnabler","Act Like it!","Aspiration","BaseMod","Better Altar","Better Match","Better Sensory Stone","Better Skull","Better Vampires","BetterRewards","Block Reminder","GifTheSpireLib","Hermit","Hubris","Infinite Spire","Marked Mod","Minty Spire (QoL Compilation)","Pale of the Ancients","Quick Restart","Replay The Spire","Shop Mod","Spicy Shops","Spikes Relics","StSLib","Stuff the Spire","The Cursed","everything is the same but u backflip on backflip","vexMod"],"gold_per_floor":[114,31,31,48,96,96,71,82,82,99,38,48,59,234,234,338,338,353,353,353,353,375,375,375,375,375,26,26,167,23,61,61,207,307,351,311,377,450,450,450,450,450,496,111,188,257,295,336,336,384,494,561,589,665,665,687,687,712,712,730,730],"floor_reached":60,"playtime":1963,"items_purged":[],"score":1896,"play_id":"62c8c2e6-9216-498c-b1c0-4f34f50b028f","local_time":"20201223234039","is_ascension_mode":true,"campfire_choices":[{"data":"Accuracy","floor":6,"key":"SMITH"},{"floor":15,"key":"REST"},{"data":"Accuracy","floor":23,"key":"SMITH"},{"data":"Accuracy","floor":25,"key":"SMITH"},{"data":"Storm of Steel","floor":32,"key":"SMITH"},{"floor":40,"key":"REST"},{"floor":42,"key":"REST"},{"data":"Acrobatics","floor":49,"key":"SMITH"},{"data":"StuffTheSpire:DoubleShiv","floor":55,"key":"SMITH"},{"data":"Hidden Blade","floor":57,"key":"SMITH"}],"circlet_count":0,"master_deck":["AscendersBane","Strike_G+1","Strike_G","Strike_G","Strike_G","Strike_G","Defend_G+1","Defend_G","Defend_G","Defend_G","Defend_G","Survivor","Neutralize","Deflect","Accuracy+1","Blade Dance","Accuracy+1","Backflip","Flash of Steel","Accuracy+1","Flying Knee","Blade Dance+1","StuffTheSpire:DoubleShiv+1","Storm of Steel+1","Sucker Punch","Hidden Blade+1","Pain","Dagger Spray+1","Backflip","Tools of the Trade+1","Acrobatics+1","Infinite Blades+1","Noxious Fumes+1","After Image+1","Finisher","Envenom+1","Underhanded Strike","Blade Dance+1","Blade Dance","StuffTheSpire:Python","Expertise"],"relics":["Ring of the Snake","Pet Ghost","Bag of Preparation","infinitespire:Lucky Rock","StuffTheSpire:Expresso","ToxicTincture","ReplayTheSpireMod:TigerMarble","Omamori","hubris:TenFootPole","infinitespire:CheckeredPen","PreservedInsect","vexMod:Spyglass","infinitespire:FocusingShard","Replay:Baseball","aspiration:RitualDagger","Nloth\u0027s Gift","aspiration:Lifesprig","Ancient Tea Set","CeramicFish","ReplayFunnel","Anchor","Blood Vial","Bag of Marbles","Replay:Bandana","Frozen Egg 2","Ornamental Fan","StuffTheSpire:RubySignet","ZombieTooth","BrokenLever","Oddly Smooth Stone","Replay:Wanted Poster","Lantern","Simple Rune","aspiration:TomeofQuesting","MealTicket","Boot","Snake Skull","StuffTheSpire:OldFever","infinitespire:Beetle Shell","BicycleWheel","Happy Flower","paleoftheancients:Timepiece","Letter Opener","CultistMask","paleoftheancients:SoulOfTheWatcher","paleoftheancients:BlurryLens","infinitespire:Bottled Soul","Replay:Rubber Ducky"],"acts_visited":["Exordium","TheCity","TheBeyond","paleoftheancients:PaleOfTheAncients"],"potions_floor_usage":[12,47,60],"damage_taken":[{"damage":0,"enemies":"2 Louse","floor":1,"turns":2},{"damage":0,"enemies":"Cultist","floor":4,"turns":2},{"damage":0,"enemies":"Jaw Worm","floor":8,"turns":2},{"damage":0,"enemies":"Blue Slaver","floor":10,"turns":2},{"damage":8,"enemies":"Exordium Thugs","floor":12,"turns":2},{"damage":0,"enemies":"Looter","floor":13,"turns":1},{"damage":20,"enemies":"Slime Boss","floor":16,"turns":6},{"damage":3,"enemies":"3 Byrds","floor":18,"turns":1},{"damage":6,"enemies":"Shell Parasite","floor":22,"turns":2},{"damage":14,"enemies":"Colosseum Slavers","floor":29,"turns":1},{"damage":15,"enemies":"Colosseum Nobs","floor":29,"turns":1},{"damage":6,"enemies":"Centurion and Healer","floor":31,"turns":2},{"damage":29,"enemies":"hubris:MusketHawk","floor":33,"turns":3},{"damage":11,"enemies":"Orb Walker","floor":35,"turns":1},{"damage":17,"enemies":"3 Darklings","floor":37,"turns":3},{"damage":19,"enemies":"Transient","floor":38,"turns":5},{"damage":21,"enemies":"Maw","floor":45,"turns":3},{"damage":6,"enemies":"Giant Head","floor":46,"turns":2},{"damage":26,"enemies":"Jaw Worm Horde","floor":47,"turns":3},{"damage":9,"enemies":"Sphere and 2 Shapes","floor":48,"turns":3},{"damage":31,"enemies":"Awakened One","floor":50,"turns":5},{"damage":28,"enemies":"Awakened One","floor":51,"turns":4},{"damage":18,"enemies":"Awakened One","floor":52,"turns":2},{"damage":3,"enemies":"paleoftheancients:BASlime1","floor":53,"turns":1},{"damage":246,"enemies":"paleoftheancients:BASlime1","floor":56,"turns":2},{"damage":167,"enemies":"paleoftheancients:N","floor":60,"turns":7}],"seed_played":"-7506672571668027132","potions_obtained":[{"floor":4,"key":"Doom Potion"},{"floor":13,"key":"SteroidPotion"},{"floor":29,"key":"ColorlessPotion"},{"floor":52,"key":"SkillPotion"}],"is_trial":false,"path_per_floor":["M","$","?","M","T","R","?","M","T","M","$","M","M","?","R","B",null,"M","?","?","?","M","R","T","R","T","$","$","?","$","M","R","B",null,"M","?","M","M","?","R","T","R","T","$","M","E","M","M","R","B","M","M","M","T","R","M","R","T","?","B"],"character_chosen":"THE_SILENT","items_purchased":["Pet Ghost","Bag of Preparation","infinitespire:Lucky Rock","Unceasing Top","Deflect","StuffTheSpire:Expresso","ToxicTincture","Accuracy","Blade Dance","ReplayTheSpireMod:TigerMarble","Omamori","hubris:TenFootPole","Accuracy","Flash of Steel","Replay:Baseball","Ornamental Fan","StuffTheSpire:RubySignet","Oddly Smooth Stone","After Image+1","BicycleWheel"],"campfire_rested":3,"item_purchase_floors":[0,0,0,0,0,0,0,0,0,0,0,0,0,2,11,27,27,30,44,44],"current_hp_per_floor":[21,21,21,21,21,21,21,21,21,21,21,13,13,13,34,14,56,53,53,70,7,3,3,3,3,3,3,3,68,68,70,70,61,68,69,69,68,70,7,28,28,49,49,64,70,70,60,64,64,70,70,70,69,69,69,70,70,70,70,0,0],"gold":730,"neow_bonus":"","is_daily":false,"chose_seed":false,"campfire_upgraded":7,"win_rate":0.0,"timestamp":1608774039,"path_taken":["M","$","?","?","?","R","?","M","T","M","?","M","M","?","R","BOSS","M","?","?","?","M","R","?","R","T","?","?","?","?","M","R","BOSS","M","?","?","?","?","R","?","R","T","$","?","E","M","M","R","BOSS","M","M","?","T","R","M","R","T","?","BOSS"],"items_purchased_type":["Relic","Relic","Relic","Relic","Card","Relic","Relic","Card","Card","Relic","Relic","Relic","Card","Card","Relic","Relic","Relic","Relic","Card","Relic"],"build_version":"2020-12-22","purchased_purges":0,"victory":false,"max_hp_per_floor":[70,70,70,70,70,70,70,70,70,70,70,70,70,70,70,70,70,70,70,70,70,70,70,70,70,70,70,70,70,70,70,70,70,70,70,70,70,70,70,70,70,70,70,70,70,70,70,70,70,70,70,70,70,70,70,70,70,70,70,70,70],"card_choices":[{"not_picked":["StuffTheSpire:BumpUp","StuffTheSpire:Injection"],"picked":"Backflip","floor":1},{"not_picked":["Flying Knee","StuffTheSpire:DoubleShiv"],"picked":"Accuracy","floor":4},{"not_picked":["Underhanded Strike","Fluid Movement"],"picked":"hubris:Sniper","floor":8},{"not_picked":["Deadly Poison","Endless Agony"],"picked":"Flying Knee","floor":10},{"not_picked":["Accuracy","ReplayTheSpireMod:Scrap Shanks"],"picked":"Blade Dance","floor":12},{"not_picked":["Backflip","ReplayTheSpireMod:Speed Training"],"picked":"StuffTheSpire:DoubleShiv","floor":13},{"not_picked":["Doppelganger","Venomology"],"picked":"Storm of Steel","floor":16},{"not_picked":["Bane","Replay:Poison Smokescreen"],"picked":"Sucker Punch","floor":18},{"not_picked":["Eviscerate","Underhanded Strike"],"picked":"Hidden Blade","floor":22},{"not_picked":["ReplayTheSpireMod:Exploit Weakness+1","StuffTheSpire:Sprint"],"picked":"Dagger Spray+1","floor":29},{"not_picked":["StuffTheSpire:Shiver","Endless Agony"],"picked":"Backflip","floor":31},{"not_picked":["Bullet Time","Venomology"],"picked":"Tools of the Trade+1","floor":33},{"not_picked":["Eviscerate","Quick Slash"],"picked":"Acrobatics","floor":35},{"not_picked":["Deadly Poison","Underhanded Strike"],"picked":"Infinite Blades+1","floor":37},{"not_picked":["Bane+1","ReplayTheSpireMod:From All Sides"],"picked":"Noxious Fumes+1","floor":38},{"not_picked":["Tactician","Prepared"],"picked":"Finisher","floor":45},{"not_picked":["Grand Finale","StuffTheSpire:BumpUp+1"],"picked":"Envenom+1","floor":46},{"not_picked":["Terror","Flechettes+1"],"picked":"Underhanded Strike","floor":47},{"not_picked":["Dagger Throw","StuffTheSpire:Fury+1"],"picked":"Blade Dance+1","floor":48},{"not_picked":["Dash","Underhanded Strike+1"],"picked":"Blade Dance","floor":51},{"not_picked":["hubris:SlightOfHand+1","Bane+1"],"picked":"StuffTheSpire:Python","floor":52},{"not_picked":["StuffTheSpire:BumpUp","Flying Knee+1"],"picked":"Expertise","floor":53}],"player_experience":496676,"relics_obtained":[{"floor":5,"key":"PreservedInsect"},{"floor":9,"key":"infinitespire:FocusingShard"},{"floor":24,"key":"Replay:Bandana"},{"floor":26,"key":"Frozen Egg 2"},{"floor":29,"key":"ZombieTooth"},{"floor":29,"key":"BrokenLever"},{"floor":41,"key":"StuffTheSpire:OldFever"},{"floor":43,"key":"infinitespire:Beetle Shell"},{"floor":46,"key":"Happy Flower"},{"floor":51,"key":"paleoftheancients:SoulOfTheWatcher"},{"floor":52,"key":"paleoftheancients:SoulOfTheGuardian"},{"floor":53,"key":"paleoftheancients:BlurryLens"},{"floor":54,"key":"infinitespire:Bottled Soul"},{"floor":58,"key":"Replay:Rubber Ducky"}],"event_choices":[{"cards_removed":["Deflect"],"damage_healed":0,"gold_gain":0,"player_choice":"Gave Card","damage_taken":0,"relics_obtained":["infinitespire:CheckeredPen"],"max_hp_gain":0,"max_hp_loss":0,"event_name":"WeMeetAgain","floor":3,"gold_loss":0},{"damage_healed":0,"gold_gain":175,"player_choice":"AGREE","damage_taken":0,"max_hp_gain":0,"max_hp_loss":0,"event_name":"Liars Game","floor":14,"gold_loss":0,"cards_obtained":["Doubt"]},{"damage_healed":0,"gold_gain":0,"player_choice":"Traded Relic","damage_taken":0,"relics_obtained":["Nloth\u0027s Gift"],"max_hp_gain":0,"max_hp_loss":0,"event_name":"N\u0027loth","floor":19,"relics_lost":["Unceasing Top"],"gold_loss":0},{"cards_removed":["hubris:Sniper"],"damage_healed":17,"gold_gain":0,"player_choice":"Offered Uncommon","damage_taken":0,"max_hp_gain":0,"max_hp_loss":0,"event_name":"Bonfire Elementals","floor":20,"gold_loss":0},{"damage_healed":0,"gold_gain":0,"player_choice":"RE RE RE RE RE RE RE ","damage_taken":148,"relics_obtained":["aspiration:Lifesprig","Ancient Tea Set","CeramicFish","ReplayFunnel","Anchor","Blood Vial","Bag of Marbles"],"max_hp_gain":0,"max_hp_loss":0,"event_name":"betterSkull:BetterSkull","floor":21,"gold_loss":0,"cards_upgraded":[]},{"damage_healed":0,"gold_gain":0,"player_choice":"Fight","damage_taken":0,"max_hp_gain":0,"max_hp_loss":0,"event_name":"Colosseum","floor":29,"gold_loss":0},{"damage_healed":0,"gold_gain":0,"player_choice":"Fought Nobs","damage_taken":0,"max_hp_gain":0,"max_hp_loss":0,"event_name":"Colosseum","floor":29,"gold_loss":0},{"damage_healed":0,"gold_gain":0,"player_choice":"Upgrade","damage_taken":0,"max_hp_gain":0,"max_hp_loss":0,"event_name":"Designer","floor":36,"gold_loss":40,"cards_upgraded":["Blade Dance"]},{"damage_healed":0,"gold_gain":0,"player_choice":"RE RE RE RE RE RE ","damage_taken":139,"relics_obtained":["Lantern","Simple Rune","aspiration:TomeofQuesting","MealTicket","Boot","Snake Skull"],"max_hp_gain":0,"max_hp_loss":0,"event_name":"betterSkull:BetterSkull","floor":39,"gold_loss":0,"cards_upgraded":[]}],"is_beta":false,"boss_relics":[{"not_picked":["hubris:RunicObelisk","vexMod:ImprovementManual"],"picked":"aspiration:RitualDagger"},{"not_picked":["hubris:GrandSneckoEye","Ring of Chaos"],"picked":"Replay:Wanted Poster"}],"items_purged_floors":[],"is_endless":false,"potions_floor_spawned":[4,10,13,29,31,35,37,38,45,52],"killed_by":"paleoftheancients:N","ascension_level":12}}