{"host":"ds3v42j7tpaaz1mg","time":1608792444,"event":{"mods":["AchievementEnabler","Aspiration","BaseMod","Beaked The Cultist","Bestiary","Better Altar","Better Note","Better Sensory Stone","BetterRewards","Block Reminder","Colored Powertips","Conspire","Downfall","Energized Spire","Halation","Hermit","Highlight Path","Hubris","Infinite Spire","Jorbs\u0027s Wanderer Trilogy","Minty Spire (QoL Compilation)","Relic Stats","Replay The Spire","StSLib","The Death Knight","The Elementalist","The Servant 0.9.4","vexMod"],"gold_per_floor":[119,136,136,147,158,186,186,201,201,32,131,131,146,167,167,268,268,286,286,196,196,206,206,206,223,246,246,246,246],"floor_reached":28,"playtime":1882,"items_purged":[],"score":220,"play_id":"68411134-98ae-4518-9b07-b0d982f65ddf","local_time":"20201224014724","is_ascension_mode":false,"campfire_choices":[{"data":"stsjorbsmod:MirrorImage","floor":7,"key":"SMITH"},{"floor":12,"key":"REST"},{"floor":15,"key":"REST"},{"floor":23,"key":"REST"},{"data":"beaked:AwakenedForm","floor":27,"key":"SMITH"}],"circlet_count":0,"master_deck":["stsjorbsmod:ForbiddenGrimoire+1","stsjorbsmod:Strike_Wanderer","stsjorbsmod:Strike_Wanderer","stsjorbsmod:Defend_Wanderer","stsjorbsmod:Defend_Wanderer","stsjorbsmod:Defend_Wanderer","stsjorbsmod:FreshAdventure+1","stsjorbsmod:EyeOfTheStorm","stsjorbsmod:MirrorImage+1","stsjorbsmod:MageArmor","stsjorbsmod:Mending","stsjorbsmod:BookOfTongues","stsjorbsmod:ArcaneWeapon","stsjorbsmod:Stalwart+1","stsjorbsmod:TinyHut+1","stsjorbsmod:MagicMirror","stsjorbsmod:FindFamiliar","stsjorbsmod:ArcaneForm+1","beaked:AwakenedForm+1","stsjorbsmod:Channel"],"relics":["stsjorbsmod:GrimoireRelic","ReplayTheSpireMod:Shallot","DeathKnight:SindragosasSkull","infinitespire:PuzzleCube","beaked:SacredDeck","Strawberry"],"acts_visited":["Exordium","TheCity"],"potions_floor_usage":[16,16,18,22,22,25,25],"damage_taken":[{"damage":9,"enemies":"2 Louse","floor":1,"turns":4},{"damage":4,"enemies":"Cultist","floor":2,"turns":5},{"damage":0,"enemies":"Jaw Worm","floor":4,"turns":5},{"damage":4,"enemies":"2 Fungi Beasts","floor":5,"turns":7},{"damage":3,"enemies":"Lagavulin","floor":6,"turns":7},{"damage":0,"enemies":"Red Slaver","floor":8,"turns":5},{"damage":0,"enemies":"3 Louse","floor":13,"turns":4},{"damage":6,"enemies":"Blue Slaver","floor":14,"turns":6},{"damage":63,"enemies":"Hexaghost","floor":16,"turns":12},{"damage":25,"enemies":"Spheric Guardian","floor":18,"turns":7},{"damage":12,"enemies":"2 Thieves","floor":22,"turns":4},{"damage":42,"enemies":"Sentry and Sphere","floor":25,"turns":8},{"damage":36,"enemies":"Cultist and Chosen","floor":28,"turns":6}],"seed_played":"-8808519626932121544","potions_obtained":[{"floor":1,"key":"Dexterity Potion"},{"floor":5,"key":"SpeedPotion"},{"floor":6,"key":"SteroidPotion"},{"floor":21,"key":"Energy Potion"},{"floor":21,"key":"Death Potion"},{"floor":21,"key":"conspire:TimeTravelPotion"},{"floor":22,"key":"Swift Potion"},{"floor":25,"key":"Dexterity Potion"}],"is_trial":false,"path_per_floor":["M","M","?","M","M","E","R","M","T","$","?","R","M","M","R","B",null,"M","?","?","?","M","R","?","M","T","R","M"],"character_chosen":"WANDERER","items_purchased":["stsjorbsmod:TinyHut","stsjorbsmod:DimensionDoorPotion"],"campfire_rested":3,"item_purchase_floors":[10,10],"current_hp_per_floor":[42,39,39,42,41,44,44,46,46,46,29,49,50,46,66,6,68,46,46,46,46,40,60,60,26,33,33,0,0],"gold":246,"neow_bonus":"TRANSFORM_TWO_CARDS","is_daily":false,"chose_seed":false,"campfire_upgraded":2,"win_rate":0.0,"timestamp":1608792444,"path_taken":["M","M","?","?","?","E","R","M","T","$","?","R","M","M","R","BOSS","M","?","?","?","M","R","?","M","T","R","?"],"items_purchased_type":["Card","Potion"],"build_version":"2020-12-22","purchased_purges":0,"victory":false,"max_hp_per_floor":[68,68,68,68,68,68,68,68,68,68,68,68,68,68,68,68,68,68,68,68,68,68,68,68,68,75,75,75,75],"relic_stats":{"counters":[13,80],"obtain_stats":[{"ReplayTheSpireMod:Shallot":6,"Strawberry":26,"beaked:SacredDeck":17,"stsjorbsmod:GrimoireRelic":0,"infinitespire:PuzzleCube":11,"DeathKnight:SindragosasSkull":9},{"ReplayTheSpireMod:Shallot":5,"Strawberry":12,"beaked:SacredDeck":9,"stsjorbsmod:GrimoireRelic":0,"infinitespire:PuzzleCube":6,"DeathKnight:SindragosasSkull":6},{"ReplayTheSpireMod:Shallot":28,"Strawberry":74,"beaked:SacredDeck":55,"stsjorbsmod:GrimoireRelic":0,"infinitespire:PuzzleCube":33,"DeathKnight:SindragosasSkull":33}]},"card_choices":[{"not_picked":["stsjorbsmod:RayOfFrost","stsjorbsmod:Hibernate","stsjorbsmod:TrueStrike"],"picked":"SKIP","floor":1},{"not_picked":["stsjorbsmod:ScorchingRay","stsjorbsmod:ChainLightning"],"picked":"stsjorbsmod:MageArmor","floor":2},{"not_picked":["stsjorbsmod:FaerieFire","stsjorbsmod:Will"],"picked":"stsjorbsmod:BookOfTongues","floor":4},{"not_picked":["stsjorbsmod:BlackTentacles","stsjorbsmod:Prepare"],"picked":"stsjorbsmod:ArcaneWeapon","floor":5},{"not_picked":["stsjorbsmod:ParryingBlow","stsjorbsmod:Mending","stsjorbsmod:Index"],"picked":"SKIP","floor":6},{"not_picked":["stsjorbsmod:DisguiseSelf","stsjorbsmod:ParryingBlow"],"picked":"stsjorbsmod:Stalwart","floor":8},{"not_picked":["stsjorbsmod:ArcaneWeapon","stsjorbsmod:Aid"],"picked":"stsjorbsmod:MagicMirror","floor":11},{"not_picked":["stsjorbsmod:RayOfFrost","stsjorbsmod:Prestidigitation"],"picked":"stsjorbsmod:FindFamiliar","floor":11},{"not_picked":["stsjorbsmod:BlackTentacles","stsjorbsmod:BurningFlask","stsjorbsmod:Message"],"picked":"SKIP","floor":13},{"not_picked":["stsjorbsmod:ColorSpray","stsjorbsmod:WanderingMind","stsjorbsmod:AnimateObjects"],"picked":"SKIP","floor":14},{"not_picked":["stsjorbsmod:Banish","stsjorbsmod:CorrodingBarrier"],"picked":"stsjorbsmod:ArcaneForm","floor":16},{"not_picked":["stsjorbsmod:MagicMirror","stsjorbsmod:DisguiseSelf","stsjorbsmod:ParryingBlow"],"picked":"SKIP","floor":18},{"not_picked":["stsjorbsmod:RayOfFrost","stsjorbsmod:BlackTentacles","stsjorbsmod:DoubleCheck"],"picked":"SKIP","floor":22},{"not_picked":["stsjorbsmod:FranticSearch","stsjorbsmod:WeightOfMemory","stsjorbsmod:Stalwart"],"picked":"SKIP","floor":25}],"player_experience":580142,"relics_obtained":[{"floor":6,"key":"ReplayTheSpireMod:Shallot"},{"floor":9,"key":"DeathKnight:SindragosasSkull"},{"floor":11,"key":"infinitespire:PuzzleCube"},{"floor":26,"key":"Strawberry"}],"event_choices":[{"damage_healed":0,"gold_gain":0,"cards_transformed":["stsjorbsmod:DisguiseSelf"],"player_choice":"Transformed","damage_taken":0,"max_hp_gain":0,"max_hp_loss":0,"event_name":"Transmorgrifier","floor":3,"gold_loss":0,"cards_obtained":["stsjorbsmod:Mending"]},{"damage_healed":0,"gold_gain":0,"player_choice":"Upgraded","damage_taken":0,"max_hp_gain":0,"max_hp_loss":0,"event_name":"Upgrade Shrine","floor":19,"gold_loss":0,"cards_upgraded":["stsjorbsmod:ArcaneForm"]},{"cards_removed":["stsjorbsmod:Strike_Wanderer"],"damage_healed":0,"gold_gain":0,"player_choice":"Upgrade and Remove","damage_taken":0,"max_hp_gain":0,"max_hp_loss":0,"event_name":"Designer","floor":20,"gold_loss":90,"cards_upgraded":["stsjorbsmod:Stalwart"]},{"damage_healed":0,"gold_gain":0,"player_choice":"Got Potions","damage_taken":0,"max_hp_gain":0,"max_hp_loss":0,"event_name":"Lab","floor":21,"gold_loss":0},{"damage_healed":0,"gold_gain":0,"player_choice":"Read","damage_taken":0,"max_hp_gain":0,"max_hp_loss":0,"event_name":"The Library","floor":24,"gold_loss":0,"cards_obtained":["stsjorbsmod:Channel"]}],"is_beta":false,"boss_relics":[{"not_picked":["hubris:GrandSneckoEye","halation:MonkeysPaw"],"picked":"beaked:SacredDeck"}],"items_purged_floors":[],"is_endless":false,"potions_floor_spawned":[1,5,6,22,25],"killed_by":"Cultist and Chosen","ascension_level":0}}