{"host":"n4fty02wqqi95laq","time":1608773701,"event":{"mods":["BaseMod","Highlight Path","Minty Spire (QoL Compilation)","Quick Restart","Rare Cards Sparkle","StSLib"],"gold_per_floor":[109,109,123,48,48,48,66,97,97,123,198,216,229,240,240,317,317,337,0,0,50,60,60,78,106,106,137,137,160,160,179,179,262,262,282,303,178,12,26,26,40,40,66,99,28,28,53,72,72,72,72,72,72,16,54,54],"floor_reached":57,"playtime":2701,"items_purged":["Strike_G","Strike_G","Strike_G+1","Infinite Blades+1"],"score":2795,"play_id":"bc26a672-c6f6-41d6-a3c1-82225d7f1bb9","local_time":"20201224093501","is_ascension_mode":true,"campfire_choices":[{"data":"Cloak And Dagger","floor":6.0,"key":"SMITH"},{"data":"Neutralize","floor":15.0,"key":"SMITH"},{"data":"Accuracy","floor":23.0,"key":"SMITH"},{"floor":28.0,"key":"REST"},{"floor":30.0,"key":"RECALL"},{"data":"Defend_G","floor":32.0,"key":"SMITH"},{"data":"Wraith Form v2","floor":40.0,"key":"SMITH"},{"data":"Footwork","floor":42.0,"key":"SMITH"},{"floor":49.0,"key":"REST"},{"floor":53,"key":"REST"}],"circlet_count":0,"master_deck":["AscendersBane","Defend_G+1","Defend_G+1","Defend_G+1","Survivor+1","Neutralize+1","Glass Knife+1","Backstab+1","Accuracy+1","Cloak And Dagger+1","Cloak And Dagger+1","Acrobatics+1","Phantasmal Killer+1","Tactician+1","Blade Dance+1","Prepared+1","Terror+1","Wraith Form v2+1","Footwork+1","Backflip+1","Calculated Gamble+1","PiercingWail+1","Reflex+1"],"relics":["Astrolabe","Toxic Egg 2","Letter Opener","Snake Skull","HoveringKite","ClockworkSouvenir","Strawberry","War Paint","CeramicFish","Runic Pyramid","MealTicket","PreservedInsect","The Specimen","Gremlin Horn"],"acts_visited":["Exordium","TheCity","TheBeyond","TheEnding"],"potions_floor_usage":[56,56],"damage_taken":[{"damage":1.0,"enemies":"2 Louse","floor":1.0,"turns":2.0},{"damage":1.0,"enemies":"Small Slimes","floor":3.0,"turns":2.0},{"damage":3.0,"enemies":"Jaw Worm","floor":7.0,"turns":2.0},{"damage":8.0,"enemies":"Lagavulin","floor":8.0,"turns":6.0},{"damage":3.0,"enemies":"Gremlin Nob","floor":10.0,"turns":3.0},{"damage":1.0,"enemies":"Large Slime","floor":12.0,"turns":5.0},{"damage":0.0,"enemies":"Exordium Thugs","floor":13.0,"turns":3.0},{"damage":3.0,"enemies":"Blue Slaver","floor":14.0,"turns":2.0},{"damage":6.0,"enemies":"The Guardian","floor":16.0,"turns":9.0},{"damage":0.0,"enemies":"Spheric Guardian","floor":18.0,"turns":2.0},{"damage":11.0,"enemies":"Shell Parasite","floor":22.0,"turns":3.0},{"damage":0.0,"enemies":"Snecko","floor":24.0,"turns":3.0},{"damage":17.0,"enemies":"Slavers","floor":25.0,"turns":3.0},{"damage":9.0,"enemies":"Gremlin Leader","floor":27.0,"turns":4.0},{"damage":14.0,"enemies":"Centurion and Healer","floor":31.0,"turns":3.0},{"damage":0.0,"enemies":"Champ","floor":33.0,"turns":5.0},{"damage":15.0,"enemies":"3 Darklings","floor":35.0,"turns":3.0},{"damage":2.0,"enemies":"3 Shapes","floor":36.0,"turns":3.0},{"damage":0.0,"enemies":"Transient","floor":39.0,"turns":6.0},{"damage":0.0,"enemies":"Maw","floor":41.0,"turns":4.0},{"damage":0.0,"enemies":"Giant Head","floor":44.0,"turns":5.0},{"damage":11.0,"enemies":"Nemesis","floor":47.0,"turns":5.0},{"damage":0.0,"enemies":"Spire Growth","floor":48.0,"turns":3.0},{"damage":23.0,"enemies":"Time Eater","floor":50.0,"turns":6.0},{"damage":31,"enemies":"Awakened One","floor":51,"turns":9},{"damage":7,"enemies":"Shield and Spear","floor":55,"turns":5},{"damage":43,"enemies":"The Heart","floor":56,"turns":8}],"seed_played":"-3155460783734925629","potions_obtained":[{"floor":7.0,"key":"SkillPotion"},{"floor":12.0,"key":"SkillPotion"},{"floor":13.0,"key":"FearPotion"},{"floor":16.0,"key":"BlessingOfTheForge"},{"floor":18.0,"key":"Strength Potion"},{"floor":25.0,"key":"Explosive Potion"},{"floor":27.0,"key":"Ancient Potion"}],"is_trial":false,"path_per_floor":["M","?","M","$","?","R","M","E","T","E","?","M","M","M","R","B",null,"M","$","?","?","M","R","M","E","T","E","R","T","R","M","R","B",null,"M","M","$","$","M","R","M","R","T","E","$","?","E","M","R","B","B",null,"R","$","E","B",null],"character_chosen":"THE_SILENT","items_purchased":["Tactician+1","ClockworkSouvenir","Backflip+1","Calculated Gamble+1","Dexterity Potion"],"campfire_rested":3,"item_purchase_floors":[19,19,38,45,54],"current_hp_per_floor":[58,38,37,37,42,42,39,31,31,28,17,16,16,13,13,7,55,55,55,55,55,44,44,44,34,34,25,48,48,48,34,34,34,67,52,50,50,50,50,50,50,50,50,50,65,65,54,54,77,54,23,64,78,78,71,28],"gold":54,"neow_bonus":"BOSS_RELIC","is_daily":false,"chose_seed":false,"campfire_upgraded":6,"win_rate":0.0,"timestamp":1608773701,"path_taken":["M","?","M","$","?","R","M","E","T","E","?","M","M","M","R","BOSS","M","$","?","?","?","R","M","E","T","E","R","?","R","M","R","BOSS","M","M","?","$","M","R","M","R","T","E","?","?","E","M","R","BOSS","BOSS","R","$","E","BOSS"],"items_purchased_type":["Card","Relic","Card","Card","Potion"],"build_version":"2020-12-22","purchased_purges":4,"victory":true,"max_hp_per_floor":[66,66,66,66,71,71,71,71,71,71,71,71,71,71,71,71,71,71,71,71,71,71,71,71,78,78,78,78,78,78,78,78,78,78,78,78,78,78,78,78,78,78,78,78,78,78,78,78,78,78,78,78,78,78,78,78],"card_choices":[{"not_picked":["Cloak And Dagger","Acrobatics"],"picked":"Accuracy","floor":1.0},{"not_picked":["Predator","Calculated Gamble"],"picked":"Cloak And Dagger","floor":3.0},{"not_picked":["Cloak And Dagger","Noxious Fumes","Bouncing Flask"],"picked":"SKIP","floor":7.0},{"not_picked":["Quick Slash","All Out Attack"],"picked":"Cloak And Dagger+1","floor":8.0},{"not_picked":["All Out Attack","Unload","Outmaneuver+1"],"picked":"SKIP","floor":10.0},{"not_picked":["Blur+1","Sucker Punch","Slice"],"picked":"SKIP","floor":12.0},{"not_picked":["Noxious Fumes","Crippling Poison+1","PiercingWail+1"],"picked":"SKIP","floor":13.0},{"not_picked":["Dagger Throw","Dagger Spray"],"picked":"Acrobatics+1","floor":14.0},{"not_picked":["Grand Finale","Storm of Steel+1"],"picked":"Phantasmal Killer+1","floor":16.0},{"not_picked":["Riddle With Holes+1","Dodge and Roll+1","Masterful Stab"],"picked":"SKIP","floor":18.0},{"not_picked":["Reflex+1","Footwork"],"picked":"Blade Dance+1","floor":22.0},{"not_picked":["Blade Dance+1","Predator+1","Riddle With Holes"],"picked":"SKIP","floor":24.0},{"not_picked":["Slice","Dodge and Roll+1"],"picked":"Prepared+1","floor":25.0},{"not_picked":["Bane","Deflect+1","Glass Knife"],"picked":"SKIP","floor":27.0},{"not_picked":["Outmaneuver+1","Leg Sweep+1"],"picked":"Terror+1","floor":31.0},{"not_picked":["Unload","A Thousand Cuts"],"picked":"Wraith Form v2","floor":33.0},{"not_picked":["Dagger Spray","Bane","Quick Slash"],"picked":"SKIP","floor":35.0},{"not_picked":["Prepared+1","Masterful Stab"],"picked":"Footwork","floor":36.0},{"not_picked":["Flechettes+1","Blade Dance+1","Bane"],"picked":"SKIP","floor":39.0},{"not_picked":["Sucker Punch+1","PiercingWail+1","Backflip+1"],"picked":"SKIP","floor":41.0},{"not_picked":["PiercingWail+1","Burst+1","Caltrops+1"],"picked":"SKIP","floor":44.0},{"not_picked":["Deflect+1","Riddle With Holes","Tactician+1"],"picked":"SKIP","floor":47.0},{"not_picked":["All Out Attack","Dagger Spray+1"],"picked":"PiercingWail+1","floor":48.0},{"not_picked":["Poisoned Stab+1","Flechettes"],"picked":"Reflex+1","floor":55}],"player_experience":635484,"relics_obtained":[{"floor":8.0,"key":"Toxic Egg 2"},{"floor":9.0,"key":"Letter Opener"},{"floor":10.0,"key":"Snake Skull"},{"floor":25.0,"key":"Strawberry"},{"floor":27.0,"key":"War Paint"},{"floor":29.0,"key":"CeramicFish"},{"floor":43.0,"key":"MealTicket"},{"floor":44.0,"key":"PreservedInsect"},{"floor":47.0,"key":"The Specimen"},{"floor":55,"key":"Gremlin Horn"}],"event_choices":[{"damage_healed":0.0,"max_hp_gain":0.0,"max_hp_loss":0.0,"gold_gain":0.0,"event_name":"Shining Light","player_choice":"Entered Light","floor":2.0,"gold_loss":0.0,"damage_taken":20.0,"cards_upgraded":["Defend_G","Strike_G"]},{"damage_healed":0.0,"max_hp_gain":5.0,"max_hp_loss":0.0,"gold_gain":0.0,"event_name":"Big Fish","player_choice":"Donut","floor":5.0,"gold_loss":0.0,"damage_taken":0.0},{"damage_healed":0.0,"max_hp_gain":0.0,"max_hp_loss":0.0,"gold_gain":75.0,"event_name":"World of Goop","player_choice":"Gather Gold","floor":11.0,"gold_loss":0.0,"damage_taken":11.0},{"damage_healed":0.0,"max_hp_gain":0.0,"max_hp_loss":0.0,"gold_gain":0.0,"event_name":"Vampires","player_choice":"Ignored","floor":20.0,"gold_loss":0.0,"damage_taken":0.0},{"damage_healed":0.0,"max_hp_gain":0.0,"max_hp_loss":0.0,"gold_gain":50.0,"event_name":"Nest","player_choice":"Stole From Cult","floor":21.0,"gold_loss":0.0,"damage_taken":0.0},{"cards_removed":["Defend_G"],"damage_healed":0.0,"max_hp_gain":0.0,"max_hp_loss":0.0,"gold_gain":0.0,"event_name":"Bonfire Elementals","player_choice":"Offered Basic","floor":46.0,"gold_loss":0.0,"damage_taken":0.0}],"is_beta":false,"boss_relics":[{"not_picked":["Philosopher\u0027s Stone","SlaversCollar"],"picked":"HoveringKite"},{"not_picked":["Fusion Hammer","Sozu"],"picked":"Runic Pyramid"}],"items_purged_floors":[4,19,37,38],"is_endless":false,"potions_floor_spawned":[7,12,13,16,18,25,27,44,48,55],"ascension_level":20}}