{"host":"55yei7x27djrlaep","time":1608825139,"event":{"mods":["Act Like it!","BaseMod","Better Altar","Better Match","Better Note","Better Sensory Stone","Better Skull","Better Third Choice","BetterRewards","Colored Map","Downfall","Friendly Minions","GifTheSpireLib","JesterMod","Minty Spire (QoL Compilation)","Replay The Spire","StSLib","The Cursed","The Marked","TheSwordswoman"],"gold_per_floor":[116,131,131,131,52,78,78,113,113,146,213,213,213,225,225,330,330,342,342,267,281,41,41,69,88,88,88,106,106,137,153,153,153,153],"floor_reached":33,"playtime":1466,"items_purged":[],"score":342,"play_id":"cbea6875-31ec-4844-8adc-7a756afb1f65","local_time":"20201224185219","is_ascension_mode":true,"campfire_choices":[{"data":"theMarked:Generate","floor":7,"key":"SMITH"},{"floor":13,"key":"REST"},{"floor":15,"key":"RECALL"},{"data":"theMarked:BindingBlade","floor":23,"key":"SMITH"},{"floor":27,"key":"REST"},{"data":"theMarked:ParalyzingBlade","floor":29,"key":"SMITH"},{"floor":32,"key":"REST"}],"circlet_count":0,"master_deck":["theMarked:Strike","theMarked:Strike","theMarked:Strike","theMarked:Strike","theMarked:Strike","theMarked:Defend","theMarked:Defend","theMarked:Defend","theMarked:SoldierOfQuellstein","theMarked:MagicAdept","theMarked:SwordAndMagic","theMarked:KeepCalmAndFightOn+1","theMarked:Generate+1","theMarked:GodGivenPower","theMarked:TakeCover","theMarked:ChainLightning","theMarked:SummonStrength","theMarked:BindingBlade+1","theMarked:TakeCover","Madness+1","theMarked:EmpowerWeapon","theMarked:Electrify","Looming Evil","theMarked:ParalyzingBlade+1","theMarked:Levitate","theMarked:Indomitable"],"relics":["theMarked:ArtifactOfAir","NeowsBlessing","TungstenRod","Boot","Darkstone Periapt","theMarked:SecretDocuments","PreservedInsect","Cursed Key","Shuriken","MealTicket","Letter Opener","Blood Vial"],"acts_visited":["Exordium","TheCity"],"potions_floor_usage":[8,16,24,28,30,31,33],"damage_taken":[{"damage":0,"enemies":"Cultist","floor":1,"turns":1},{"damage":0,"enemies":"Small Slimes","floor":2,"turns":2},{"damage":0,"enemies":"Lagavulin","floor":6,"turns":1},{"damage":17,"enemies":"3 Sentries","floor":8,"turns":9},{"damage":37,"enemies":"Gremlin Nob","floor":10,"turns":5},{"damage":0,"enemies":"2 Louse","floor":14,"turns":2},{"damage":14,"enemies":"Fading Forest","floor":16,"turns":11},{"damage":18,"enemies":"Spheric Guardian","floor":18,"turns":4},{"damage":0,"enemies":"3 Byrds","floor":21,"turns":4},{"damage":10,"enemies":"Slavers","floor":24,"turns":3},{"damage":1,"enemies":"Sentry and Sphere","floor":25,"turns":4},{"damage":32,"enemies":"Snecko","floor":28,"turns":5},{"damage":18,"enemies":"Book of Stabbing","floor":30,"turns":4},{"damage":3,"enemies":"Snake Plant","floor":31,"turns":3},{"damage":79,"enemies":"Automaton","floor":33,"turns":6}],"seed_played":"1512798303963249995","potions_obtained":[{"floor":1,"key":"Guardian:BlockOnCardUsePotion"},{"floor":11,"key":"sneckomod:MuddlingPotion"},{"floor":11,"key":"SpeedPotion"},{"floor":14,"key":"AttackPotion"},{"floor":16,"key":"champ:CounterPotion"},{"floor":18,"key":"Toxic Potion"},{"floor":25,"key":"Fire Potion"},{"floor":28,"key":"FearPotion"}],"is_trial":false,"path_per_floor":["M","M","T","?","$","E","R","E","T","E","?","?","R","M","R_BF","B",null,"M","?","?","M","$","R","E","M","T","R","M","R","E","M","R","B"],"character_chosen":"THE_DEFAULT","items_purchased":["theMarked:KeepCalmAndFightOn","Shuriken"],"campfire_rested":3,"item_purchase_floors":[5,22],"current_hp_per_floor":[70,70,70,70,70,70,70,53,53,16,22,22,44,44,44,30,76,58,44,44,44,44,44,34,33,39,63,31,31,13,12,36,0,0],"gold":153,"neow_bonus":"THREE_ENEMY_KILL","is_daily":false,"chose_seed":false,"campfire_upgraded":3,"win_rate":0.0,"timestamp":1608825139,"path_taken":["M","M","?","?","$","E","R","E","T","E","?","?","R","M","R_BF","BOSS","M","?","?","M","$","R","E","M","T","R","M","R","E","M","R","BOSS"],"items_purchased_type":["Card","Relic"],"build_version":"2020-12-22","purchased_purges":0,"victory":false,"max_hp_per_floor":[70,70,70,70,70,70,70,70,70,70,76,76,76,76,76,76,76,76,76,76,76,76,76,76,76,82,82,82,82,82,82,82,82,82],"card_choices":[{"not_picked":["theMarked:StartUp","theMarked:SwordAndMagic"],"picked":"theMarked:MagicAdept","floor":1},{"not_picked":["theMarked:TwofoldDefense","theMarked:Aftermath"],"picked":"theMarked:SwordAndMagic","floor":2},{"not_picked":["theMarked:CreepingChasm","theMarked:Reabsorb"],"picked":"theMarked:Generate","floor":6},{"not_picked":["theMarked:Reabsorb","theMarked:ReduceFriction"],"picked":"theMarked:GodGivenPower","floor":8},{"not_picked":["theMarked:SwordAndMagic","theMarked:KeepCalmAndFightOn"],"picked":"theMarked:TakeCover","floor":10},{"not_picked":["theMarked:BanishingStrike","theMarked:Parkour"],"picked":"theMarked:ChainLightning","floor":11},{"not_picked":["theMarked:SwordAndMagic","theMarked:SelfDefenseTraining"],"picked":"theMarked:SummonStrength","floor":14},{"not_picked":["theMarked:Defy","theMarked:DispelDoubt"],"picked":"theMarked:BindingBlade","floor":16},{"not_picked":["theMarked:Improvise","theMarked:Parkour"],"picked":"theMarked:TakeCover","floor":18},{"not_picked":["theMarked:ResourceFulStrike","theMarked:ChainLightning","theMarked:ElectricStrings"],"picked":"SKIP","floor":21},{"not_picked":["theMarked:TurnInvisible","theMarked:WastefulDefense+1"],"picked":"theMarked:EmpowerWeapon","floor":24},{"not_picked":["theMarked:LightningStrikesTwice","theMarked:Static"],"picked":"theMarked:Electrify","floor":25},{"not_picked":["theMarked:Static+1","theMarked:HeritageOfTheMarked"],"picked":"theMarked:ParalyzingBlade","floor":28},{"not_picked":["theMarked:Electrocute","theMarked:ChainLightning"],"picked":"theMarked:Levitate","floor":30},{"not_picked":["theMarked:TwofoldDefense","theMarked:ChainLightning+1"],"picked":"theMarked:Indomitable","floor":31}],"player_experience":355084,"relics_obtained":[{"floor":6,"key":"TungstenRod"},{"floor":8,"key":"Boot"},{"floor":9,"key":"Darkstone Periapt"},{"floor":10,"key":"theMarked:SecretDocuments"},{"floor":11,"key":"PreservedInsect"},{"floor":24,"key":"MealTicket"},{"floor":26,"key":"Letter Opener"},{"floor":30,"key":"Blood Vial"}],"event_choices":[{"damage_healed":0,"gold_gain":0,"player_choice":"Grow","damage_taken":0,"max_hp_gain":0,"max_hp_loss":0,"event_name":"Living Wall","floor":12,"gold_loss":0,"cards_upgraded":["theMarked:KeepCalmAndFightOn"]},{"damage_healed":0,"gold_gain":2,"player_choice":"2","damage_taken":0,"max_hp_gain":0,"max_hp_loss":15,"event_name":"betterStone:BetterStone","floor":19,"gold_loss":0},{"cards_removed":["ReplayTheSpireMod:Splinters"],"damage_healed":0,"gold_gain":0,"player_choice":"Gave Gold","damage_taken":0,"max_hp_gain":0,"max_hp_loss":0,"event_name":"Beggar","floor":20,"gold_loss":75}],"is_beta":false,"boss_relics":[{"not_picked":["SacredBark","Replay:Drink Me"],"picked":"Cursed Key"}],"items_purged_floors":[],"is_endless":false,"potions_floor_spawned":[1,14,16,18,25,28],"killed_by":"Automaton","ascension_level":1}}