{"host":"fdmexzkyss3ff9bv","time":1608808667,"event":{"mods":["BaseMod","Beaked The Cultist","BetterRewards","Downfall","Glutton Mod","Halation","Hubris","Infinite Spire","Minty Spire (QoL Compilation)","Replay The Spire","StSLib","The Animator","The Blackbeard","The Bug Knight","The Construct","The Mystic","The Servant 0.9.4","The Witch"],"gold_per_floor":[117,133,408,419,419,446,446,480,503,503,514,179,179,179,179,280,280,297,297,307,307,307],"floor_reached":21,"playtime":1549,"items_purged":[],"score":187,"play_id":"4b04adea-8905-469a-a69a-4a60ad9f9de5","local_time":"20201224121747","is_ascension_mode":false,"campfire_choices":[{"floor":7.0,"key":"REST"},{"floor":10.0,"key":"REST"},{"floor":15.0,"key":"REST"}],"circlet_count":0,"master_deck":["Strike_B","Strike_B","Strike_B","Strike_B","Defend_B","Defend_B","Defend_B","Defend_B","Zap","Dualcast","Panic Button+1","Reboot","Stack","White Noise","Hologram","Conserve Battery","Storm","ReplayGash+1","Hallucinations","Shame","hubris:SpecializedCircuitry","Barrage","Sweeping Beam+1"],"relics":["Cracked Core","halation:AfternoonTea","Replay:PocketPolymizer","halation:PromiseList","Ring of Fury","Ring of Panic","Fusion Hammer","hubris:Icosahedron"],"acts_visited":["Exordium","TheCity"],"potions_floor_usage":[18,18,20],"damage_taken":[{"damage":5.0,"enemies":"2 Louse","floor":1.0,"turns":2.0},{"damage":10.0,"enemies":"Cultist","floor":2.0,"turns":4.0},{"damage":5.0,"enemies":"Jaw Worm","floor":4.0,"turns":5.0},{"damage":43.0,"enemies":"Lagavulin","floor":6.0,"turns":9.0},{"damage":16.0,"enemies":"Replay:BlueRogue","floor":8.0,"turns":5.0},{"damage":42.0,"enemies":"Exordium Wildlife","floor":11.0,"turns":6.0},{"damage":33.0,"enemies":"Slime Boss","floor":16.0,"turns":8.0},{"damage":46,"enemies":"Chosen","floor":18,"turns":6},{"damage":25,"enemies":"3 Byrds","floor":20,"turns":4},{"damage":14,"enemies":"Snake Plant","floor":21,"turns":2}],"seed_played":"8995443047609623118","potions_obtained":[{"floor":2.0,"key":"Strength Potion"},{"floor":4.0,"key":"FocusPotion"},{"floor":18,"key":"SpeedPotion"}],"is_trial":false,"path_per_floor":["M","M","?","M","?","E","R","E","T","R","M","$","?","?","R","B",null,"M","?","M","M"],"character_chosen":"DEFECT","items_purchased":["halation:PromiseList","Conserve Battery","Storm","SkillPotion","Adrenaline Potion"],"campfire_rested":3,"item_purchase_floors":[12,12,12,12,12],"current_hp_per_floor":[77,67,67,62,62,19,43,41,41,65,38,38,38,38,62,44,82,36,36,11,0,0],"gold":307,"neow_bonus":"TEN_PERCENT_HP_BONUS","is_daily":false,"chose_seed":false,"campfire_upgraded":0,"win_rate":0.0,"timestamp":1608808667,"path_taken":["M","M","?","?","?","E","R","E","T","R","M","$","?","?","R","BOSS","M","?","M","M"],"items_purchased_type":["Relic","Card","Card","Potion","Potion"],"build_version":"2020-12-13","purchased_purges":0,"victory":false,"max_hp_per_floor":[82,82,82,82,82,82,82,82,82,82,82,82,82,82,82,82,82,82,82,82,82,82],"card_choices":[{"not_picked":["Hologram","Streamline"],"picked":"Panic Button","floor":1.0},{"not_picked":["Panic Button","Ball Lightning"],"picked":"Reboot","floor":2.0},{"not_picked":["Gash","Beam Cell"],"picked":"Stack","floor":4.0},{"not_picked":["Conserve Battery","Streamline"],"picked":"White Noise","floor":6.0},{"not_picked":["hubris:Prefetch","Cold Snap"],"picked":"Genetic Algorithm","floor":8.0},{"not_picked":["Blizzard","Streamline"],"picked":"Hologram","floor":11.0},{"not_picked":["hubris:Prefetch","Seek"],"picked":"hubris:SpecializedCircuitry","floor":16.0},{"not_picked":["Leap","BootSequence"],"picked":"Barrage","floor":18},{"not_picked":["Streamline","Genetic Algorithm"],"picked":"Sweeping Beam+1","floor":20}],"player_experience":18403,"relics_obtained":[{"floor":6.0,"key":"halation:AfternoonTea"},{"floor":8.0,"key":"Replay:PocketPolymizer"},{"floor":14.0,"key":"Ring of Fury"},{"floor":14.0,"key":"Ring of Panic"}],"event_choices":[{"damage_healed":0.0,"max_hp_gain":0.0,"max_hp_loss":0.0,"gold_gain":275.0,"event_name":"Golden Shrine","player_choice":"Desecrate","floor":3.0,"gold_loss":0.0,"damage_taken":0.0,"cards_obtained":["Regret"]},{"damage_healed":0.0,"max_hp_gain":0.0,"max_hp_loss":0.0,"gold_gain":0.0,"event_name":"Living Wall","player_choice":"Grow","floor":5.0,"gold_loss":0.0,"damage_taken":0.0,"cards_upgraded":["Panic Button"]}],"is_beta":false,"boss_relics":[{"not_picked":["Kintsugi","ReplayTheSpireMod:SealedPack"],"picked":"Fusion Hammer"}],"items_purged_floors":[],"is_endless":false,"potions_floor_spawned":[2,4,18],"killed_by":"Snake Plant","ascension_level":0}}