{"host":"5fasz840ryq7obdf","time":1608821210,"event":{"mods":["AchievementEnabler","BaseMod","Bestiary","Better Altar","Better Skull","Better Third Choice","BetterRewards","Block Reminder","Colored Powertips","Curses Come First","Minty Spire (QoL Compilation)","Quick Restart","Relic Stats","Shop Mod","Spicy Shops","StSLib"],"gold_per_floor":[110,129,129,143,160,160,85,85,85,108,125,145,158,193,193,193,193],"floor_reached":16,"playtime":646,"items_purged":["Doubt"],"score":208,"play_id":"e1294502-cbd5-4a3b-8f18-652678239e54","local_time":"20201224144650","is_ascension_mode":true,"campfire_choices":[{"floor":6,"key":"REST"},{"data":"Whirlwind","floor":8,"key":"SMITH"},{"data":"Bash","floor":15,"key":"SMITH"}],"circlet_count":0,"master_deck":["AscendersBane","Strike_R","Strike_R","Strike_R","Strike_R","Strike_R","Defend_R","Defend_R","Defend_R","Defend_R","Bash+1","Whirlwind+1","Apotheosis+1","Reaper","Warcry+1"],"relics":["Burning Blood","Toxic Egg 2","Frozen Egg 2","Pen Nib","HandDrill","Strange Spoon","Lantern","Odd Mushroom","Question Card"],"acts_visited":["Exordium"],"potions_floor_usage":[12,13,13],"damage_taken":[{"damage":12,"enemies":"Jaw Worm","floor":1,"turns":2},{"damage":7,"enemies":"2 Louse","floor":2,"turns":3},{"damage":12,"enemies":"Small Slimes","floor":4,"turns":3},{"damage":19,"enemies":"Gremlin Gang","floor":5,"turns":3},{"damage":23,"enemies":"The Mushroom Lair","floor":10,"turns":3},{"damage":8,"enemies":"Red Slaver","floor":11,"turns":4},{"damage":11,"enemies":"Blue Slaver","floor":12,"turns":5},{"damage":0,"enemies":"2 Fungi Beasts","floor":13,"turns":2},{"damage":22,"enemies":"Lagavulin","floor":14,"turns":8},{"damage":28,"enemies":"The Guardian","floor":16,"turns":6}],"seed_played":"5521439311115079104","potions_obtained":[{"floor":4,"key":"ElixirPotion"},{"floor":5,"key":"Strength Potion"},{"floor":10,"key":"EntropicBrew"},{"floor":12,"key":"BlessingOfTheForge"}],"is_trial":false,"path_per_floor":["M","M","?","M","M","R","$","R","T","?","M","M","M","E","R","B"],"character_chosen":"IRONCLAD","items_purchased":["Toxic Egg 2","Frozen Egg 2","Pen Nib","HandDrill","Strange Spoon"],"campfire_rested":1,"item_purchase_floors":[0,0,0,0,0],"current_hp_per_floor":[27,26,26,20,7,29,29,29,29,12,15,18,34,18,18,0,0],"gold":193,"neow_bonus":"","is_daily":false,"chose_seed":false,"campfire_upgraded":2,"win_rate":0.0,"timestamp":1608821210,"path_taken":["M","M","?","M","M","R","$","R","T","?","M","M","M","E","R","BOSS"],"items_purchased_type":["Relic","Relic","Relic","Relic","Relic"],"build_version":"2020-12-22","purchased_purges":1,"victory":false,"max_hp_per_floor":[75,75,75,75,75,75,75,75,75,75,75,75,75,75,75,75,75],"relic_stats":{"Strange Spoon":[6],"counters":[10,39],"Pen Nib":[6],"HandDrill":[4],"Question Card":0,"obtain_stats":[{"Strange Spoon":0,"Lantern":9,"Pen Nib":0,"HandDrill":0,"Toxic Egg 2":0,"Frozen Egg 2":0,"Odd Mushroom":10,"Question Card":14,"Burning Blood":0},{"Strange Spoon":0,"Lantern":4,"Pen Nib":0,"HandDrill":0,"Toxic Egg 2":0,"Frozen Egg 2":0,"Odd Mushroom":5,"Question Card":9,"Burning Blood":0},{"Strange Spoon":0,"Lantern":11,"Pen Nib":0,"HandDrill":0,"Toxic Egg 2":0,"Frozen Egg 2":0,"Odd Mushroom":14,"Question Card":33,"Burning Blood":0}],"Burning Blood":54},"card_choices":[{"not_picked":["Cleave","Thunderclap","Heavy Blade"],"picked":"SKIP","floor":1},{"not_picked":["Seeing Red+1","Thunderclap"],"picked":"Whirlwind","floor":2},{"not_picked":["Thunderclap","Cleave","Anger"],"picked":"SKIP","floor":4},{"not_picked":["Perfected Strike","Thunderclap","Twin Strike"],"picked":"SKIP","floor":5},{"not_picked":["Perfected Strike","Infernal Blade+1"],"picked":"Reaper","floor":10},{"not_picked":["Fire Breathing+1","Havoc+1","Body Slam"],"picked":"SKIP","floor":11},{"not_picked":["Blood for Blood","Whirlwind"],"picked":"Warcry+1","floor":12},{"not_picked":["Hemokinesis","Ghostly Armor+1","Carnage"],"picked":"SKIP","floor":13},{"not_picked":["Intimidate+1","Flex+1","Body Slam"],"picked":"SKIP","floor":14}],"player_experience":1042702,"relics_obtained":[{"floor":9,"key":"Lantern"},{"floor":10,"key":"Odd Mushroom"},{"floor":14,"key":"Question Card"}],"event_choices":[{"damage_healed":26,"gold_gain":0,"player_choice":"Embrace","damage_taken":0,"max_hp_gain":0,"max_hp_loss":75,"event_name":"betterThird:BetterShining","floor":3,"gold_loss":0},{"damage_healed":0,"gold_gain":0,"player_choice":"Fought Mushrooms","damage_taken":0,"max_hp_gain":0,"max_hp_loss":0,"event_name":"Mushrooms","floor":10,"gold_loss":0}],"is_beta":false,"boss_relics":[],"items_purged_floors":[7],"is_endless":false,"potions_floor_spawned":[4,5,10,12],"killed_by":"The Guardian","ascension_level":20}}