{"host":"eswokialmqjd9jwx","time":1608819524,"event":{"mods":["AchievementEnabler","BaseMod","Colored Map","DeckTracker","KOR Keyword Fix","Minty Spire (QoL Compilation)","StSLib","SuperFastMode"],"gold_per_floor":[114,129,144,159,334,349,379,379,379,379,394,409,424,439,439,539,539,554,569,584,599,287,317,317,332,382,382,397,80,95,95,110,110,210,210,225,240,255,255,298,298,313,38,113,128,128,128],"floor_reached":46,"playtime":3543,"items_purged":["Doubt","Setup"],"score":629,"play_id":"510d4c4d-2436-4d48-ac68-d9bdbdb14a87","local_time":"20201224231844","daily_mods":["Insanity","Purple Cards","DeadlyEvents"],"is_ascension_mode":false,"campfire_choices":[{"floor":8.0,"key":"REST"},{"data":"Venomology","floor":10.0,"key":"SMITH"},{"data":"Adaptation","floor":15.0,"key":"SMITH"},{"floor":24.0,"key":"REST"},{"floor":27.0,"key":"REST"},{"data":"Vault","floor":33.0,"key":"SMITH"},{"floor":41,"key":"REST"}],"circlet_count":0,"master_deck":["Outmaneuver+1","Quick Slash+1","Slice+1","Meditate+1","Halt+1","Concentrate+1","Finisher+1","Cloak And Dagger+1","MentalFortress+1","WheelKick+1","FlyingSleeves+1","FollowUp+1","Crescendo+1","Prepared+1","TalkToTheHand+1","FlurryOfBlows+1","Slice+1","Crescendo+1","PiercingWail+1","ThirdEye+1","Deadly Poison+1","TalkToTheHand+1","Well Laid Plans+1","FlurryOfBlows+1","Sucker Punch+1","Meditate+1","Outmaneuver+1","EmptyMind+1","CrushJoints+1","SignatureMove+1","Conclude+1","FollowUp+1","Riddle With Holes+1","FlurryOfBlows+1","Dodge and Roll+1","FlyingSleeves+1","FlurryOfBlows+1","ForeignInfluence+1","Evaluate+1","Quick Slash+1","BowlingBash+1","Conclude+1","Evaluate+1","Dagger Throw+1","Evaluate+1","Blade Dance+1","TalkToTheHand+1","FlyingSleeves+1","Tantrum+1","WreathOfFlame+1","Dodge and Roll+1","Adaptation+1","Caltrops+1","Quick Slash+1","Venomology+1","Acrobatics+1","Ragnarok+1","Crippling Poison+1","DevaForm+1","CurseOfTheBell","Acrobatics+1","Terror+1","Prostrate+1","Finisher+1","Discovery+1","CarveReality+1","Blade Dance+1","Infinite Blades+1","Vault+1","Adaptation+1","Noxious Fumes+1","Envenom+1","Noxious Fumes+1","SashWhip+1","FearNoEvil+1","Backflip+1"],"relics":["Ring of the Snake","MealTicket","Matryoshka","Calling Bell","Boot","Question Card","Thread and Needle","Membership Card","Vajra","Potion Belt","Blood Vial","Smiling Mask","Medical Kit","Bag of Preparation","Busted Crown","Mark of the Bloom","Dead Branch","ClockworkSouvenir","Pear","Nunchaku","PreservedInsect","Singing Bowl"],"acts_visited":["Exordium","TheCity","TheBeyond"],"potions_floor_usage":[42,45],"damage_taken":[{"damage":7.0,"enemies":"Small Slimes","floor":1.0,"turns":2.0},{"damage":0.0,"enemies":"Jaw Worm","floor":2.0,"turns":1.0},{"damage":0.0,"enemies":"Cultist","floor":3.0,"turns":2.0},{"damage":10.0,"enemies":"Lots of Slimes","floor":4.0,"turns":3.0},{"damage":9.0,"enemies":"2 Fungi Beasts","floor":6.0,"turns":2.0},{"damage":0.0,"enemies":"Gremlin Nob","floor":7.0,"turns":2.0},{"damage":0.0,"enemies":"3 Louse","floor":11.0,"turns":1.0},{"damage":0.0,"enemies":"Large Slime","floor":12.0,"turns":2.0},{"damage":7.0,"enemies":"Red Slaver","floor":13.0,"turns":2.0},{"damage":11.0,"enemies":"3 Louse","floor":14.0,"turns":2.0},{"damage":0.0,"enemies":"Slime Boss","floor":16.0,"turns":4.0},{"damage":0.0,"enemies":"Spheric Guardian","floor":18.0,"turns":1.0},{"damage":15.0,"enemies":"3 Byrds","floor":19.0,"turns":4.0},{"damage":3.0,"enemies":"Snecko","floor":20.0,"turns":5.0},{"damage":20.0,"enemies":"Chosen and Byrds","floor":21.0,"turns":5.0},{"damage":18.0,"enemies":"Book of Stabbing","floor":23.0,"turns":4.0},{"damage":0.0,"enemies":"Shelled Parasite and Fungi","floor":25.0,"turns":2.0},{"damage":0.0,"enemies":"3 Cultists","floor":28.0,"turns":3.0},{"damage":0.0,"enemies":"Centurion and Healer","floor":30.0,"turns":3.0},{"damage":7.0,"enemies":"Snecko","floor":32.0,"turns":4.0},{"damage":14.0,"enemies":"Automaton","floor":34.0,"turns":5.0},{"damage":11.0,"enemies":"Orb Walker","floor":36.0,"turns":3.0},{"damage":28.0,"enemies":"3 Shapes","floor":37.0,"turns":8.0},{"damage":9.0,"enemies":"Maw","floor":38.0,"turns":7.0},{"damage":0,"enemies":"2 Orb Walkers","floor":40,"turns":3},{"damage":24,"enemies":"3 Darklings","floor":42,"turns":3},{"damage":0,"enemies":"Spire Growth","floor":45,"turns":2},{"damage":0,"enemies":"Writhing Mass","floor":46,"turns":1}],"seed_played":"-4388098555046818604","potions_obtained":[{"floor":4.0,"key":"CultistPotion"},{"floor":7.0,"key":"Fire Potion"},{"floor":12.0,"key":"LiquidBronze"},{"floor":14.0,"key":"Poison Potion"},{"floor":16.0,"key":"Swift Potion"},{"floor":18.0,"key":"Swift Potion"},{"floor":21.0,"key":"Block Potion"},{"floor":23.0,"key":"Energy Potion"},{"floor":32.0,"key":"PowerPotion"},{"floor":36.0,"key":"EssenceOfSteel"},{"floor":38.0,"key":"EssenceOfSteel"}],"is_trial":false,"path_per_floor":["M","M","M","M","?","M","E","R","T","R","M","M","M","M","R","B",null,"M","M","M","M","$","E","R","M","T","R","M","$","M","M","M","R","B",null,"M","M","M","?","?","R","M","$","T","M","M"],"character_chosen":"THE_SILENT","items_purchased":["Membership Card","Vajra","Discovery","Medical Kit","Bag of Preparation","Vault","Adaptation","ClockworkSouvenir","Pear","Nunchaku"],"campfire_rested":4,"item_purchase_floors":[22,22,22,29,29,29,29,43,43,43],"current_hp_per_floor":[63,63,63,53,53,44,44,65,65,65,65,65,58,47,47,47,70,70,55,52,32,47,29,50,50,50,70,70,70,70,70,63,63,51,70,59,33,26,26,26,26,2,2,2,2,2,2],"gold":128,"neow_bonus":"","is_daily":true,"chose_seed":false,"campfire_upgraded":3,"win_rate":0.0,"timestamp":1608819524,"path_taken":["M","M","M","M","?","?","E","R","T","R","M","?","M","M","R","BOSS","M","M","M","M","$","E","R","M","T","R","M","?","M","M","M","R","BOSS","M","M","?","?","?","R","M","$","T","M","M"],"items_purchased_type":["Relic","Relic","Card","Relic","Relic","Card","Card","Relic","Relic","Relic"],"build_version":"2020-12-22","purchased_purges":2,"victory":false,"max_hp_per_floor":[70,70,70,70,70,70,70,70,70,70,70,70,70,70,70,70,70,70,70,70,70,70,70,70,70,70,70,70,70,70,70,70,70,70,70,70,70,70,70,70,70,70,80,80,82,82,82],"card_choices":[{"not_picked":["Bane","Choke"],"picked":"WreathOfFlame","floor":1.0},{"not_picked":["Consecrate","Dagger Throw"],"picked":"Dodge and Roll","floor":2.0},{"not_picked":["Flechettes","Blade Dance"],"picked":"Adaptation","floor":3.0},{"not_picked":["FlurryOfBlows","CrushJoints"],"picked":"Caltrops","floor":4.0},{"not_picked":["Study","Evaluate"],"picked":"Quick Slash","floor":6.0},{"not_picked":["JustLucky","Flechettes"],"picked":"Venomology","floor":7.0},{"not_picked":["EmptyFist","Cloak And Dagger"],"picked":"Acrobatics","floor":11.0},{"not_picked":["Flying Knee","Masterful Stab","Cloak And Dagger"],"picked":"SKIP","floor":12.0},{"not_picked":["Heel Hook","Leg Sweep"],"picked":"Ragnarok","floor":13.0},{"not_picked":["ThirdEye","ClearTheMind"],"picked":"Crippling Poison","floor":14.0},{"not_picked":["Brilliance","Vault"],"picked":"DevaForm","floor":16.0},{"not_picked":["EmptyBody","EmptyFist","Crescendo+1"],"picked":"Acrobatics+1","floor":18.0},{"not_picked":["Worship","MentalFortress","Setup"],"picked":"Terror","floor":19.0},{"not_picked":["Bane","All Out Attack","Flying Knee+1"],"picked":"Prostrate+1","floor":20.0},{"not_picked":["Quick Slash+1","WaveOfTheHand","Skewer"],"picked":"Finisher","floor":21.0},{"not_picked":["FlurryOfBlows","ConjureBlade","InnerPeace"],"picked":"CarveReality","floor":23.0},{"not_picked":["Consecrate+1","Poisoned Stab","Heel Hook+1"],"picked":"Blade Dance+1","floor":25.0},{"not_picked":["Evaluate","FlyingSleeves","CutThroughFate"],"picked":"Infinite Blades","floor":28.0},{"not_picked":["JustLucky","Pray","ClearTheMind","Dodge and Roll"],"picked":"SKIP","floor":30.0},{"not_picked":["EmptyFist","JustLucky+1","Dagger Throw"],"picked":"Noxious Fumes","floor":32.0},{"not_picked":["Wish","Ragnarok","Wraith Form v2"],"picked":"Envenom","floor":34.0},{"not_picked":["Well Laid Plans+1"],"picked":"Noxious Fumes","floor":36.0},{"not_picked":["Nirvana+1"],"picked":"SashWhip","floor":37.0},{"not_picked":["ClearTheMind+1"],"picked":"FearNoEvil","floor":38.0},{"not_picked":["Indignation+1"],"picked":"Backflip+1","floor":40},{"not_picked":["Deflect","WindmillStrike+1"],"picked":"SKIP","floor":42},{"not_picked":["Well Laid Plans","CrushJoints"],"picked":"Singing Bowl","floor":45}],"player_experience":1163875,"relics_obtained":[{"floor":7.0,"key":"MealTicket"},{"floor":9.0,"key":"Matryoshka"},{"floor":17.0,"key":"Boot"},{"floor":17.0,"key":"Question Card"},{"floor":17.0,"key":"Thread and Needle"},{"floor":23.0,"key":"Potion Belt"},{"floor":26.0,"key":"Blood Vial"},{"floor":26.0,"key":"Smiling Mask"},{"floor":40,"key":"Dead Branch"},{"floor":44,"key":"PreservedInsect"},{"floor":44,"key":"Singing Bowl"}],"event_choices":[{"damage_healed":0.0,"max_hp_gain":0.0,"max_hp_loss":0.0,"gold_gain":175.0,"event_name":"Liars Game","player_choice":"AGREE","floor":5.0,"gold_loss":0.0,"damage_taken":0.0,"cards_obtained":["Doubt"]},{"damage_healed":0,"gold_gain":0,"player_choice":"Upgrade","damage_taken":0,"relics_obtained":["Mark of the Bloom"],"max_hp_gain":0,"max_hp_loss":0,"event_name":"MindBloom","floor":39,"gold_loss":0,"cards_upgraded":["Outmaneuver","Quick Slash","Slice","Meditate","Halt","Concentrate","Finisher","Cloak And Dagger","MentalFortress","WheelKick","FlyingSleeves","FollowUp","Crescendo","Prepared","TalkToTheHand","FlurryOfBlows","Slice","Crescendo","PiercingWail","ThirdEye","Deadly Poison","TalkToTheHand","Well Laid Plans","FlurryOfBlows","Sucker Punch","Meditate","Outmaneuver","EmptyMind","CrushJoints","SignatureMove","Conclude","FollowUp","Riddle With Holes","FlurryOfBlows","Dodge and Roll","FlyingSleeves","FlurryOfBlows","ForeignInfluence","Evaluate","Quick Slash","BowlingBash","Conclude","Evaluate","Dagger Throw","Evaluate","Blade Dance","TalkToTheHand","FlyingSleeves","Tantrum","WreathOfFlame","Dodge and Roll","Caltrops","Quick Slash","Acrobatics","Ragnarok","Crippling Poison","DevaForm","Terror","Finisher","Discovery","CarveReality","Infinite Blades","Adaptation","Noxious Fumes","Envenom","Noxious Fumes","SashWhip","FearNoEvil"]},{"damage_healed":0,"gold_gain":0,"player_choice":"Fight","damage_taken":0,"max_hp_gain":0,"max_hp_loss":0,"event_name":"Mysterious Sphere","floor":40,"gold_loss":0}],"is_beta":false,"boss_relics":[{"not_picked":["Black Star","Snecko Eye"],"picked":"Calling Bell"},{"not_picked":["Philosopher\u0027s Stone","Fusion Hammer"],"picked":"Busted Crown"}],"items_purged_floors":[22,29],"is_endless":false,"potions_floor_spawned":[4,7,12,14,16,18,21,23,32,36,38],"killed_by":"Writhing Mass","ascension_level":0}}