{"host":"uclt3t1usqzz4m5p","time":1608849289,"event":{"mods":["AchievementEnabler","Arknights The Spire","BaseMod","Better Altar","Better Match","Better Sensory Stone","Better Skull","Better Third Choice","Booster Modes","Card Forge","Colored Powertips","Displayed Cursed Tome","GifTheSpireLib","Gremlin Skip","Minty Spire (QoL Compilation)","Permanent Neow","Quick Restart","StSLib","SuperFastMode","The Caster"],"gold_per_floor":[365,375,385,47,31,31,43,43,70,95,105,138,138,138,150,267,279,305,317,341,58,70,70,70,70,95,95,95],"floor_reached":27,"playtime":1755,"items_purged":["caster:strike"],"score":223,"play_id":"7f9c8f78-84da-474c-84cf-8861ff1590f6","local_time":"20201224143449","is_ascension_mode":false,"campfire_choices":[{"data":"caster:JupitelThunder","floor":6,"key":"SMITH"},{"floor":15,"key":"REST"},{"data":"caster:Fissure","floor":23,"key":"SMITH"}],"circlet_count":0,"master_deck":["caster:Meteor","caster:DivertFocus","caster:strike","caster:strike","caster:strike","caster:defend","caster:defend","caster:defend","caster:defend","caster:defend","caster:WallOfRocks","caster:BookThrow","caster:PyroclasticTide","caster:Incantation+1","caster:FrostDriver","caster:JupitelThunder+1","caster:BurnItDown","caster:Slick+1","caster:MagicWeapon","caster:LAZER","caster:LAZER","caster:ManaOverflow+1","caster:Sleet","caster:ManaOverflow+1","caster:BurnItDown+1","caster:Grimoire+1","caster:Sleet","caster:Fissure+1"],"relics":["caster:MagicBook","Hammer of Thor","Seething Fire","Anvil of the Gods","Frozen Egg 2","Vajra","ats:Originium","Potion Belt","ats:Originium","Omamori","MawBank","Calling Bell","Smiling Mask","Letter Opener","Ginger","caster:DefaultClickableRelic","Vajra","PreservedInsect"],"acts_visited":["Exordium","TheCity"],"potions_floor_usage":[5,12,12,12,12,16,18,27,27,27,27],"damage_taken":[{"damage":4,"enemies":"Cultist","floor":1,"turns":5},{"damage":3,"enemies":"Jaw Worm","floor":2,"turns":5},{"damage":0,"enemies":"2 Louse","floor":3,"turns":3},{"damage":1,"enemies":"Exordium Thugs","floor":5,"turns":6},{"damage":0,"enemies":"2 Fungi Beasts","floor":7,"turns":4},{"damage":20,"enemies":"Gremlin Nob","floor":10,"turns":4},{"damage":4,"enemies":"Large Slime","floor":11,"turns":6},{"damage":9,"enemies":"Lagavulin","floor":12,"turns":4},{"damage":12,"enemies":"Slime Boss","floor":16,"turns":8},{"damage":16,"enemies":"Chosen","floor":18,"turns":5},{"damage":25,"enemies":"Spheric Guardian","floor":20,"turns":4},{"damage":13,"enemies":"Snecko","floor":22,"turns":5},{"damage":14,"enemies":"Slavers","floor":27,"turns":1}],"seed_played":"-447840891391262976","potions_obtained":[{"floor":1,"key":"ColorlessPotion"},{"floor":3,"key":"Swift Potion"},{"floor":10,"key":"EntropicBrew"},{"floor":16,"key":"FearPotion"},{"floor":18,"key":"Regen Potion"},{"floor":22,"key":"SteroidPotion"}],"is_trial":false,"path_per_floor":["M","M","M","$","M","R","M","?","T","E","M","E","?","T","R","B",null,"M","?","M","$","M","R","?","?","T","E"],"character_chosen":"THE_CASTER","items_purchased":["Frozen Egg 2","caster:Incantation+1","caster:FrostDriver","caster:DefaultClickableRelic","caster:Grimoire+1","caster:Sleet"],"campfire_rested":1,"item_purchase_floors":[4,4,4,21,21,21],"current_hp_per_floor":[54,51,51,51,50,50,50,50,50,30,26,17,17,17,34,22,58,42,42,17,17,4,4,4,4,4,0,0],"gold":95,"neow_bonus":"TWO_FIFTY_GOLD","is_daily":false,"chose_seed":false,"campfire_upgraded":2,"win_rate":0.0,"timestamp":1608849289,"path_taken":["M","M","M","$","M","R","M","?","T","E","?","E","?","?","R","BOSS","M","?","?","$","M","R","?","?","T","E"],"items_purchased_type":["Relic","Card","Card","Relic","Card","Card"],"build_version":"2020-12-22","purchased_purges":1,"victory":false,"max_hp_per_floor":[58,58,58,58,58,58,58,58,58,58,58,58,58,58,58,58,58,58,58,58,58,58,58,58,58,58,58,58],"card_choices":[{"not_picked":["caster:Rectify","caster:Enfeeble"],"picked":"caster:WallOfRocks","floor":1},{"not_picked":["caster:WallOfMirrors","caster:Conflagrate"],"picked":"caster:BookThrow","floor":2},{"not_picked":["caster:Tundra","caster:DiablosFlame"],"picked":"caster:PyroclasticTide","floor":3},{"not_picked":["caster:Fireball","caster:Rectify"],"picked":"caster:JupitelThunder","floor":5},{"not_picked":["caster:Eruption","caster:Demi"],"picked":"caster:BurnItDown","floor":7},{"not_picked":["caster:GlacialShield","caster:DiablosFlame"],"picked":"caster:MagicWeapon","floor":10},{"not_picked":["caster:Sultry","caster:DiablosFlame"],"picked":"caster:LAZER","floor":11},{"not_picked":["caster:FireWall","caster:Sandstorm"],"picked":"caster:LAZER","floor":12},{"not_picked":["caster:Susanoo","caster:Explosion"],"picked":"caster:ManaOverflow+1","floor":16},{"not_picked":["caster:DiablosFlame","caster:MagicResonance+1"],"picked":"caster:Sleet","floor":18},{"not_picked":["caster:Enfeeble","caster:Incantation+1"],"picked":"caster:BurnItDown+1","floor":20},{"not_picked":["caster:MagicResonance+1","caster:FrigidBeam"],"picked":"caster:Fissure","floor":22}],"player_experience":550886,"relics_obtained":[{"floor":9,"key":"Vajra"},{"floor":10,"key":"ats:Originium"},{"floor":10,"key":"Potion Belt"},{"floor":12,"key":"ats:Originium"},{"floor":12,"key":"Omamori"},{"floor":14,"key":"MawBank"},{"floor":17,"key":"Smiling Mask"},{"floor":17,"key":"Letter Opener"},{"floor":17,"key":"Ginger"},{"floor":26,"key":"PreservedInsect"}],"event_choices":[{"damage_healed":0,"gold_gain":0,"player_choice":"Ignored","damage_taken":0,"max_hp_gain":0,"max_hp_loss":0,"event_name":"Golden Wing","floor":13,"gold_loss":0},{"damage_healed":0,"gold_gain":0,"player_choice":"Copied","damage_taken":0,"max_hp_gain":0,"max_hp_loss":0,"event_name":"Duplicator","floor":19,"gold_loss":0,"cards_obtained":["caster:ManaOverflow"]},{"damage_healed":0,"gold_gain":0,"player_choice":"Ignored","damage_taken":0,"max_hp_gain":0,"max_hp_loss":0,"event_name":"Cursed Tome","floor":24,"gold_loss":0}],"is_beta":false,"boss_relics":[{"not_picked":["SacredBark","Runic Dome"],"picked":"Calling Bell"}],"items_purged_floors":[21],"is_endless":false,"potions_floor_spawned":[1,3,10,16,18,22],"killed_by":"Slavers","ascension_level":0}}