{"host":"2lqi9xx9scmc3cqh","time":1608798221,"event":{"mods":["AchievementEnabler","BaseMod","Colored Map","Minty Spire (QoL Compilation)","Remove Card Discount Mod","StSLib"],"gold_per_floor":[113,24,24,37,47,81,4937,4964,4964,4980,4994,5005,5005,5023,5023,5119,5119,5133,4517,4517,4530,4445,4479,4495,4514,4541,4557,4261,4280,4315,4333,4333,4428,4428,4448,4212,4212,3990,4042,4067,4067],"floor_reached":40,"playtime":1163,"items_purged":["Strike_B","Strike_B","Defend_B","Defend_B"],"score":883,"play_id":"8475c9d5-771a-425e-b647-196a50430218","local_time":"20201224172341","is_ascension_mode":true,"campfire_choices":[{"floor":13,"key":"DIG"},{"floor":15,"key":"DIG"},{"floor":32,"key":"DIG"}],"circlet_count":0,"master_deck":["Strike_B+1","Strike_B+1","Defend_B","Defend_B+1","Zap+1","Dualcast","Skim","Consume","Capacitor","Meteor Strike","Meteor Strike"],"relics":["Cracked Core","Dream Catcher","Orrery","Shovel","Mercury Hourglass","Tiny Chest","Sundial","Black Star","Lizard Tail","Bag of Marbles","Membership Card","Turnip","Matryoshka","Gremlin Horn","Whetstone","Art of War","Ancient Tea Set","HandDrill","CaptainsWheel","Oddly Smooth Stone","PreservedInsect","Ice Cream","Orichalcum","Sozu","Prayer Wheel","Centennial Puzzle","DollysMirror","Lantern","War Paint","Emotion Chip","CeramicFish","Bag of Preparation"],"acts_visited":["Exordium","TheCity","TheBeyond"],"potions_floor_usage":[],"damage_taken":[{"damage":1,"enemies":"Jaw Worm","floor":1,"turns":3},{"damage":6,"enemies":"Cultist","floor":4,"turns":3},{"damage":12,"enemies":"Small Slimes","floor":5,"turns":3},{"damage":0,"enemies":"Lagavulin","floor":6,"turns":1},{"damage":0,"enemies":"3 Sentries","floor":8,"turns":1},{"damage":0,"enemies":"2 Fungi Beasts","floor":10,"turns":1},{"damage":0,"enemies":"3 Louse","floor":11,"turns":1},{"damage":0,"enemies":"Blue Slaver","floor":12,"turns":1},{"damage":0,"enemies":"Exordium Wildlife","floor":14,"turns":1},{"damage":0,"enemies":"The Guardian","floor":16,"turns":1},{"damage":0,"enemies":"Spheric Guardian","floor":18,"turns":1},{"damage":0,"enemies":"2 Thieves","floor":21,"turns":1},{"damage":0,"enemies":"Gremlin Leader","floor":23,"turns":1},{"damage":0,"enemies":"Centurion and Healer","floor":24,"turns":1},{"damage":0,"enemies":"3 Cultists","floor":25,"turns":1},{"damage":0,"enemies":"Snake Plant","floor":27,"turns":1},{"damage":0,"enemies":"Snecko","floor":29,"turns":1},{"damage":0,"enemies":"Slavers","floor":30,"turns":1},{"damage":0,"enemies":"Centurion and Healer","floor":31,"turns":1},{"damage":0,"enemies":"Collector","floor":33,"turns":1},{"damage":9,"enemies":"Orb Walker","floor":35,"turns":2},{"damage":6,"enemies":"3 Shapes","floor":37,"turns":2},{"damage":0,"enemies":"2 Orb Walkers","floor":39,"turns":1},{"damage":32,"enemies":"Reptomancer","floor":40,"turns":4}],"seed_played":"-1395211380642491813","potions_obtained":[{"floor":1,"key":"SmokeBomb"},{"floor":4,"key":"SpeedPotion"},{"floor":12,"key":"SpeedPotion"}],"is_trial":false,"path_per_floor":["M","$","?","M","M","E","$","E","T","M","M","M","R","M","R","B",null,"M","$","?","M","?","E","M","M","T","M","$","M","E","M","R","B",null,"M","$","M","$","?","E"],"character_chosen":"DEFECT","items_purchased":["Consume","Orrery","Lizard Tail","Bag of Marbles","Membership Card","HandDrill","CaptainsWheel","Oddly Smooth Stone","Prayer Wheel","Centennial Puzzle","DollysMirror","Lantern","War Paint"],"campfire_rested":0,"item_purchase_floors":[2,7,19,19,19,28,28,28,36,36,38,38,38],"current_hp_per_floor":[81,81,81,75,63,63,63,63,63,63,63,63,63,63,63,63,82,82,82,82,82,82,82,82,82,82,82,82,82,82,82,82,82,82,73,73,67,67,67,35,35],"gold":4067,"neow_bonus":"TEN_PERCENT_HP_BONUS","is_daily":false,"chose_seed":false,"campfire_upgraded":0,"win_rate":0.0,"timestamp":1608798221,"path_taken":["M","$","?","?","M","E","$","E","T","M","M","M","R","M","R","BOSS","M","$","?","M","?","E","M","M","T","M","$","M","E","M","R","BOSS","M","$","M","$","?","E"],"items_purchased_type":["Card","Relic","Relic","Relic","Relic","Relic","Relic","Relic","Relic","Relic","Relic","Relic","Relic"],"build_version":"2020-12-22","purchased_purges":4,"victory":false,"max_hp_per_floor":[82,82,82,82,82,82,82,82,82,82,82,82,82,82,82,82,82,82,82,82,82,82,82,82,82,82,82,82,82,82,82,82,82,82,82,82,82,82,82,82,82],"card_choices":[{"not_picked":["Capacitor","Hologram"],"picked":"Skim","floor":1},{"not_picked":["Hologram","Beam Cell","Redo"],"picked":"SKIP","floor":4},{"not_picked":["Steam","Go for the Eyes","Barrage"],"picked":"SKIP","floor":5},{"not_picked":["Cold Snap","Scrape","Machine Learning"],"picked":"SKIP","floor":6},{"not_picked":["Compile Driver","Core Surge","Redo"],"picked":"SKIP","floor":8},{"not_picked":["Tempest","Reinforced Body","Melter"],"picked":"SKIP","floor":10},{"not_picked":["Lockon","Turbo","Glacier"],"picked":"SKIP","floor":11},{"not_picked":["Chaos","Recycle","Stack"],"picked":"SKIP","floor":12},{"not_picked":["Hologram","Redo","Turbo"],"picked":"SKIP","floor":14},{"not_picked":["Beam Cell","Leap","Stack"],"picked":"SKIP","floor":18},{"not_picked":["Rebound","Stack"],"picked":"Capacitor","floor":21},{"not_picked":["Melter+1","Auto Shields","Steam"],"picked":"SKIP","floor":23},{"not_picked":["Reinforced Body+1","Coolheaded+1","Ball Lightning"],"picked":"SKIP","floor":24},{"not_picked":["Coolheaded","Darkness","Leap+1"],"picked":"SKIP","floor":25},{"not_picked":["Conserve Battery","Rebound","Darkness+1"],"picked":"SKIP","floor":27},{"not_picked":["Machine Learning","Barrage+1","Undo"],"picked":"SKIP","floor":29},{"not_picked":["Auto Shields","Self Repair","Genetic Algorithm"],"picked":"SKIP","floor":30},{"not_picked":["Leap","Sweeping Beam","Hello World+1"],"picked":"SKIP","floor":31},{"not_picked":["Core Surge","All For One"],"picked":"Meteor Strike","floor":33},{"not_picked":["Hologram+1","Turbo","FTL+1"],"picked":"SKIP","floor":35},{"not_picked":["Sweeping Beam+1","Melter","Leap"],"picked":"SKIP","floor":37},{"not_picked":["White Noise+1","Compile Driver+1","Beam Cell+1"],"picked":"SKIP","floor":37},{"not_picked":["Capacitor+1","Reinforced Body+1","Rip and Tear"],"picked":"SKIP","floor":40}],"player_experience":367995,"relics_obtained":[{"floor":6,"key":"Dream Catcher"},{"floor":8,"key":"Shovel"},{"floor":9,"key":"Mercury Hourglass"},{"floor":13,"key":"Tiny Chest"},{"floor":15,"key":"Sundial"},{"floor":23,"key":"Gremlin Horn"},{"floor":23,"key":"Whetstone"},{"floor":26,"key":"Art of War"},{"floor":26,"key":"Ancient Tea Set"},{"floor":30,"key":"PreservedInsect"},{"floor":30,"key":"Ice Cream"},{"floor":32,"key":"Orichalcum"},{"floor":39,"key":"Emotion Chip"},{"floor":40,"key":"CeramicFish"},{"floor":40,"key":"Bag of Preparation"}],"event_choices":[{"damage_healed":0,"gold_gain":0,"player_choice":"0 cards matched","damage_taken":0,"max_hp_gain":0,"max_hp_loss":0,"event_name":"Match and Keep!","floor":3,"gold_loss":0,"cards_obtained":[]},{"damage_healed":0,"gold_gain":0,"player_choice":"Opened","damage_taken":0,"relics_obtained":["Turnip"],"max_hp_gain":0,"max_hp_loss":0,"event_name":"The Mausoleum","floor":20,"gold_loss":0},{"damage_healed":0,"gold_gain":0,"player_choice":"Obtained Relic","damage_taken":0,"relics_obtained":["Matryoshka"],"max_hp_gain":0,"max_hp_loss":0,"event_name":"Addict","floor":22,"gold_loss":85},{"damage_healed":0,"gold_gain":0,"player_choice":"Fight","damage_taken":0,"max_hp_gain":0,"max_hp_loss":0,"event_name":"Mysterious Sphere","floor":39,"gold_loss":0}],"is_beta":false,"boss_relics":[{"not_picked":["Runic Dome","Philosopher\u0027s Stone"],"picked":"Black Star"},{"not_picked":["Pandora\u0027s Box","Empty Cage"],"picked":"Sozu"}],"items_purged_floors":[2,2,2,2],"is_endless":false,"potions_floor_spawned":[1,4,12,14,16,21,23,24,29,31,33,35,37],"killed_by":"Reptomancer","ascension_level":1}}