{"host":"3z9xbwjeimmg738z","time":1608786611,"event":{"mods":["2.2 Compatiblity","Act Like it!","AlwaysNeverKeys","Aspiration","Bard","Bartender","BaseMod","Beaked The Cultist","Better Altar","Better Match","Better Note","Better Sensory Stone","Better Skull","Better Third Choice","CapriCore","ChefMod","Colored Powertips","Defuse TimeMaze Blight","Dio Mod","Displayed Cursed Tome","Emptier Cage","Faster Ascension Climbing","Fiend Mod","Gensokyo","GifTheSpireLib","Hallownest","Hubris","JesterMod","KinomotoSakuraMod(????)","Koishi","Mari Mod (Legacy)","Mari\u0027s V1 Patch","Marisa????????","Minty Spire (QoL Compilation)","Pale of the Ancients","Permanent Neow","Replay The Spire","Robot Space Explorer","Shop Mod","StSLib","Stuff the Spire","The Accelerator","The Immortal","The Marked","The Mystic","The Servant 0.9.4","TheArtist","Uncapped","Wandering Minibosses","vexMod"],"gold_per_floor":[113,113,129,129,244,244,244],"floor_reached":6,"playtime":347,"items_purged":[],"score":36,"play_id":"d0a20027-8835-47ac-b7fa-fbe58eb2468b","local_time":"20201223211011","daily_mods":["ControlledChaos"],"is_ascension_mode":true,"campfire_choices":[],"circlet_count":0,"master_deck":["Fiend:FiendDemonSlash","Fiend:FiendDemonSlash","Fiend:FiendDemonSlash","Fiend:FiendDemonSlash","Fiend:FiendDemonSlash","Fiend:FiendFortify","Fiend:FiendFortify","Fiend:FiendFortify","Fiend:FiendFortify+1","Fiend:FiendConsume","Fiend:FiendSalvage"],"relics":["Fiend:FiendTotem","Frozen Eye","hubris:Icosahedron","aspiration:ChemicalBlood"],"acts_visited":["Gensokyo:Gensokyo"],"potions_floor_usage":[6,6,6],"damage_taken":[{"damage":0,"enemies":"Gensokyo:Python","floor":1,"turns":3},{"damage":0,"enemies":"Gensokyo:3_Fairies","floor":3,"turns":3},{"damage":44,"enemies":"Gensokyo:Mamizou","floor":6,"turns":6}],"seed_played":"-2948306510849506202","potions_obtained":[{"floor":1,"key":"Energy Potion"}],"is_trial":true,"path_per_floor":["M","?","M","?","?","E"],"character_chosen":"THE_FIEND","items_purchased":[],"campfire_rested":0,"item_purchase_floors":[],"current_hp_per_floor":[70,70,70,70,35,0,0],"gold":244,"neow_bonus":"","is_daily":false,"chose_seed":false,"campfire_upgraded":0,"win_rate":0.0,"timestamp":1608786611,"path_taken":["M","?","M","?","?","E"],"items_purchased_type":[],"build_version":"2020-12-22","purchased_purges":0,"victory":false,"max_hp_per_floor":[70,70,70,70,70,70,70],"card_choices":[{"not_picked":["Fiend:FiendRiskyDice","Fiend:FiendAbomination","Fiend:FiendDemonWhip"],"picked":"SKIP","floor":1},{"not_picked":["Fiend:FiendRage","Fiend:FiendRam"],"picked":"Fiend:FiendSalvage","floor":3}],"player_experience":407064,"relics_obtained":[],"event_choices":[{"damage_healed":0,"gold_gain":115,"player_choice":"GO RE UP ","damage_taken":40,"relics_obtained":["aspiration:ChemicalBlood"],"max_hp_gain":0,"max_hp_loss":0,"event_name":"betterSkull:BetterSkull","floor":5,"gold_loss":0,"cards_upgraded":["Fiend:FiendFortify"]}],"is_beta":false,"boss_relics":[],"items_purged_floors":[],"is_endless":false,"potions_floor_spawned":[1],"killed_by":"Gensokyo:Mamizou","ascension_level":1}}