{"host":"hm3ikmf8oxbtqms2","time":1608831489,"event":{"mods":["BaseMod","Best Route Mod","Bestiary","Better Vampires","Block Reminder","Colored Map","Colored Powertips","Curses Come First","DeckTracker","Displayed Cursed Tome","Highlight Path","Minty Spire (QoL Compilation)","Quick Restart","StSLib"],"gold_per_floor":[113,125,125,125,143,143,163,176,176,176,196,222,245,285,297,407,419,447,476,9,27,27,27],"floor_reached":22,"playtime":1879,"items_purged":["Strike_R"],"score":273,"play_id":"6489065e-a874-4c8b-97ba-36c4c4a5caa1","local_time":"20201224123809","is_ascension_mode":true,"campfire_choices":[{"floor":6.0,"key":"REST"},{"data":"Heavy Blade","floor":15.0,"key":"SMITH"}],"circlet_count":0,"master_deck":["Strike_R","Strike_R","Defend_R","Defend_R","Defend_R","Defend_R","Bash+1","Flex","Rampage+1","Inflame","Body Slam","Pummel","Whirlwind","Heavy Blade+1","Battle Trance","Demon Form","Evolve","Shockwave+1","Heavy Blade+1"],"relics":["Burning Blood","Ice Cream","FossilizedHelix","Bottled Lightning","MawBank","Mercury Hourglass","Mark of Pain","Membership Card","Paper Frog","Gremlin Horn"],"acts_visited":["Exordium","TheCity"],"potions_floor_usage":[],"damage_taken":[{"damage":19.0,"enemies":"Small Slimes","floor":1.0,"turns":4.0},{"damage":2.0,"enemies":"Jaw Worm","floor":2.0,"turns":3.0},{"damage":7.0,"enemies":"2 Louse","floor":5.0,"turns":3.0},{"damage":29.0,"enemies":"Gremlin Gang","floor":7.0,"turns":5.0},{"damage":13.0,"enemies":"Red Slaver","floor":8.0,"turns":4.0},{"damage":1.0,"enemies":"Looter","floor":11.0,"turns":3.0},{"damage":7.0,"enemies":"Gremlin Nob","floor":12.0,"turns":4.0},{"damage":26.0,"enemies":"3 Sentries","floor":14.0,"turns":5.0},{"damage":0.0,"enemies":"Slime Boss","floor":16.0,"turns":5.0},{"damage":6,"enemies":"Chosen","floor":18,"turns":4},{"damage":33,"enemies":"2 Thieves","floor":19,"turns":4},{"damage":30,"enemies":"Snake Plant","floor":21,"turns":4},{"damage":31,"enemies":"Shelled Parasite and Fungi","floor":22,"turns":3}],"seed_played":"-5511171380526500019","potions_obtained":[{"floor":1.0,"key":"DistilledChaos"},{"floor":8.0,"key":"Block Potion"},{"floor":11.0,"key":"BloodPotion"},{"floor":12.0,"key":"BloodPotion"},{"floor":18,"key":"BlessingOfTheForge"}],"is_trial":false,"path_per_floor":["M","M","?","?","M","R","M","M","T","?","M","E","T","E","R","B",null,"M","M","$","M","M"],"character_chosen":"IRONCLAD","items_purchased":["Membership Card","Paper Frog","Gremlin Horn"],"campfire_rested":1,"item_purchase_floors":[20,20,20],"current_hp_per_floor":[67,71,55,43,42,66,43,36,36,36,41,56,56,52,52,58,80,80,53,53,29,0,0],"gold":27,"neow_bonus":"TRANSFORM_CARD","is_daily":false,"chose_seed":false,"campfire_upgraded":1,"win_rate":0.0,"timestamp":1608831489,"path_taken":["M","M","?","?","M","R","M","M","T","?","?","E","?","E","R","BOSS","M","M","$","M","M"],"items_purchased_type":["Relic","Relic","Relic"],"build_version":"2020-12-22","purchased_purges":1,"victory":false,"max_hp_per_floor":[80,80,80,80,80,80,80,80,80,80,80,80,80,80,80,80,80,80,80,80,80,80,80],"card_choices":[{"not_picked":["Headbutt","Flex"],"picked":"Rampage","floor":1.0},{"not_picked":["Cleave","Evolve"],"picked":"Inflame","floor":2.0},{"not_picked":["Sever Soul","Feel No Pain"],"picked":"Body Slam","floor":5.0},{"not_picked":["Searing Blow","Headbutt"],"picked":"Pummel","floor":7.0},{"not_picked":["Sever Soul","Pommel Strike"],"picked":"Whirlwind","floor":8.0},{"not_picked":["True Grit","Clothesline"],"picked":"Heavy Blade","floor":11.0},{"not_picked":["Flex","True Grit"],"picked":"Battle Trance","floor":12.0},{"not_picked":["Dark Embrace","Sword Boomerang","Sentinel"],"picked":"SKIP","floor":14.0},{"not_picked":["Corruption","Impervious"],"picked":"Demon Form","floor":16.0},{"not_picked":["Carnage","Power Through+1"],"picked":"Evolve","floor":18},{"not_picked":["Inflame","Pommel Strike"],"picked":"Shockwave+1","floor":19},{"not_picked":["True Grit+1","Thunderclap"],"picked":"Heavy Blade+1","floor":21}],"player_experience":222783,"relics_obtained":[{"floor":9.0,"key":"FossilizedHelix"},{"floor":12.0,"key":"Bottled Lightning"},{"floor":13.0,"key":"MawBank"},{"floor":14.0,"key":"Mercury Hourglass"}],"event_choices":[{"damage_healed":0.0,"max_hp_gain":0.0,"max_hp_loss":0.0,"gold_gain":0.0,"event_name":"Shining Light","player_choice":"Entered Light","floor":3.0,"gold_loss":0.0,"damage_taken":16.0,"cards_upgraded":["Rampage","Bash"]},{"damage_healed":0.0,"max_hp_gain":0.0,"max_hp_loss":0.0,"gold_gain":0.0,"event_name":"Scrap Ooze","player_choice":"Success","floor":4.0,"gold_loss":0.0,"damage_taken":12.0,"relics_obtained":["Ice Cream"]},{"cards_removed":["Strike_R"],"damage_healed":0.0,"max_hp_gain":0.0,"max_hp_loss":0.0,"gold_gain":0.0,"event_name":"Living Wall","player_choice":"Forget","floor":10.0,"gold_loss":0.0,"damage_taken":0.0}],"is_beta":false,"boss_relics":[{"not_picked":["Astrolabe","Runic Dome"],"picked":"Mark of Pain"}],"items_purged_floors":[20],"is_endless":false,"potions_floor_spawned":[1,8,11,12,18],"killed_by":"Shelled Parasite and Fungi","ascension_level":2}}