{"host":"0msxzbajcl1c78mb","time":1608782788,"event":{"mods":["AchievementEnabler","BaseMod","Colored Map","Colored Powertips","Highlight Path","Minty Spire (QoL Compilation)","Relic Sorter","Relic Stats","StSLib","The Jungle","everything is the same but u backflip on backflip"],"gold_per_floor":[110,129,54,54,66,107,107,7,53,79,158,208,252,273,273,381,381,409,478,403,428,478,478,478],"floor_reached":23,"playtime":1226,"items_purged":["Strike_R","Strike_R","Strike_R"],"score":284,"play_id":"6ad28d6d-0595-4e01-9f59-44bee0623431","local_time":"20201223230628","is_ascension_mode":true,"campfire_choices":[{"data":"Infernal Blade","floor":7,"key":"SMITH"},{"data":"Rampage","floor":15,"key":"SMITH"}],"circlet_count":0,"master_deck":["Strike_R","Strike_R","Defend_R","Defend_R","Defend_R","Defend_R","Bash","Pommel Strike","Flame Barrier","Infernal Blade+1","Iron Wave","Corruption","Shrug It Off","Rampage+1","Clothesline","Barricade","Battle Trance+1","Shrug It Off"],"relics":["Burning Blood","NeowsBlessing","SsserpentHead","CeramicFish","Oddly Smooth Stone","Kunai","Sozu"],"acts_visited":["Exordium","TheCity"],"potions_floor_usage":[6,13,16,16,16],"damage_taken":[{"damage":0,"enemies":"Cultist","floor":1,"turns":1},{"damage":0,"enemies":"2 Louse","floor":2,"turns":1},{"damage":0,"enemies":"Jaw Worm","floor":5,"turns":1},{"damage":32,"enemies":"Gremlin Nob","floor":6,"turns":4},{"damage":13,"enemies":"Lots of Slimes","floor":10,"turns":5},{"damage":7,"enemies":"Blue Slaver","floor":11,"turns":4},{"damage":23,"enemies":"3 Sentries","floor":13,"turns":10},{"damage":3,"enemies":"3 Louse","floor":14,"turns":4},{"damage":8,"enemies":"The Guardian","floor":16,"turns":9},{"damage":7,"enemies":"Shell Parasite","floor":18,"turns":6},{"damage":8,"enemies":"3 Byrds","floor":19,"turns":6},{"damage":32,"enemies":"Snake Plant","floor":21,"turns":6},{"damage":36,"enemies":"Slavers","floor":23,"turns":3}],"seed_played":"7724231464265723763","potions_obtained":[{"floor":2,"key":"DistilledChaos"},{"floor":11,"key":"SkillPotion"},{"floor":12,"key":"Strength Potion"},{"floor":12,"key":"AttackPotion"},{"floor":13,"key":"Block Potion"}],"is_trial":false,"path_per_floor":["M","M","$","?","M","E","R","$","T","M","M","?","E","M","R","B",null,"M","M","$","M","?","E"],"character_chosen":"IRONCLAD","items_purchased":[],"campfire_rested":0,"item_purchase_floors":[],"current_hp_per_floor":[78,80,80,80,80,54,54,54,54,47,46,46,29,32,32,30,68,67,65,65,39,30,0,0],"gold":478,"neow_bonus":"THREE_ENEMY_KILL","is_daily":false,"chose_seed":false,"campfire_upgraded":2,"win_rate":0.0,"timestamp":1608782788,"path_taken":["M","?","?","?","M","E","R","$","T","M","?","?","E","M","R","BOSS","M","?","?","M","?","E"],"items_purchased_type":[],"build_version":"2020-12-22","purchased_purges":3,"victory":false,"max_hp_per_floor":[80,80,80,80,80,80,80,80,80,80,80,80,80,80,80,80,80,80,80,80,80,80,80,80],"relic_stats":{"Sozu":1,"SsserpentHead":250,"counters":[13,60],"CeramicFish":72,"Kunai":[10],"obtain_stats":[{"Sozu":17,"SsserpentHead":4,"NeowsBlessing":0,"CeramicFish":6,"Oddly Smooth Stone":9,"Kunai":13,"Burning Blood":0},{"Sozu":9,"SsserpentHead":2,"NeowsBlessing":0,"CeramicFish":4,"Oddly Smooth Stone":4,"Kunai":7,"Burning Blood":0},{"Sozu":39,"SsserpentHead":2,"NeowsBlessing":0,"CeramicFish":7,"Oddly Smooth Stone":7,"Kunai":26,"Burning Blood":0}],"Burning Blood":62},"card_choices":[{"not_picked":["Clash","Twin Strike"],"picked":"Pommel Strike","floor":1},{"not_picked":["Rage","Combust"],"picked":"Flame Barrier","floor":2},{"not_picked":["Clash","Twin Strike"],"picked":"Infernal Blade","floor":5},{"not_picked":["Perfected Strike","Burning Pact"],"picked":"Iron Wave","floor":6},{"not_picked":["Pommel Strike","Wild Strike"],"picked":"Corruption","floor":10},{"not_picked":["Body Slam","Sword Boomerang"],"picked":"Shrug It Off","floor":11},{"not_picked":["Twin Strike","Intimidate"],"picked":"Rampage","floor":13},{"not_picked":["Evolve","Warcry"],"picked":"Clothesline","floor":14},{"not_picked":["Limit Break","Feed"],"picked":"Barricade","floor":16},{"not_picked":["Disarm+1","Flex+1"],"picked":"Battle Trance+1","floor":18},{"not_picked":["Anger","Flex","Headbutt"],"picked":"SKIP","floor":19},{"not_picked":["True Grit","Pummel"],"picked":"Shrug It Off","floor":21}],"player_experience":280524,"relics_obtained":[{"floor":6,"key":"CeramicFish"},{"floor":9,"key":"Oddly Smooth Stone"},{"floor":13,"key":"Kunai"}],"event_choices":[{"damage_healed":0,"gold_gain":0,"player_choice":"Trade","damage_taken":0,"relics_obtained":["SsserpentHead"],"max_hp_gain":0,"max_hp_loss":0,"event_name":"FaceTrader","floor":4,"gold_loss":0},{"damage_healed":0,"gold_gain":0,"player_choice":"Got Potions","damage_taken":0,"max_hp_gain":0,"max_hp_loss":0,"event_name":"Lab","floor":12,"gold_loss":0},{"damage_healed":0,"gold_gain":0,"player_choice":"Stopped","damage_taken":9,"max_hp_gain":0,"max_hp_loss":0,"event_name":"Cursed Tome","floor":22,"gold_loss":0}],"is_beta":false,"boss_relics":[{"not_picked":["Runic Dome","Black Blood"],"picked":"Sozu"}],"items_purged_floors":[3,8,20],"is_endless":false,"potions_floor_spawned":[2,11,13,14,21],"killed_by":"Slavers","ascension_level":8}}