{"host":"0msxzbajcl1c78mb","time":1608791060,"event":{"mods":["AchievementEnabler","BaseMod","Colored Map","Colored Powertips","Highlight Path","Minty Spire (QoL Compilation)","Relic Sorter","Relic Stats","StSLib","The Jungle","everything is the same but u backflip on backflip"],"gold_per_floor":[119,119,84,84,98,131,131,166,166,166,223,248,264,279,279,381,381,401,413,338,357,357,386,386,386,386],"floor_reached":25,"playtime":1638,"items_purged":["Strike_R"],"score":397,"play_id":"6d8285c6-4acc-467c-9dc1-5ad86fe56269","local_time":"20201224012420","is_ascension_mode":true,"campfire_choices":[{"floor":7,"key":"REST"},{"floor":10,"key":"REST"},{"data":"True Grit","floor":15,"key":"SMITH"},{"data":"Bash","floor":24,"key":"SMITH"}],"circlet_count":0,"master_deck":["Strike_R","Strike_R","Defend_R","Defend_R","Defend_R","Defend_R","Bash+1","Flame Barrier","Reckless Charge","True Grit+1","Pommel Strike","Feed","Cleave","Battle Trance","Ghostly Armor","Impervious","Infernal Blade","Impervious"],"relics":["Burning Blood","Torii","Pocketwatch","Blue Candle","Gremlin Horn","Ornamental Fan","Pear","Velvet Choker","Smiling Mask"],"acts_visited":["Exordium","TheCity"],"potions_floor_usage":[8,12,16,23,25],"damage_taken":[{"damage":19,"enemies":"Small Slimes","floor":1,"turns":3},{"damage":1,"enemies":"Jaw Worm","floor":5,"turns":4},{"damage":57,"enemies":"3 Sentries","floor":6,"turns":13},{"damage":16,"enemies":"Gremlin Nob","floor":8,"turns":3},{"damage":14,"enemies":"3 Sentries","floor":11,"turns":9},{"damage":3,"enemies":"3 Sentries","floor":12,"turns":9},{"damage":9,"enemies":"2 Louse","floor":13,"turns":2},{"damage":3,"enemies":"Blue Slaver","floor":14,"turns":5},{"damage":61,"enemies":"Slime Boss","floor":16,"turns":11},{"damage":2,"enemies":"Shell Parasite","floor":18,"turns":6},{"damage":0,"enemies":"3 Byrds","floor":19,"turns":5},{"damage":21,"enemies":"Sentry and Sphere","floor":21,"turns":10},{"damage":21,"enemies":"Slavers","floor":23,"turns":10},{"damage":1,"enemies":"Gremlin Leader","floor":25,"turns":3}],"seed_played":"3633814779849879873","potions_obtained":[{"floor":1,"key":"FearPotion"},{"floor":8,"key":"SpeedPotion"},{"floor":14,"key":"Energy Potion"},{"floor":16,"key":"ElixirPotion"},{"floor":18,"key":"DistilledChaos"},{"floor":21,"key":"SkillPotion"}],"is_trial":false,"path_per_floor":["M","?","?","?","M","E","R","E","T","R","?","E","M","M","R","B",null,"M","M","$","M","?","E","R","E"],"character_chosen":"IRONCLAD","items_purchased":[],"campfire_rested":2,"item_purchase_floors":[],"current_hp_per_floor":[38,38,58,58,63,12,36,26,26,50,45,61,61,67,67,12,80,84,93,93,81,81,69,69,68,68],"gold":386,"neow_bonus":"ONE_RARE_RELIC","is_daily":false,"chose_seed":false,"campfire_upgraded":2,"win_rate":0.0,"timestamp":1608791060,"path_taken":["M","?","?","?","M","E","R","E","T","R","?","E","?","M","R","BOSS","M","?","$","M","?","E","R","E"],"items_purchased_type":[],"build_version":"2020-12-22","purchased_purges":1,"victory":false,"max_hp_per_floor":[80,80,80,80,80,80,80,80,80,80,83,96,99,102,102,102,102,102,105,105,108,108,111,111,111,111],"relic_stats":{"Torii":45,"Gremlin Horn":[11,14],"counters":[14,93],"Ornamental Fan":[80],"Blue Candle":[0],"Smiling Mask":0,"obtain_stats":[{"Pear":12,"Torii":0,"Gremlin Horn":9,"Ornamental Fan":11,"Blue Candle":8,"Velvet Choker":17,"Smiling Mask":23,"Burning Blood":0,"Pocketwatch":6},{"Pear":6,"Torii":0,"Gremlin Horn":4,"Ornamental Fan":5,"Blue Candle":4,"Velvet Choker":9,"Smiling Mask":13,"Burning Blood":0,"Pocketwatch":3},{"Pear":41,"Torii":0,"Gremlin Horn":23,"Ornamental Fan":32,"Blue Candle":23,"Velvet Choker":59,"Smiling Mask":90,"Burning Blood":0,"Pocketwatch":20}],"Burning Blood":78,"Pocketwatch":[114]},"card_choices":[{"not_picked":["Searing Blow","Armaments"],"picked":"Flame Barrier","floor":1},{"not_picked":["Burning Pact","Power Through"],"picked":"True Grit","floor":5},{"not_picked":["Disarm","Headbutt"],"picked":"Pommel Strike","floor":6},{"not_picked":["Clash","Pommel Strike"],"picked":"Feed","floor":8},{"not_picked":["Perfected Strike","Armaments"],"picked":"Cleave","floor":11},{"not_picked":["Pommel Strike","Dropkick"],"picked":"Battle Trance","floor":12},{"not_picked":["Body Slam","Entrench"],"picked":"Ghostly Armor","floor":13},{"not_picked":["Pommel Strike","Sentinel","Thunderclap"],"picked":"SKIP","floor":14},{"not_picked":["Juggernaut","Exhume"],"picked":"Impervious","floor":16},{"not_picked":["Shockwave","Anger","Twin Strike"],"picked":"SKIP","floor":18},{"not_picked":["Perfected Strike","Flex","Thunderclap"],"picked":"SKIP","floor":19},{"not_picked":["Iron Wave","Dual Wield+1","Burning Pact+1"],"picked":"SKIP","floor":21},{"not_picked":["Flame Barrier+1","Metallicize"],"picked":"Impervious","floor":23}],"player_experience":288068,"relics_obtained":[{"floor":6,"key":"Pocketwatch"},{"floor":8,"key":"Blue Candle"},{"floor":9,"key":"Gremlin Horn"},{"floor":11,"key":"Ornamental Fan"},{"floor":12,"key":"Pear"},{"floor":23,"key":"Smiling Mask"}],"event_choices":[{"damage_healed":0,"gold_gain":0,"player_choice":"Ignored","damage_taken":0,"max_hp_gain":0,"max_hp_loss":0,"event_name":"Liars Game","floor":2,"gold_loss":0},{"damage_healed":20,"gold_gain":0,"player_choice":"Healed","damage_taken":0,"max_hp_gain":0,"max_hp_loss":0,"event_name":"The Cleric","floor":3,"gold_loss":35},{"damage_healed":0,"gold_gain":0,"cards_transformed":["Strike_R"],"player_choice":"Change","damage_taken":0,"max_hp_gain":0,"max_hp_loss":0,"event_name":"Living Wall","floor":4,"gold_loss":0,"cards_obtained":["Reckless Charge"]},{"damage_healed":0,"gold_gain":0,"player_choice":"Searched \u00271\u0027 times","damage_taken":0,"max_hp_gain":0,"max_hp_loss":0,"event_name":"Dead Adventurer","floor":11,"gold_loss":0},{"damage_healed":0,"gold_gain":0,"cards_transformed":["Strike_R"],"player_choice":"Transformed","damage_taken":0,"max_hp_gain":0,"max_hp_loss":0,"event_name":"Transmorgrifier","floor":22,"gold_loss":0,"cards_obtained":["Infernal Blade"]}],"is_beta":false,"boss_relics":[{"not_picked":["Empty Cage","Runic Pyramid"],"picked":"Velvet Choker"}],"items_purged_floors":[20],"is_endless":false,"potions_floor_spawned":[1,8,14,16,18,21],"killed_by":"Gremlin Leader","ascension_level":9}}