{"host":"qdfumeom6htv8yxl","time":1608826708,"event":{"mods":["AchievementEnabler","BaseMod","Block Reminder","Minty Spire (QoL Compilation)","Quick Restart","Relic Stats"],"gold_per_floor":[119,119,194,210,60,96,96,109,109,109,142,142,186,211,211,307,307,287,306,306,380,403,403,403],"floor_reached":23,"playtime":17297,"items_purged":["Injury"],"score":345,"play_id":"3dac7797-49c8-4596-a952-755f8ef54cd0","local_time":"20201224101828","is_ascension_mode":true,"campfire_choices":[{"floor":7,"key":"REST"},{"floor":10,"key":"REST"},{"floor":12,"key":"REST"},{"floor":15,"key":"REST"}],"circlet_count":0,"master_deck":["AscendersBane","Strike_B","Strike_B","Defend_B","Defend_B","Defend_B","Defend_B","Zap","Dualcast","Consume","Go for the Eyes","Loop","Ball Lightning","Glacier","Defragment","Conserve Battery","Loop","Seek","Coolheaded","Ball Lightning"],"relics":["Cracked Core","Golden Idol","Mummified Hand","Shuriken","Girya","Omamori","Empty Cage","Matryoshka"],"acts_visited":["TheCity"],"potions_floor_usage":[],"damage_taken":[{"damage":3,"enemies":"2 Louse","floor":1,"turns":2},{"damage":0,"enemies":"Small Slimes","floor":4,"turns":3},{"damage":27,"enemies":"Lagavulin","floor":6,"turns":7},{"damage":9,"enemies":"Jaw Worm","floor":8,"turns":3},{"damage":34,"enemies":"Gremlin Nob","floor":11,"turns":6},{"damage":30,"enemies":"3 Sentries","floor":13,"turns":6},{"damage":5,"enemies":"Looter","floor":14,"turns":3},{"damage":26,"enemies":"Slime Boss","floor":16,"turns":13},{"damage":29,"enemies":"2 Thieves","floor":18,"turns":5},{"damage":12,"enemies":"Shell Parasite","floor":19,"turns":9},{"damage":8,"enemies":"Snecko","floor":22,"turns":7},{"damage":0,"enemies":"Slavers","floor":23,"turns":1}],"seed_played":"1831152979842975320","potions_obtained":[{"floor":1,"key":"FearPotion"},{"floor":14,"key":"Ancient Potion"}],"is_trial":false,"path_per_floor":["M","?","?","M","$","E","R","M","T","R","E","R","E","M","R","B",null,"M","M","?","T","M","E"],"character_chosen":"DEFECT","items_purchased":["Loop"],"campfire_rested":4,"item_purchase_floors":[5],"current_hp_per_floor":[79,57,46,46,46,19,45,36,36,62,28,54,24,19,45,19,72,43,31,31,31,23,23,23],"gold":403,"neow_bonus":"TWENTY_PERCENT_HP_BONUS","is_daily":false,"chose_seed":false,"campfire_upgraded":0,"win_rate":0.0,"timestamp":1608826708,"path_taken":["M","?","?","M","$","E","R","M","T","R","E","R","E","M","R","BOSS","M","M","?","?","M","E"],"items_purchased_type":["Card"],"build_version":"2020-12-22","purchased_purges":1,"victory":false,"max_hp_per_floor":[89,89,89,89,89,89,89,89,89,89,89,89,89,89,89,89,89,89,89,89,89,89,89,89],"relic_stats":{"counters":[12,63],"Golden Idol":67,"Mummified Hand":[24],"Shuriken":[2],"obtain_stats":[{"Girya":11,"Matryoshka":21,"Golden Idol":2,"Mummified Hand":6,"Shuriken":9,"Omamori":13,"Cracked Core":0,"Empty Cage":17},{"Girya":5,"Matryoshka":10,"Golden Idol":1,"Mummified Hand":3,"Shuriken":4,"Omamori":6,"Cracked Core":0,"Empty Cage":8},{"Girya":21,"Matryoshka":55,"Golden Idol":2,"Mummified Hand":12,"Shuriken":15,"Omamori":26,"Cracked Core":0,"Empty Cage":41}]},"card_choices":[{"not_picked":["Streamline","Rebound"],"picked":"Consume","floor":1},{"not_picked":["White Noise","Barrage"],"picked":"Go for the Eyes","floor":4},{"not_picked":["Steam","Lockon"],"picked":"Ball Lightning","floor":6},{"not_picked":["Hello World","Turbo"],"picked":"Glacier","floor":8},{"not_picked":["Chaos","Reinforced Body"],"picked":"Defragment","floor":11},{"not_picked":["Melter","Gash"],"picked":"Conserve Battery","floor":13},{"not_picked":["Stack","Hologram"],"picked":"Loop","floor":14},{"not_picked":["Fission","Amplify"],"picked":"Seek","floor":16},{"not_picked":["Turbo","Heatsinks"],"picked":"Coolheaded","floor":18},{"not_picked":["Beam Cell","Sweeping Beam"],"picked":"Ball Lightning","floor":19},{"not_picked":["Steam","Fusion","Streamline"],"picked":"SKIP","floor":22}],"player_experience":1504783,"relics_obtained":[{"floor":6,"key":"Mummified Hand"},{"floor":9,"key":"Shuriken"},{"floor":11,"key":"Girya"},{"floor":13,"key":"Omamori"},{"floor":21,"key":"Matryoshka"}],"event_choices":[{"damage_healed":0,"gold_gain":0,"player_choice":"Take Damage","damage_taken":22,"relics_obtained":["Golden Idol"],"max_hp_gain":0,"max_hp_loss":0,"event_name":"Golden Idol","floor":2,"gold_loss":0},{"damage_healed":0,"gold_gain":75,"player_choice":"Gather Gold","damage_taken":11,"max_hp_gain":0,"max_hp_loss":0,"event_name":"World of Goop","floor":3,"gold_loss":0},{"damage_healed":0,"gold_gain":0,"player_choice":"Ignored","damage_taken":0,"max_hp_gain":0,"max_hp_loss":0,"event_name":"Ghosts","floor":20,"gold_loss":0}],"is_beta":false,"boss_relics":[{"not_picked":["SacredBark","Philosopher\u0027s Stone"],"picked":"Empty Cage"}],"items_purged_floors":[5],"is_endless":false,"potions_floor_spawned":[1,14],"killed_by":"Slavers","ascension_level":13}}