{"host":"bxdue9bkfm2khp2x","time":1608782149,"event":{"mods":["ATMod(阿瑾Mod)","Aspiration","BaseMod","Better Vampires","Challenge The Spire","Colored Powertips","Conspire","Decade(王小明)","Dota2Spire","Highlight Path","Minty Spire (QoL Compilation)","MostiFishMod","Replay The Spire","RumiaBox-露米娅的神秘盒子","Spicy Shops","StSLib","Td1madao Mod","The Alterego","The Cursed","WarShipGirlsR/战舰少女R mod","noobMod","vexMod","【功能Mod】混沌之环修复补丁","【遗物卡牌】REMEMod","篝火指南"],"gold_per_floor":[118,137,212,229,271,301,301,100,100,159,159,169,169,169,169,277,277,297,297,308,308,358,358,358,389,389,95,141,100,100,100,100,207,207,223,271,121,134,182,182,182,182,182,217,217,217,217,42,42,102],"floor_reached":51,"playtime":3424,"items_purged":["Strike_G","Strike_G","MostiFishMod:WingOfPhoenix","Strike_G","Strike_G"],"score":1827,"play_id":"5388697b-1206-4523-950a-6ad9408b008a","local_time":"20201224115549","is_ascension_mode":true,"campfire_choices":[{"data":"AT_KneejerkReflex","floor":7.0,"key":"SMITH"},{"data":"Deadly Poison","floor":11.0,"key":"SMITH"},{"data":"Neutralize","floor":13.0,"key":"SMITH"},{"data":"Survivor","floor":15.0,"key":"SMITH"},{"data":"MostiFishMod:PoisonShield","floor":23.0,"key":"SMITH"},{"data":"Noxious Fumes","floor":30.0,"key":"SMITH"},{"data":"AT_KneejerkReflex","floor":40.0,"key":"SMITH"},{"data":"MostiFishMod:Dislodge","floor":42.0,"key":"SMITH"},{"data":"Escape Plan","floor":45,"key":"SMITH"},{"data":"Defend_G","floor":49,"key":"SMITH"}],"circlet_count":0,"master_deck":["AscendersBane","Defend_G","Defend_G","Defend_G","Defend_G+1","Survivor+1","Neutralize+1","AT_KneejerkReflex+1","Bouncing Flask+1","Deadly Poison+1","MostiFishMod:PoisonShield+1","Noxious Fumes+1","MostiFishMod:Dislodge+1","Escape Plan+1","AT_KneejerkReflex+1"],"relics":["Ring of the Snake","DaveBox","REME_ComplimentaryCards","ice","AT_ATBox","BionicSphere","NeowsBlessing","SynthV:TestCard","Dota2Spire:HandOfMidas","Medical Kit","Omamori","vexMod:PaidLearning","WingedGreaves","ZombieArmy","FeatherPendant","Dota2Spire:BlackKingBar","AT_ImmortalShieldbow","Replay:Baseball","Ring of Peace","ReplayTheSpireMod:Ring of Collecting","Orichalcum"],"acts_visited":["Exordium","TheCity","TheBeyond"],"potions_floor_usage":[50],"damage_taken":[{"damage":0.0,"enemies":"Cultist","floor":1.0,"turns":1.0},{"damage":0.0,"enemies":"Jaw Worm","floor":2.0,"turns":1.0},{"damage":0.0,"enemies":"2 Louse","floor":4.0,"turns":1.0},{"damage":11.0,"enemies":"Gremlin Nob","floor":6.0,"turns":5.0},{"damage":0.0,"enemies":"Lagavulin","floor":10.0,"turns":6.0},{"damage":1.0,"enemies":"Exordium Wildlife","floor":12.0,"turns":4.0},{"damage":0.0,"enemies":"Hexaghost","floor":16.0,"turns":6.0},{"damage":0.0,"enemies":"Spheric Guardian","floor":18.0,"turns":1.0},{"damage":0.0,"enemies":"Chosen","floor":20.0,"turns":3.0},{"damage":0.0,"enemies":"Snake Plant","floor":22.0,"turns":2.0},{"damage":0.0,"enemies":"Slavers","floor":25.0,"turns":4.0},{"damage":0.0,"enemies":"Sentry and Sphere","floor":28.0,"turns":3.0},{"damage":0.0,"enemies":"conspire:MysteriousRune","floor":33.0,"turns":5.0},{"damage":0.0,"enemies":"3 Darklings","floor":35.0,"turns":3.0},{"damage":0.0,"enemies":"Orb Walker","floor":36.0,"turns":2.0},{"damage":0.0,"enemies":"4 Shapes","floor":38.0,"turns":3.0},{"damage":0.0,"enemies":"Maw","floor":39.0,"turns":5.0},{"damage":0,"enemies":"R_Hoarder","floor":44,"turns":4},{"damage":0,"enemies":"Awakened One","floor":50,"turns":9}],"seed_played":"-827745924446880227","potions_obtained":[{"floor":2.0,"key":"Milkshake"},{"floor":5.0,"key":"Dexterity Potion"},{"floor":5.0,"key":"Energy Potion"},{"floor":12.0,"key":"AttackPotion"},{"floor":20.0,"key":"Fire Potion"},{"floor":22.0,"key":"SpeedPotion"},{"floor":36.0,"key":"Regen Potion"}],"is_trial":false,"path_per_floor":["M","M","?","M","?","E","R","$","T","E","R","M","R","?","R","B",null,"M","?","M","?","M","R","?","E","T","R","M","$","R","?","R","B",null,"M","M","$","M","M","R","?","R","T","E","R","?","?","$","R","B",null],"character_chosen":"THE_SILENT","items_purchased":["Medical Kit","Omamori","vexMod:PaidLearning","Replay:Baseball","Noxious Fumes"],"campfire_rested":0,"item_purchase_floors":[8,8,8,27,29],"current_hp_per_floor":[59,59,48,48,27,66,66,66,66,66,66,65,65,65,65,65,66,66,66,66,66,66,66,66,66,66,66,66,66,66,66,66,66,66,66,66,66,66,66,66,66,66,66,68,68,68,68,68,68,68],"gold":102,"neow_bonus":"THREE_ENEMY_KILL","is_daily":false,"chose_seed":false,"campfire_upgraded":10,"win_rate":0.0,"timestamp":1608782149,"path_taken":["M","M","?","M","?","E","R","$","T","E","R","?","R","?","R","BOSS","M","?","M","?","M","R","?","E","T","R","M","$","R","?","R","BOSS","M","M","$","M","M","R","?","R","T","E","R","?","?","?","R","BOSS"],"items_purchased_type":["Relic","Relic","Relic","Relic","Card"],"build_version":"2020-12-22","purchased_purges":5,"victory":true,"max_hp_per_floor":[66,66,66,66,66,66,66,66,66,66,66,66,66,66,66,66,66,66,66,66,66,66,66,66,66,66,66,66,66,66,66,66,66,66,66,66,66,66,66,66,66,66,66,68,68,68,68,68,68,68],"card_choices":[{"not_picked":["Dagger Throw","Flying Knee","Deflect"],"picked":"SKIP","floor":1.0},{"not_picked":["Hidden Blade","Flying Knee","Bullet Time","Bane"],"picked":"Bouncing Flask","floor":2.0},{"not_picked":["Dodge and Roll","ReplayTheSpireMod:Speed Training","Sucker Punch","Deflect"],"picked":"Deadly Poison","floor":4.0},{"not_picked":["Prepared","Distraction","Hidden Blade","Phantasmal Killer","Bane"],"picked":"SKIP","floor":6.0},{"not_picked":["MostiFishMod:PerfectParry","Leg Sweep","Deflect","Poisoned Stab"],"picked":"Deadly Poison","floor":10.0},{"not_picked":["Underhanded Strike","Outmaneuver","Poisoned Stab","ReplayTheSpireMod:Exploit Weakness","PiercingWail"],"picked":"SKIP","floor":12.0},{"not_picked":["Bane","ReplayTheSpireMod:The Works","Dagger Spray","conspire:DoublingDagger","Sucker Punch"],"picked":"SKIP","floor":18.0},{"not_picked":["MostiFishMod:InvigoratingSolution","AT_TinkerSharpsword","AT_TwilightShroud","Cloak And Dagger","Bane"],"picked":"SKIP","floor":20.0},{"not_picked":["Bane+1","Dash","Blade Dance+1","Sneak Up"],"picked":"MostiFishMod:PoisonShield","floor":22.0},{"not_picked":["Dagger Throw","Hidden Blade","MostiFishMod:PerfectParry","AT_ThistleTea","MostiFishMod:LethalBlade"],"picked":"SKIP","floor":25.0},{"not_picked":["Underhanded Strike","Dagger Spray","Setup","Blur","Outmaneuver"],"picked":"SKIP","floor":28.0},{"not_picked":["aspiration:Lunge","MostiFishMod:WinterMarkForm","ReplayTheSpireMod:Necrosis","Grand Finale"],"picked":"MostiFishMod:Dislodge","floor":33.0},{"not_picked":["Poisoned Stab","Acrobatics","PiercingWail+1","Dodge and Roll+1"],"picked":"Escape Plan","floor":35.0},{"not_picked":["AT_WindFlip","Dodge and Roll","AT_WindRun","Flying Knee","AT_Desolate"],"picked":"SKIP","floor":36.0},{"not_picked":["Bane","Dagger Throw","Slice+1","Fluid Movement+1","conspire:PoisonWeapons+1"],"picked":"SKIP","floor":38.0},{"not_picked":["Prepared","Replay:Poison Smokescreen","Fluid Movement","Sucker Punch"],"picked":"AT_KneejerkReflex","floor":39.0},{"not_picked":["Dash+1","Prepared","Poisoned Stab","Dagger Throw","Calculated Gamble+1"],"picked":"SKIP","floor":44}],"player_experience":740769,"relics_obtained":[{"floor":1.0,"key":"SynthV:TestCard"},{"floor":6.0,"key":"Dota2Spire:HandOfMidas"},{"floor":9.0,"key":"WingedGreaves"},{"floor":10.0,"key":"ZombieArmy"},{"floor":25.0,"key":"Dota2Spire:BlackKingBar"},{"floor":26.0,"key":"AT_ImmortalShieldbow"},{"floor":31.0,"key":"Ring of Peace"},{"floor":31.0,"key":"ReplayTheSpireMod:Ring of Collecting"},{"floor":44,"key":"Orichalcum"}],"event_choices":[{"damage_healed":0.0,"max_hp_gain":0.0,"max_hp_loss":0.0,"gold_gain":75.0,"event_name":"World of Goop","player_choice":"Gather Gold","floor":3.0,"gold_loss":0.0,"damage_taken":11.0},{"cards_removed":["Strike_G"],"damage_healed":0.0,"max_hp_gain":0.0,"max_hp_loss":0.0,"gold_gain":0.0,"event_name":"Back to Basics","player_choice":"Elegance","floor":21.0,"gold_loss":0.0,"damage_taken":0.0},{"damage_healed":0.0,"max_hp_gain":0.0,"max_hp_loss":0.0,"gold_gain":0.0,"event_name":"SensoryStone","player_choice":"Memory 1","floor":41.0,"gold_loss":0.0,"damage_taken":0.0},{"damage_healed":0,"gold_gain":0,"player_choice":"Ignored","damage_taken":0,"max_hp_gain":0,"max_hp_loss":0,"event_name":"Tomb of Lord Red Mask","floor":46,"gold_loss":0},{"cards_removed":["Deadly Poison"],"damage_healed":0,"gold_gain":0,"player_choice":"Removed Skill","damage_taken":0,"max_hp_gain":0,"max_hp_loss":0,"event_name":"Falling","floor":47,"gold_loss":0}],"is_beta":false,"boss_relics":[{"not_picked":["Sozu","REME_LowDesire"],"picked":"FeatherPendant"},{"not_picked":["Replay:Wanted Poster","WristBlade","Busted Crown"]}],"items_purged_floors":[8,8,27,37,48],"is_endless":false,"potions_floor_spawned":[2,6,12,20,22,36,39],"ascension_level":17}}