{"host":"6s2g4ctvxbrgoc4e","time":1608803028,"event":{"mods":["BaseMod","Minty Spire (QoL Compilation)"],"gold_per_floor":[119,137,22,38,38,72,88,121,121,132,132,148,20,20,20,118,118,133,151,151,167,67,93,109,109,109,134,134,2,2,18,18,121,121,131,131,131,142,155,155,180,180,180,197,229,229,0,14,14,14],"floor_reached":51,"playtime":3481,"items_purged":["Normality","Defend_B"],"score":855,"play_id":"ad967a8a-044a-4d84-979a-45dcd6e339bc","local_time":"20201224104348","is_ascension_mode":true,"campfire_choices":[{"floor":11,"key":"REST"},{"floor":15,"key":"REST"},{"data":"Static Discharge","floor":25,"key":"SMITH"},{"data":"Defragment","floor":28,"key":"SMITH"},{"data":"Storm","floor":30,"key":"SMITH"},{"data":"Heatsinks","floor":32,"key":"SMITH"},{"data":"Buffer","floor":40,"key":"SMITH"},{"data":"Defragment","floor":49,"key":"SMITH"}],"circlet_count":0,"master_deck":["Strike_B","Strike_B","Strike_B","Defend_B","Defend_B","Zap","Dualcast+1","Defragment+1","Reinforced Body","Reinforced Body","Hologram","Doom and Gloom","Undo","Glacier","Undo","Capacitor","Dramatic Entrance+1","Electrodynamics","Tempest","Ball Lightning+1","Heatsinks+1","Steam+1","Static Discharge+1","Double Energy+1","Storm+1","Leap+1","Conserve Battery+1","Buffer+1","Barrage+1","All For One","Consume+1","Defragment+1","Lockon+1","Core Surge","Finesse+1","Chaos+1"],"relics":["Cracked Core","Toy Ornithopter","InkBottle","Incense Burner","Bird Faced Urn","Snecko Eye","Dream Catcher","Toxic Egg 2","Nunchaku","Inserter","Du-Vu Doll","Anchor","Bronze Scales","Red Mask"],"acts_visited":["Exordium","TheCity","TheBeyond"],"potions_floor_usage":[8,8,23,45],"damage_taken":[{"damage":1,"enemies":"Cultist","floor":1,"turns":3},{"damage":8,"enemies":"Jaw Worm","floor":2,"turns":4},{"damage":3,"enemies":"Small Slimes","floor":4,"turns":3},{"damage":28,"enemies":"3 Sentries","floor":6,"turns":11},{"damage":13,"enemies":"Gremlin Gang","floor":7,"turns":5},{"damage":8,"enemies":"Lagavulin","floor":8,"turns":8},{"damage":13,"enemies":"Red Slaver","floor":10,"turns":4},{"damage":0,"enemies":"2 Fungi Beasts","floor":12,"turns":6},{"damage":3,"enemies":"The Guardian","floor":16,"turns":11},{"damage":2,"enemies":"Shell Parasite","floor":18,"turns":6},{"damage":7,"enemies":"Chosen","floor":19,"turns":5},{"damage":10,"enemies":"Centurion and Healer","floor":21,"turns":2},{"damage":0,"enemies":"Book of Stabbing","floor":23,"turns":4},{"damage":0,"enemies":"Shelled Parasite and Fungi","floor":24,"turns":8},{"damage":18,"enemies":"Gremlin Leader","floor":27,"turns":6},{"damage":6,"enemies":"Snecko","floor":31,"turns":4},{"damage":57,"enemies":"Champ","floor":33,"turns":9},{"damage":15,"enemies":"3 Darklings","floor":35,"turns":5},{"damage":1,"enemies":"Orb Walker","floor":38,"turns":3},{"damage":9,"enemies":"Transient","floor":39,"turns":5},{"damage":70,"enemies":"Giant Head","floor":41,"turns":8},{"damage":8,"enemies":"Sphere and 2 Shapes","floor":44,"turns":4},{"damage":1,"enemies":"Reptomancer","floor":45,"turns":5},{"damage":0,"enemies":"4 Shapes","floor":48,"turns":3},{"damage":45,"enemies":"Time Eater","floor":50,"turns":5}],"seed_played":"-8587899572631281904","potions_obtained":[{"floor":2,"key":"SpeedPotion"},{"floor":6,"key":"SpeedPotion"},{"floor":7,"key":"PowerPotion"},{"floor":10,"key":"LiquidMemories"},{"floor":12,"key":"PotionOfCapacity"},{"floor":18,"key":"PowerPotion"},{"floor":24,"key":"SteroidPotion"},{"floor":27,"key":"DuplicationPotion"},{"floor":33,"key":"FocusPotion"},{"floor":45,"key":"Dexterity Potion"}],"is_trial":false,"path_per_floor":["M","M","$","M","?","E","M","E","T","M","R","M","$","?","R","B",null,"M","M","?","M","$","E","M","R","T","E","R","$","R","M","R","B",null,"M","?","?","M","M","R","E","?","T","M","E","?","?","M","R","B",null],"character_chosen":"DEFECT","items_purchased":["Reinforced Body","Capacitor","Dramatic Entrance","Storm","Leap+1"],"campfire_rested":2,"item_purchase_floors":[3,13,13,29,29],"current_hp_per_floor":[88,80,80,77,52,24,11,13,13,2,28,30,30,12,38,39,89,89,84,84,76,76,87,89,89,89,77,77,77,77,81,81,34,89,78,78,78,85,78,78,20,74,74,74,74,74,74,74,74,41],"gold":14,"neow_bonus":"TWENTY_PERCENT_HP_BONUS","is_daily":false,"chose_seed":false,"campfire_upgraded":6,"win_rate":0.0,"timestamp":1608803028,"path_taken":["M","M","$","M","?","E","M","E","T","M","R","M","$","?","R","BOSS","M","M","?","M","$","E","?","R","T","E","R","?","R","M","R","BOSS","M","?","?","M","?","R","E","?","T","M","E","?","?","M","R","BOSS"],"items_purchased_type":["Card","Card","Card","Card","Card"],"build_version":"2020-12-22","purchased_purges":2,"victory":true,"max_hp_per_floor":[89,89,89,89,89,89,89,89,89,89,89,89,89,89,89,89,89,89,89,89,89,89,89,89,89,89,89,89,89,89,89,89,89,89,89,85,85,85,85,85,85,74,74,74,74,74,74,74,74,74],"card_choices":[{"not_picked":["Streamline","Auto Shields"],"picked":"Defragment","floor":1},{"not_picked":["Ball Lightning","Steam"],"picked":"Reinforced Body","floor":2},{"not_picked":["Cold Snap","Blizzard","Redo"],"picked":"SKIP","floor":4},{"not_picked":["Gash","Coolheaded"],"picked":"Hologram","floor":6},{"not_picked":["Gash","Compile Driver"],"picked":"Doom and Gloom","floor":7},{"not_picked":["Capacitor","Redo"],"picked":"Undo","floor":8},{"not_picked":["Steam Power","Ball Lightning"],"picked":"Glacier","floor":10},{"not_picked":["Creative AI","Consume"],"picked":"Undo","floor":12},{"not_picked":["All For One","Creative AI"],"picked":"Electrodynamics","floor":16},{"not_picked":["Go for the Eyes","Hologram"],"picked":"Tempest","floor":18},{"not_picked":["Sweeping Beam","Turbo"],"picked":"Ball Lightning+1","floor":19},{"not_picked":["Rip and Tear","Rebound","Aggregate"],"picked":"SKIP","floor":21},{"not_picked":["Loop","Compile Driver"],"picked":"Steam+1","floor":23},{"not_picked":["Glacier","Redo"],"picked":"Static Discharge","floor":24},{"not_picked":["Hologram+1","Streamline"],"picked":"Double Energy+1","floor":27},{"not_picked":["Hologram+1","Reinforced Body+1"],"picked":"Conserve Battery+1","floor":31},{"not_picked":["Seek+1","All For One"],"picked":"Buffer","floor":33},{"not_picked":["Compile Driver+1","Rip and Tear+1"],"picked":"Barrage+1","floor":35},{"not_picked":["Coolheaded+1","Steam Power+1"],"picked":"Consume+1","floor":38},{"not_picked":["Beam Cell+1","Sweeping Beam","Barrage"],"picked":"SKIP","floor":39},{"not_picked":["Beam Cell+1","Turbo+1"],"picked":"Defragment","floor":41},{"not_picked":["Skim+1","Double Energy+1"],"picked":"Lockon+1","floor":44},{"not_picked":["Ball Lightning","Doom and Gloom"],"picked":"Core Surge","floor":45},{"not_picked":["Apotheosis+1","Impatience+1"],"picked":"Finesse+1","floor":46},{"not_picked":["Tempest+1","Go for the Eyes+1"],"picked":"Chaos+1","floor":48}],"player_experience":31009,"relics_obtained":[{"floor":6,"key":"InkBottle"},{"floor":8,"key":"Incense Burner"},{"floor":9,"key":"Bird Faced Urn"},{"floor":23,"key":"Dream Catcher"},{"floor":26,"key":"Toxic Egg 2"},{"floor":27,"key":"Nunchaku"},{"floor":41,"key":"Du-Vu Doll"},{"floor":43,"key":"Anchor"},{"floor":45,"key":"Bronze Scales"}],"event_choices":[{"damage_healed":0,"gold_gain":0,"player_choice":"Success","damage_taken":25,"relics_obtained":["Toy Ornithopter"],"max_hp_gain":0,"max_hp_loss":0,"event_name":"Scrap Ooze","floor":5,"gold_loss":0},{"damage_healed":0,"gold_gain":0,"player_choice":"Entered Light","damage_taken":18,"max_hp_gain":0,"max_hp_loss":0,"event_name":"Shining Light","floor":14,"gold_loss":0,"cards_upgraded":["Dramatic Entrance","Dualcast"]},{"damage_healed":0,"gold_gain":0,"cards_transformed":["Defend_B"],"player_choice":"Transformed","damage_taken":0,"max_hp_gain":0,"max_hp_loss":0,"event_name":"Transmorgrifier","floor":20,"gold_loss":0,"cards_obtained":["Heatsinks"]},{"damage_healed":0,"gold_gain":0,"player_choice":"Max HP","damage_taken":0,"max_hp_gain":0,"max_hp_loss":4,"event_name":"Winding Halls","floor":36,"gold_loss":0},{"damage_healed":0,"gold_gain":0,"cards_transformed":["Strike_B"],"player_choice":"Transformed","damage_taken":0,"max_hp_gain":0,"max_hp_loss":0,"event_name":"Transmorgrifier","floor":37,"gold_loss":0,"cards_obtained":["All For One"]},{"damage_healed":74,"gold_gain":0,"player_choice":"Heal","damage_taken":0,"max_hp_gain":0,"max_hp_loss":11,"event_name":"The Moai Head","floor":42,"gold_loss":0},{"damage_healed":0,"gold_gain":0,"player_choice":"Memory 1","damage_taken":0,"max_hp_gain":0,"max_hp_loss":0,"event_name":"SensoryStone","floor":46,"gold_loss":0},{"damage_healed":0,"gold_gain":0,"player_choice":"Paid","damage_taken":0,"relics_obtained":["Red Mask"],"max_hp_gain":0,"max_hp_loss":0,"event_name":"Tomb of Lord Red Mask","floor":47,"gold_loss":229}],"is_beta":false,"boss_relics":[{"not_picked":["Empty Cage","Coffee Dripper"],"picked":"Snecko Eye"},{"not_picked":["Fusion Hammer","Astrolabe"],"picked":"Inserter"}],"items_purged_floors":[3,22],"is_endless":false,"potions_floor_spawned":[2,6,7,10,12,18,19,24,27,33,44,45],"ascension_level":2}}