{"host":"qxeepl7ydvsgmfdb","time":1608787331,"event":{"mods":["AchievementEnabler","BaseMod","Colored Powertips","Minty Spire (QoL Compilation)","Quick Restart","slay the spire mod where everything is the same but ironclad has a cowboy hat"],"gold_per_floor":[114,114,128,128,46,76,91,108,154,186,41,56,56,331,331,432,432,448,448,9,13,23,23,0,0,0,16,51,51,51],"floor_reached":29,"playtime":897,"items_purged":[],"score":334,"play_id":"1eeac5f0-f0e5-458f-bea3-8f062be1ed5f","local_time":"20201224002211","is_ascension_mode":true,"campfire_choices":[{"data":"Genetic Algorithm","floor":13,"key":"SMITH"},{"data":"Chaos","floor":15,"key":"SMITH"},{"floor":23,"key":"REST"}],"circlet_count":0,"master_deck":["Strike_B","Strike_B","Strike_B","Strike_B","Defend_B","Defend_B","Defend_B","Defend_B","Zap+1","Dualcast+1","Leap","Sweeping Beam","Fusion","Cold Snap","Genetic Algorithm+1","Coolheaded","Loop","Chaos+1","Rainbow","Cold Snap","All For One","Injury","Capacitor"],"relics":["Cracked Core","NeowsBlessing","Eternal Feather","Bag of Marbles","Orichalcum","Pen Nib","Philosopher\u0027s Stone","Turnip","PreservedInsect","Molten Egg 2","Letter Opener"],"acts_visited":["Exordium","TheCity"],"potions_floor_usage":[10,28],"damage_taken":[{"damage":0,"enemies":"Small Slimes","floor":1,"turns":1},{"damage":0,"enemies":"Cultist","floor":3,"turns":1},{"damage":0,"enemies":"Gremlin Nob","floor":6,"turns":1},{"damage":0,"enemies":"2 Louse","floor":7,"turns":3},{"damage":7,"enemies":"Blue Slaver","floor":8,"turns":3},{"damage":15,"enemies":"Lagavulin","floor":10,"turns":5},{"damage":1,"enemies":"Exordium Thugs","floor":12,"turns":5},{"damage":29,"enemies":"The Guardian","floor":16,"turns":12},{"damage":20,"enemies":"Chosen","floor":18,"turns":6},{"damage":0,"enemies":"2 Thieves","floor":21,"turns":4},{"damage":19,"enemies":"Snake Plant","floor":22,"turns":4},{"damage":3,"enemies":"Snecko","floor":27,"turns":5},{"damage":50,"enemies":"Book of Stabbing","floor":28,"turns":6},{"damage":17,"enemies":"3 Cultists","floor":29,"turns":3}],"seed_played":"-8909887929445894141","potions_obtained":[{"floor":1,"key":"SteroidPotion"},{"floor":3,"key":"AttackPotion"},{"floor":12,"key":"Strength Potion"},{"floor":18,"key":"SteroidPotion"},{"floor":27,"key":"Block Potion"}],"is_trial":false,"path_per_floor":["M","?","M","?","$","E","M","M","T","E","$","M","R","?","R","B",null,"M","?","$","M","M","R","?","?","T","M","E","M"],"character_chosen":"DEFECT","items_purchased":["Fusion","Cold Snap","Pen Nib","Turnip","PreservedInsect"],"campfire_rested":1,"item_purchase_floors":[5,5,11,20,20],"current_hp_per_floor":[75,75,75,75,75,75,75,68,68,53,53,52,61,61,70,41,75,55,55,55,55,36,70,70,70,70,67,17,0,0],"gold":51,"neow_bonus":"THREE_ENEMY_KILL","is_daily":false,"chose_seed":false,"campfire_upgraded":2,"win_rate":0.0,"timestamp":1608787331,"path_taken":["M","?","?","?","$","E","M","M","T","E","$","M","R","?","R","BOSS","M","?","?","?","?","R","?","?","T","?","E","M"],"items_purchased_type":["Card","Card","Relic","Relic","Relic"],"build_version":"2020-12-22","purchased_purges":0,"victory":false,"max_hp_per_floor":[75,75,75,75,75,75,75,75,75,75,75,75,75,75,75,75,75,75,75,75,75,75,75,75,75,75,75,75,75,75],"card_choices":[{"not_picked":["Consume","Stack"],"picked":"Leap","floor":1},{"not_picked":["Turbo","Beam Cell"],"picked":"Sweeping Beam","floor":3},{"not_picked":["Static Discharge","Blizzard"],"picked":"Genetic Algorithm","floor":6},{"not_picked":["Beam Cell","Heatsinks"],"picked":"Coolheaded","floor":7},{"not_picked":["Storm","Stack"],"picked":"Loop","floor":8},{"not_picked":["Static Discharge","Sweeping Beam"],"picked":"Chaos","floor":10},{"not_picked":["Multi-Cast","Cold Snap","Heatsinks"],"picked":"SKIP","floor":12},{"not_picked":["Biased Cognition","Creative AI"],"picked":"Rainbow","floor":16},{"not_picked":["Tempest+1","Streamline"],"picked":"Cold Snap","floor":18},{"not_picked":["Rebound+1","Hologram+1","Stack"],"picked":"SKIP","floor":21},{"not_picked":["Multi-Cast","Barrage","Sweeping Beam"],"picked":"SKIP","floor":22},{"not_picked":["Storm+1","Hologram","Turbo"],"picked":"SKIP","floor":27},{"not_picked":["Auto Shields","Turbo"],"picked":"Capacitor","floor":28}],"player_experience":347878,"relics_obtained":[{"floor":6,"key":"Eternal Feather"},{"floor":9,"key":"Bag of Marbles"},{"floor":10,"key":"Orichalcum"},{"floor":26,"key":"Molten Egg 2"},{"floor":28,"key":"Letter Opener"}],"event_choices":[{"damage_healed":0,"gold_gain":0,"player_choice":"Upgraded","damage_taken":0,"max_hp_gain":0,"max_hp_loss":0,"event_name":"Upgrade Shrine","floor":2,"gold_loss":0,"cards_upgraded":["Zap"]},{"damage_healed":0,"gold_gain":0,"player_choice":"Grow","damage_taken":0,"max_hp_gain":0,"max_hp_loss":0,"event_name":"Living Wall","floor":4,"gold_loss":0,"cards_upgraded":["Dualcast"]},{"damage_healed":0,"gold_gain":275,"player_choice":"Desecrate","damage_taken":0,"max_hp_gain":0,"max_hp_loss":0,"event_name":"Golden Shrine","floor":14,"gold_loss":0,"cards_obtained":["Regret"]},{"cards_removed":["Regret"],"damage_healed":0,"gold_gain":0,"player_choice":"Card Removal","damage_taken":0,"max_hp_gain":0,"max_hp_loss":0,"event_name":"Wheel of Change","floor":19,"gold_loss":0},{"damage_healed":0,"gold_gain":0,"player_choice":"Paid Fearfully","damage_taken":0,"max_hp_gain":0,"max_hp_loss":0,"event_name":"Masked Bandits","floor":24,"gold_loss":23},{"damage_healed":0,"gold_gain":0,"player_choice":"2 cards matched","damage_taken":0,"max_hp_gain":0,"max_hp_loss":0,"event_name":"Match and Keep!","floor":25,"gold_loss":0,"cards_obtained":["All For One","Injury"]}],"is_beta":false,"boss_relics":[{"not_picked":["Busted Crown","Ectoplasm"],"picked":"Philosopher\u0027s Stone"}],"items_purged_floors":[],"is_endless":false,"potions_floor_spawned":[1,3,12,18,27],"killed_by":"3 Cultists","ascension_level":4}}