{"host":"q2j4ef1ti78v4imq","time":1608845427,"event":{"mods":["AchievementEnabler","BaseMod","Better Altar","Better Match","Better Note","Better Sensory Stone","Better Skull","Better Third Choice","Block Reminder","Hermit","Minty Spire (QoL Compilation)","Relic Stats","Replay The Spire","Shade Mod","StSLib"],"gold_per_floor":[115,133,133,145,157,157,157],"floor_reached":6,"playtime":351,"items_purged":[],"score":65,"play_id":"03e4f906-7527-412d-a67c-3560047addb7","local_time":"20201224213027","is_ascension_mode":true,"campfire_choices":[],"circlet_count":0,"master_deck":["AscendersBane","Strike_G","Strike_G","Strike_G","Strike_G","Strike_G","Defend_G","Defend_G","Defend_G","Defend_G","Defend_G","Survivor","Neutralize","Dodge and Roll","Quick Slash","Escape Plan"],"relics":["Ring of the Snake","Replay:Kaleidoscope"],"acts_visited":["Exordium"],"potions_floor_usage":[6],"damage_taken":[{"damage":0,"enemies":"2 Louse","floor":1,"turns":3},{"damage":6,"enemies":"Small Slimes","floor":2,"turns":5},{"damage":0,"enemies":"Jaw Worm","floor":4,"turns":6},{"damage":3,"enemies":"Blue Slaver","floor":5,"turns":5},{"damage":67,"enemies":"Lagavulin","floor":6,"turns":12}],"seed_played":"-4910443043753315622","potions_obtained":[{"floor":4,"key":"Ancient Potion"}],"is_trial":false,"path_per_floor":["M","M","?","M","M","E"],"character_chosen":"THE_SILENT","items_purchased":[],"campfire_rested":0,"item_purchase_floors":[],"current_hp_per_floor":[59,53,58,58,55,0,0],"gold":157,"neow_bonus":"ONE_RARE_RELIC","is_daily":false,"chose_seed":false,"campfire_upgraded":0,"win_rate":0.0,"timestamp":1608845427,"path_taken":["M","M","?","M","M","E"],"items_purchased_type":[],"build_version":"2020-12-22","purchased_purges":0,"victory":false,"max_hp_per_floor":[60,60,65,65,65,65,65],"relic_stats":{"counters":[5,31],"obtain_stats":[{"Replay:Kaleidoscope":0,"Ring of the Snake":0},{"Replay:Kaleidoscope":0,"Ring of the Snake":0},{"Replay:Kaleidoscope":0,"Ring of the Snake":0}],"Ring of the Snake":[10]},"card_choices":[{"not_picked":["Underhanded Strike","Draining Mist","All Out Attack"],"picked":"SKIP","floor":1},{"not_picked":["Dagger Throw","Flechettes"],"picked":"Dodge and Roll","floor":2},{"not_picked":["Blade Dance","Dagger Throw"],"picked":"Quick Slash","floor":4},{"not_picked":["Sucker Punch","Flying Knee"],"picked":"Escape Plan","floor":5}],"player_experience":822082,"relics_obtained":[],"event_choices":[{"damage_healed":0,"gold_gain":0,"player_choice":"Donut","damage_taken":0,"max_hp_gain":5,"max_hp_loss":0,"event_name":"Big Fish","floor":3,"gold_loss":0}],"is_beta":false,"boss_relics":[],"items_purged_floors":[],"is_endless":false,"potions_floor_spawned":[4],"killed_by":"Lagavulin","ascension_level":14}}