{"host":"5fasz840ryq7obdf","time":1608850653,"event":{"mods":["AchievementEnabler","BaseMod","Bestiary","Better Altar","Better Skull","Better Third Choice","BetterRewards","Block Reminder","Colored Powertips","Curses Come First","Minty Spire (QoL Compilation)","Quick Restart","Relic Stats","Shop Mod","Spicy Shops","StSLib"],"gold_per_floor":[119,129,5,25,25,64,35,58,135,135,154,154,10,41,41,139,139,162,6,24,24,45,83,83,127,127,160,192,192,234,149,149,248,248,261,290,315,388,415,467,467,570,646,721,813,870,888,971,971,971,971,971,971,0,50,50],"floor_reached":57,"playtime":3846,"items_purged":["Defend_P","Defend_P","Strike_P","Regret","Strike_P+1","Strike_P+1"],"score":4424,"play_id":"0d72ad2e-79fa-4b7f-9228-a3b61b794f13","local_time":"20201224225733","is_ascension_mode":true,"campfire_choices":[{"data":"Eruption","floor":12.0,"key":"SMITH"},{"data":"1","floor":15.0,"key":"LIFT"},{"data":"2","floor":24.0,"key":"LIFT"},{"data":"3","floor":32.0,"key":"LIFT"},{"floor":41.0,"key":"RECALL"},{"floor":49.0,"key":"REST"},{"floor":53.0,"key":"REST"}],"circlet_count":0,"master_deck":["AscendersBane","Strike_P+1","Defend_P+1","Defend_P+1","Eruption+1","Vigilance+1","Scrawl+1","WreathOfFlame+1","MentalFortress+1","EmptyBody+1","Protect+1","Prostrate+1","InnerPeace+1","Ragnarok+1","Crescendo+1","Omniscience+1","Scrawl+1","CrushJoints+1","Prostrate+1","Prostrate+1","LessonLearned+1","LikeWater+1","Consecrate+1","ClearTheMind+1","Establishment+1","Tantrum+1","Prostrate+1","FlurryOfBlows+1","Omniscience+1","Protect+1","TalkToTheHand+1","Master of Strategy+1","Finesse+1","Panache+1","Wish+1","Protect+1","FearNoEvil+1","LikeWater+1","EmptyMind+1","Madness+1","Madness+1","WaveOfTheHand+1","Ragnarok+1","Secret Technique+1","Finesse+1","DeceiveReality+1","MentalFortress+1","Brilliance+1","Halt+1","LikeWater+1"],"relics":["PureWater","Membership Card","Anchor","Meat on the Bone","Damaru","Question Card","Molten Egg 2","Turnip","Happy Flower","Yang","Mummified Hand","Girya","Toxic Egg 2","Ice Cream","Oddly Smooth Stone","Frozen Egg 2","PreservedInsect","Nunchaku","Golden Idol","Lizard Tail","Unceasing Top","Singing Bowl","Boot","Kunai","Whetstone","VioletLotus","Bag of Marbles","Bronze Scales","GoldenEye","CeramicFish","TeardropLocket","Strawberry","SlaversCollar","Incense Burner","Regal Pillow","Eternal Feather","Gremlin Horn","Thread and Needle","Vajra"],"acts_visited":["Exordium","TheCity","TheBeyond","TheEnding"],"potions_floor_usage":[56],"damage_taken":[{"damage":0.0,"enemies":"Cultist","floor":1.0,"turns":3.0},{"damage":0.0,"enemies":"2 Louse","floor":2.0,"turns":1.0},{"damage":0.0,"enemies":"Jaw Worm","floor":4.0,"turns":2.0},{"damage":0.0,"enemies":"3 Sentries","floor":6.0,"turns":2.0},{"damage":0.0,"enemies":"Exordium Wildlife","floor":8.0,"turns":3.0},{"damage":0.0,"enemies":"Large Slime","floor":11.0,"turns":1.0},{"damage":0.0,"enemies":"Lagavulin","floor":14.0,"turns":1.0},{"damage":0.0,"enemies":"Slime Boss","floor":16.0,"turns":2.0},{"damage":0.0,"enemies":"Shell Parasite","floor":18.0,"turns":1.0},{"damage":0.0,"enemies":"2 Thieves","floor":20.0,"turns":1.0},{"damage":0.0,"enemies":"3 Cultists","floor":22.0,"turns":1.0},{"damage":0.0,"enemies":"Slavers","floor":23.0,"turns":2.0},{"damage":0.0,"enemies":"Gremlin Leader","floor":25.0,"turns":1.0},{"damage":1.0,"enemies":"Snake Plant","floor":27.0,"turns":2.0},{"damage":0.0,"enemies":"Sentry and Sphere","floor":28.0,"turns":1.0},{"damage":0.0,"enemies":"Slavers","floor":30.0,"turns":1.0},{"damage":9.0,"enemies":"Automaton","floor":33.0,"turns":3.0},{"damage":0.0,"enemies":"3 Darklings","floor":35.0,"turns":1.0},{"damage":0.0,"enemies":"3 Shapes","floor":36.0,"turns":1.0},{"damage":0.0,"enemies":"Maw","floor":37.0,"turns":1.0},{"damage":0.0,"enemies":"2 Orb Walkers","floor":38.0,"turns":1.0},{"damage":0.0,"enemies":"Giant Head","floor":40.0,"turns":1.0},{"damage":0.0,"enemies":"Nemesis","floor":42.0,"turns":1.0},{"damage":0.0,"enemies":"Giant Head","floor":44.0,"turns":1.0},{"damage":0.0,"enemies":"Sphere and 2 Shapes","floor":45.0,"turns":2.0},{"damage":0.0,"enemies":"4 Shapes","floor":46.0,"turns":1.0},{"damage":0.0,"enemies":"Maw","floor":48.0,"turns":1.0},{"damage":0.0,"enemies":"Time Eater","floor":50.0,"turns":1.0},{"damage":0.0,"enemies":"Donu and Deca","floor":51.0,"turns":2.0},{"damage":0.0,"enemies":"Shield and Spear","floor":55.0,"turns":1.0},{"damage":36,"enemies":"The Heart","floor":56,"turns":6}],"seed_played":"7060688467645041199","potions_obtained":[{"floor":6.0,"key":"BlessingOfTheForge"}],"is_trial":false,"path_per_floor":["M","M","$","M","?","E","$","M","T","?","M","R","$","E","R","B",null,"M","$","M","?","M","E","R","E","T","M","M","?","E","?","R","B",null,"M","M","M","?","?","E","R","E","T","E","M","M","?","M","R","B","B",null,"R","$","E","B",null],"character_chosen":"WATCHER","items_purchased":["Membership Card","Anchor","Meat on the Bone","Damaru","Question Card","Scrawl","Molten Egg 2","Turnip","Happy Flower","Yang","Mummified Hand","Girya","Toxic Egg 2","Ice Cream","Oddly Smooth Stone","Frozen Egg 2","WreathOfFlame+1","MentalFortress+1","PreservedInsect","Nunchaku","EmptyBody+1","Protect+1","Ragnarok+1","Crescendo+1","CrushJoints+1","Unceasing Top","Kunai","Bag of Marbles","Ragnarok+1","Secret Technique+1","Finesse+1","DeceiveReality+1","MentalFortress+1","Thread and Needle","Brilliance+1","Halt+1","AttackPotion"],"campfire_rested":2,"item_purchase_floors":[0,0,0,0,0,0,0,0,0,0,0,0,0,0,0,0,0,0,0,0,0,0,3,3,7,7,13,19,54,54,54,54,54,54,54,54,54],"current_hp_per_floor":[31,43,43,43,43,43,43,43,43,43,45,45,45,45,45,45,59,59,59,59,59,61,61,61,61,61,60,60,60,60,67,67,58,69,71,71,73,73,63,63,63,63,63,63,63,63,49,49,77,77,77,77,77,77,77,41],"gold":50,"neow_bonus":"","is_daily":false,"chose_seed":false,"campfire_upgraded":1,"win_rate":0.0,"timestamp":1608850653,"path_taken":["M","M","$","?","?","E","?","?","T","?","M","R","$","E","R","BOSS","M","$","M","?","M","E","R","E","T","M","M","?","E","?","R","BOSS","M","M","M","?","?","E","R","E","T","E","M","M","?","?","R","BOSS","BOSS","R","$","E","BOSS"],"items_purchased_type":["Relic","Relic","Relic","Relic","Relic","Card","Relic","Relic","Relic","Relic","Relic","Relic","Relic","Relic","Relic","Relic","Card","Card","Relic","Relic","Card","Card","Card","Card","Card","Relic","Relic","Relic","Card","Card","Card","Card","Card","Relic","Card","Card","Potion"],"build_version":"2020-12-22","purchased_purges":6,"victory":true,"max_hp_per_floor":[68,68,68,68,62,62,62,62,62,62,64,64,64,64,64,64,64,64,64,64,64,66,66,66,66,66,66,66,66,66,73,73,73,73,75,75,77,77,77,77,77,77,77,77,77,77,77,77,77,77,77,77,77,77,77,77],"relic_stats":{"Regal Pillow":0,"Happy Flower":[48],"Singing Bowl":34,"Gremlin Horn":[4,4],"counters":[136,402],"Golden Idol":232,"CeramicFish":621,"Yang":[131],"Eternal Feather":29,"PreservedInsect":1613,"Whetstone":["Strike_P","Strike_P"],"Question Card":37,"Boot":[75],"GoldenEye":[84],"Nunchaku":[51],"Lizard Tail":0,"Mummified Hand":[290],"Bronze Scales":[114],"Turnip":[2],"VioletLotus":[76],"Kunai":[40],"obtain_stats":[{"Ice Cream":8,"Tiny House":34,"Calipers":34,"Gremlin Horn":44,"CeramicFish":14,"Spirit Poop":11,"Vajra":37,"Whetstone":37,"Bottled Tornado":6,"Sling":0,"Boot":0,"Blood Vial":3,"Sozu":17,"Centennial Puzzle":37,"Lizard Tail":6,"HornCleat":9,"Sundial":25,"Strawberry":31,"Prayer Wheel":29,"MealTicket":8,"VioletLotus":17,"HandDrill":45,"Kunai":46,"Toxic Egg 2":29,"Girya":0,"betterAltar:BloodRelic":22,"Happy Flower":45,"Blue Candle":25,"Oddly Smooth Stone":0,"Eternal Feather":26,"Pen Nib":14,"Letter Opener":0,"War Paint":34,"Question Card":40,"Akabeko":0,"OrangePellets":54,"SlaversCollar":34,"Shuriken":6,"Bronze Scales":23,"Molten Egg 2":0,"Pandora\u0027s Box":34,"StrikeDummy":8,"Unceasing Top":20,"Meat on the Bone":0,"Darkstone Periapt":34,"Lantern":14,"Regal Pillow":40,"Singing Bowl":23,"Torii":48,"Yang":55,"CloakClasp":0,"Incense Burner":45,"Bag of Preparation":13,"TeardropLocket":0,"Smiling Mask":40,"ClockworkSouvenir":41,"Nunchaku":9,"Dream Catcher":44,"Shovel":12,"Matryoshka":0,"Mummified Hand":0,"Pantograph":6,"Toolbox":0,"WingedGreaves":25,"InkBottle":9,"Potion Belt":0,"Lee\u0027s Waffle":0,"NeowsBlessing":0,"Golden Idol":5,"Damaru":45,"Thread and Needle":54,"The Courier":9,"PreservedInsect":0,"Frozen Egg 2":14,"GoldenEye":42,"White Beast Statue":4,"Mercury Hourglass":26,"Calling Bell":34,"Strange Spoon":41,"Anchor":37,"Ornamental Fan":0,"Bloody Idol":22,"Orrery":0,"Turnip":0,"Bag of Marbles":10,"Art of War":41,"Membership Card":0,"Bottled Lightning":28,"PureWater":0},{"Ice Cream":7,"Tiny House":59,"Calipers":91,"Gremlin Horn":129,"CeramicFish":21,"Spirit Poop":19,"Vajra":33,"Whetstone":33,"Bottled Tornado":76,"Sling":41,"Boot":41,"Blood Vial":11,"Sozu":22,"Centennial Puzzle":33,"Lizard Tail":109,"HornCleat":77,"Sundial":87,"Strawberry":121,"Prayer Wheel":28,"MealTicket":77,"VioletLotus":50,"HandDrill":38,"Kunai":99,"Toxic Egg 2":88,"Girya":105,"betterAltar:BloodRelic":23,"Happy Flower":38,"Blue Candle":55,"Oddly Smooth Stone":9,"Eternal Feather":87,"Pen Nib":21,"Letter Opener":9,"War Paint":91,"Question Card":96,"Akabeko":9,"OrangePellets":70,"SlaversCollar":122,"Shuriken":5,"Bronze Scales":117,"Molten Egg 2":9,"Pandora\u0027s Box":31,"StrikeDummy":18,"Unceasing Top":51,"Meat on the Bone":72,"Darkstone Periapt":91,"Lantern":21,"Regal Pillow":127,"Singing Bowl":24,"Torii":68,"Yang":71,"CloakClasp":9,"Incense Burner":38,"Bag of Preparation":48,"TeardropLocket":12,"Smiling Mask":35,"ClockworkSouvenir":96,"Nunchaku":18,"Dream Catcher":38,"Shovel":8,"Matryoshka":41,"Mummified Hand":9,"Pantograph":17,"Toolbox":41,"WingedGreaves":25,"InkBottle":45,"Potion Belt":72,"Lee\u0027s Waffle":12,"NeowsBlessing":0,"Golden Idol":108,"Damaru":38,"Thread and Needle":134,"The Courier":7,"PreservedInsect":9,"Frozen Egg 2":21,"GoldenEye":65,"White Beast Statue":42,"Mercury Hourglass":25,"Calling Bell":91,"Strange Spoon":96,"Anchor":33,"Ornamental Fan":41,"Bloody Idol":23,"Orrery":72,"Turnip":9,"Bag of Marbles":7,"Art of War":96,"Membership Card":12,"Bottled Lightning":56,"PureWater":0},{"Ice Cream":19,"Tiny House":203,"Calipers":324,"Gremlin Horn":388,"CeramicFish":57,"Spirit Poop":53,"Vajra":113,"Whetstone":113,"Bottled Tornado":271,"Sling":152,"Boot":152,"Blood Vial":31,"Sozu":64,"Centennial Puzzle":113,"Lizard Tail":361,"HornCleat":275,"Sundial":315,"Strawberry":378,"Prayer Wheel":89,"MealTicket":275,"VioletLotus":177,"HandDrill":134,"Kunai":333,"Toxic Egg 2":316,"Girya":353,"betterAltar:BloodRelic":68,"Happy Flower":134,"Blue Candle":191,"Oddly Smooth Stone":26,"Eternal Feather":315,"Pen Nib":57,"Letter Opener":26,"War Paint":324,"Question Card":330,"Akabeko":26,"OrangePellets":243,"SlaversCollar":381,"Shuriken":11,"Bronze Scales":373,"Molten Egg 2":26,"Pandora\u0027s Box":104,"StrikeDummy":51,"Unceasing Top":179,"Meat on the Bone":255,"Darkstone Periapt":324,"Lantern":57,"Regal Pillow":386,"Singing Bowl":73,"Torii":233,"Yang":246,"CloakClasp":26,"Incense Burner":134,"Bag of Preparation":170,"TeardropLocket":34,"Smiling Mask":119,"ClockworkSouvenir":330,"Nunchaku":51,"Dream Catcher":134,"Shovel":25,"Matryoshka":152,"Mummified Hand":26,"Pantograph":49,"Toolbox":152,"WingedGreaves":77,"InkBottle":162,"Potion Belt":255,"Lee\u0027s Waffle":34,"NeowsBlessing":0,"Golden Idol":359,"Damaru":134,"Thread and Needle":395,"The Courier":19,"PreservedInsect":26,"Frozen Egg 2":57,"GoldenEye":221,"White Beast Statue":154,"Mercury Hourglass":77,"Calling Bell":324,"Strange Spoon":330,"Anchor":113,"Ornamental Fan":152,"Bloody Idol":68,"Orrery":255,"Turnip":26,"Bag of Marbles":19,"Art of War":330,"Membership Card":34,"Bottled Lightning":193,"PureWater":0}],"Unceasing Top":[1],"Meat on the Bone":132},"card_choices":[{"not_picked":["FollowUp+1","WaveOfTheHand+1","SashWhip+1"],"picked":"Prostrate+1","floor":1.0},{"not_picked":["Halt+1","BowlingBash+1","Protect+1"],"picked":"InnerPeace+1","floor":2.0},{"not_picked":["ReachHeaven+1","Halt+1","PathToVictory+1"],"picked":"Omniscience+1","floor":4.0},{"not_picked":["Protect+1","FlurryOfBlows+1","JustLucky+1"],"picked":"Scrawl+1","floor":6.0},{"not_picked":["FlurryOfBlows+1","Protect+1","ForeignInfluence+1"],"picked":"Prostrate+1","floor":8.0},{"not_picked":["Swivel+1","SandsOfTime+1","FollowUp+1","Crescendo+1"],"picked":"Singing Bowl","floor":11.0},{"not_picked":["FlurryOfBlows+1","SashWhip+1","InnerPeace+1"],"picked":"Prostrate+1","floor":14.0},{"not_picked":["Alpha+1","Brilliance+1","Blasphemy+1"],"picked":"LessonLearned+1","floor":16.0},{"not_picked":["JustLucky+1","FollowUp+1","EmptyBody+1"],"picked":"LikeWater+1","floor":18.0},{"not_picked":["BowlingBash+1","LessonLearned+1","SashWhip+1"],"picked":"Consecrate+1","floor":20.0},{"not_picked":["Consecrate+1","Nirvana+1","ForeignInfluence+1","PathToVictory+1"],"picked":"Singing Bowl","floor":22.0},{"not_picked":["WindmillStrike+1","MentalFortress+1","Halt+1"],"picked":"ClearTheMind+1","floor":23.0},{"not_picked":["FlyingSleeves+1","Conclude+1","PathToVictory+1"],"picked":"Establishment+1","floor":25.0},{"not_picked":["FlyingSleeves+1","ClearTheMind+1","Pray+1"],"picked":"Tantrum+1","floor":27.0},{"not_picked":["Halt+1","Evaluate+1","Swivel+1"],"picked":"Prostrate+1","floor":28.0},{"not_picked":["Perseverance+1","Consecrate+1","Conclude+1"],"picked":"FlurryOfBlows+1","floor":30.0},{"not_picked":["Vault+1","MasterReality+1","Judgement+1"],"picked":"Omniscience+1","floor":33.0},{"not_picked":["JustLucky+1","Wireheading+1","Weave+1","Evaluate+1"],"picked":"Singing Bowl","floor":35.0},{"not_picked":["EmptyFist+1","Vengeance+1","SashWhip+1"],"picked":"Protect+1","floor":36.0},{"not_picked":["Nirvana+1","PathToVictory+1","Crescendo+1","JustLucky+1"],"picked":"Singing Bowl","floor":37.0},{"not_picked":["FlyingSleeves+1","Protect+1","SashWhip+1"],"picked":"TalkToTheHand+1","floor":38.0},{"not_picked":["Trip+1","Deep Breath+1","Apotheosis+1"],"picked":"Master of Strategy+1","floor":39.0},{"not_picked":["Deep Breath+1","Impatience+1","Panacea+1"],"picked":"Finesse+1","floor":39.0},{"not_picked":["Finesse+1","Madness+1","Flash of Steel+1"],"picked":"Panache+1","floor":39.0},{"not_picked":["Pray+1","CarveReality+1","WreathOfFlame+1"],"picked":"Wish+1","floor":40.0},{"not_picked":["Prostrate+1","BattleHymn+1","EmptyFist+1"],"picked":"Protect+1","floor":42.0},{"not_picked":["JustLucky+1","EmptyFist+1","ReachHeaven+1"],"picked":"FearNoEvil+1","floor":44.0},{"not_picked":["Protect+1","Prostrate+1","ReachHeaven+1"],"picked":"LikeWater+1","floor":45.0},{"not_picked":["Fasting2+1","Study+1","CarveReality+1"],"picked":"EmptyMind+1","floor":46.0},{"not_picked":["Pray+1","CrushJoints+1","ThirdEye+1"],"picked":"WaveOfTheHand+1","floor":48.0},{"not_picked":["ReachHeaven+1","WindmillStrike+1","Fasting2+1"],"picked":"LikeWater+1","floor":55.0}],"player_experience":1056179,"relics_obtained":[{"floor":6.0,"key":"Lizard Tail"},{"floor":9.0,"key":"Singing Bowl"},{"floor":14.0,"key":"Whetstone"},{"floor":23.0,"key":"Bronze Scales"},{"floor":25.0,"key":"GoldenEye"},{"floor":26.0,"key":"CeramicFish"},{"floor":30.0,"key":"TeardropLocket"},{"floor":38.0,"key":"Incense Burner"},{"floor":40.0,"key":"Regal Pillow"},{"floor":42.0,"key":"Eternal Feather"},{"floor":44.0,"key":"Gremlin Horn"},{"floor":55.0,"key":"Vajra"}],"event_choices":[{"damage_healed":0.0,"max_hp_gain":0.0,"max_hp_loss":6.0,"gold_gain":0.0,"event_name":"Golden Idol","player_choice":"Lose Max HP","floor":5.0,"gold_loss":0.0,"damage_taken":0.0,"relics_obtained":["Golden Idol"]},{"damage_healed":0.0,"max_hp_gain":0.0,"max_hp_loss":0.0,"gold_gain":0.0,"event_name":"Big Fish","player_choice":"Box","floor":10.0,"gold_loss":0.0,"damage_taken":0.0,"relics_obtained":["Boot"],"cards_obtained":["Regret"]},{"damage_healed":0.0,"max_hp_gain":0.0,"max_hp_loss":0.0,"gold_gain":0.0,"event_name":"Vampires","player_choice":"Ignored","floor":21.0,"gold_loss":0.0,"damage_taken":0.0},{"damage_healed":0.0,"max_hp_gain":0.0,"max_hp_loss":0.0,"gold_gain":0.0,"event_name":"Ghosts","player_choice":"Ignored","floor":29.0,"gold_loss":0.0,"damage_taken":0.0},{"damage_healed":0.0,"max_hp_gain":0.0,"max_hp_loss":0.0,"gold_gain":0.0,"event_name":"Addict","player_choice":"Obtained Relic","floor":31.0,"gold_loss":85.0,"damage_taken":0.0,"relics_obtained":["Strawberry"]},{"damage_healed":0.0,"max_hp_gain":0.0,"max_hp_loss":0.0,"gold_gain":0.0,"event_name":"Mysterious Sphere","player_choice":"Fight","floor":38.0,"gold_loss":0.0,"damage_taken":0.0},{"damage_healed":0.0,"max_hp_gain":0.0,"max_hp_loss":0.0,"gold_gain":0.0,"event_name":"SensoryStone","player_choice":"Memory 3","floor":39.0,"gold_loss":0.0,"damage_taken":10.0},{"damage_healed":0.0,"max_hp_gain":0.0,"max_hp_loss":0.0,"gold_gain":0.0,"event_name":"Winding Halls","player_choice":"Embrace Madness","floor":47.0,"gold_loss":0.0,"damage_taken":14.0,"cards_obtained":["Madness","Madness"]}],"is_beta":false,"boss_relics":[{"not_picked":["Fusion Hammer","Runic Pyramid"],"picked":"VioletLotus"},{"not_picked":["Busted Crown","Runic Dome"],"picked":"SlaversCollar"}],"items_purged_floors":[0,0,0,19,54,54],"is_endless":false,"potions_floor_spawned":[6,8,14,18,23,25,28,36,37,38,42],"ascension_level":20}}