{"host":"kp4tr2axom6fx3yl","time":1608792924,"event":{"mods":["2.2 Compatiblity","Act Like it!","BaseMod","Conspire","Friendly Minions","Mimic Mod","Minty Spire (QoL Compilation)","Reworked Bosses","StSLib","The Florist","Wandering Minibosses"],"gold_per_floor":[112,129,29,40,58,86,100,100,100,100,117,143,143,154,154,254,254,267,310,329,355,355,355,355,355],"floor_reached":24,"playtime":3522,"items_purged":[],"score":208,"play_id":"8f03531f-2ad8-463a-80e4-562e40f782a5","local_time":"20201223225524","is_ascension_mode":false,"campfire_choices":[{"floor":8,"key":"RECALL"},{"data":"Agrypnos:Fertilize","floor":10,"key":"SMITH"},{"floor":15,"key":"REST"},{"floor":23,"key":"REST"}],"circlet_count":0,"master_deck":["Agrypnos:BasicStrike","Agrypnos:BasicStrike","Agrypnos:BasicStrike","Agrypnos:BasicDefend","Agrypnos:BasicDefend","Agrypnos:BasicDefend","Agrypnos:BasicDefend","Agrypnos:Dandelion","Agrypnos:Trowel","Agrypnos:Nightshade","Agrypnos:FloralScent","Ghostly","Agrypnos:Wolfsbane","Agrypnos:Fertilize+1","Agrypnos:CombTheEarth","Agrypnos:Shell","Agrypnos:Hoe","Agrypnos:Harvest","Agrypnos:Rake","Agrypnos:Wolffia","Agrypnos:ViolentBloom+1","Agrypnos:Composting","Agrypnos:Carnation"],"relics":["Agrypnos:Floristry","Regal Pillow","Bottled Tornado","conspire:SeveredTorchhead","conspire:DecoderRing","Red Mask"],"acts_visited":["Exordium","TheCity"],"potions_floor_usage":[11,20,21,21,21,21],"damage_taken":[{"damage":0,"enemies":"conspire:RoseBush","floor":1,"turns":4},{"damage":1,"enemies":"Jaw Worm","floor":2,"turns":4},{"damage":0,"enemies":"2 Louse","floor":4,"turns":4},{"damage":0,"enemies":"2 Fungi Beasts","floor":5,"turns":5},{"damage":17,"enemies":"Lagavulin","floor":6,"turns":10},{"damage":7,"enemies":"Looter","floor":7,"turns":3},{"damage":2,"enemies":"Large Slime","floor":11,"turns":10},{"damage":22,"enemies":"Gremlin Nob","floor":12,"turns":6},{"damage":0,"enemies":"2 Fungi Beasts","floor":14,"turns":4},{"damage":12,"enemies":"The Guardian","floor":16,"turns":11},{"damage":0,"enemies":"Spheric Guardian","floor":18,"turns":3},{"damage":12,"enemies":"conspire:MimicChest","floor":19,"turns":8},{"damage":6,"enemies":"Chosen","floor":20,"turns":5},{"damage":52,"enemies":"Masked Bandits","floor":21,"turns":7},{"damage":48,"enemies":"Slavers","floor":24,"turns":4}],"seed_played":"1811837256642704164","potions_obtained":[{"floor":1,"key":"Energy Potion"},{"floor":5,"key":"Energy Potion"},{"floor":12,"key":"FearPotion"},{"floor":14,"key":"CultistPotion"},{"floor":16,"key":"DistilledChaos"},{"floor":18,"key":"EntropicBrew"}],"is_trial":false,"path_per_floor":["M","M","?","M","M","E","M","R","T","R","M","E","?","M","R","B",null,"M","?","M","?","?","R","E"],"character_chosen":"THE_FLORIST","items_purchased":[],"campfire_rested":2,"item_purchase_floors":[],"current_hp_per_floor":[77,76,76,76,76,59,52,52,52,52,50,28,28,28,66,54,77,77,65,59,7,7,45,0,0],"gold":355,"neow_bonus":"TEN_PERCENT_HP_BONUS","is_daily":false,"chose_seed":false,"campfire_upgraded":1,"win_rate":0.0,"timestamp":1608792924,"path_taken":["M","M","?","M","M","E","M","R","T","R","M","E","?","M","R","BOSS","M","?","M","?","?","R","E"],"items_purchased_type":[],"build_version":"2020-12-22","purchased_purges":0,"victory":false,"max_hp_per_floor":[77,77,77,77,77,77,77,77,77,77,77,77,77,77,77,77,77,77,77,77,77,77,77,77,77],"card_choices":[{"not_picked":["Agrypnos:MortarAndPestle","Agrypnos:Shell"],"picked":"Agrypnos:Nightshade","floor":1},{"not_picked":["Agrypnos:Rot","Agrypnos:Watering"],"picked":"Agrypnos:FloralScent","floor":2},{"not_picked":["Agrypnos:Tumbleweed","Agrypnos:Till"],"picked":"Agrypnos:Wolfsbane","floor":4},{"not_picked":["Agrypnos:Tumbleweed","Agrypnos:Rose"],"picked":"Agrypnos:Fertilize","floor":5},{"not_picked":["Agrypnos:Watering","Agrypnos:Rue"],"picked":"Agrypnos:CombTheEarth","floor":6},{"not_picked":["Agrypnos:Watering","Agrypnos:Restock"],"picked":"Agrypnos:Shell","floor":7},{"not_picked":["Agrypnos:Watering","Agrypnos:Rot"],"picked":"Agrypnos:Hoe","floor":11},{"not_picked":["Agrypnos:FloralScent","Agrypnos:Orchid"],"picked":"Agrypnos:Harvest","floor":12},{"not_picked":["Agrypnos:Nightshade","Agrypnos:FloralScent"],"picked":"Agrypnos:Rake","floor":14},{"not_picked":["Agrypnos:SunZenith","Agrypnos:MorningSun"],"picked":"Agrypnos:Wolffia","floor":16},{"not_picked":["Agrypnos:FloralScent","Agrypnos:Hoe"],"picked":"Agrypnos:ViolentBloom+1","floor":18},{"not_picked":["Agrypnos:Cattail","Agrypnos:Wolfsbane"],"picked":"Agrypnos:Composting","floor":20},{"not_picked":["Agrypnos:Wolfsbane+1","Agrypnos:Replanting"],"picked":"Agrypnos:Carnation","floor":21}],"player_experience":550757,"relics_obtained":[{"floor":6,"key":"Regal Pillow"},{"floor":12,"key":"Bottled Tornado"},{"floor":19,"key":"conspire:DecoderRing"},{"floor":21,"key":"Red Mask"}],"event_choices":[{"damage_healed":0,"gold_gain":0,"player_choice":"Argue","damage_taken":0,"max_hp_gain":0,"max_hp_loss":0,"event_name":"conspire:LoneGhost","floor":3,"gold_loss":0},{"damage_healed":0,"gold_gain":0,"player_choice":"Leave","damage_taken":0,"max_hp_gain":0,"max_hp_loss":0,"event_name":"conspire:Investor","floor":13,"gold_loss":0},{"damage_healed":0,"gold_gain":0,"player_choice":"Fought Bandits","damage_taken":0,"max_hp_gain":0,"max_hp_loss":0,"event_name":"Masked Bandits","floor":21,"gold_loss":0},{"cards_removed":["Agrypnos:BasicStrike"],"damage_healed":0,"gold_gain":0,"player_choice":"Elegance","damage_taken":0,"max_hp_gain":0,"max_hp_loss":0,"event_name":"Back to Basics","floor":22,"gold_loss":0}],"is_beta":false,"boss_relics":[{"not_picked":["Velvet Choker","Astrolabe"],"picked":"conspire:SeveredTorchhead"}],"items_purged_floors":[],"is_endless":false,"potions_floor_spawned":[1,5,12,14,16,18],"killed_by":"Slavers","ascension_level":0}}