{"host":"d7b3eqpbli5gspou","time":1608849727,"event":{"mods":["2.2 Compatiblity","BaseMod","Colored Map","Colored Powertips","Downfall","Minty Spire (QoL Compilation)","Quick Restart","Random Character Button","Random Character Mod","Relic Sorter","StSLib"],"gold_per_floor":[199,211,211,221,221,251,251,135,161,109,129,159,171,188,199,199,199,199],"floor_reached":16,"playtime":1195,"items_purged":["Regret"],"score":137,"play_id":"ba03897e-0102-4797-965d-e6c2fc7c8e18","local_time":"20201224174207","is_ascension_mode":false,"campfire_choices":[{"data":"Slimebound:Split","floor":1,"key":"SMITH"}],"circlet_count":0,"master_deck":["Slimebound:Strike_Slimebound+1","Slimebound:Strike_Slimebound","Slimebound:Strike_Slimebound","Slimebound:Tackle+1","Slimebound:Defend_Slimebound","Slimebound:Defend_Slimebound","Slimebound:Defend_Slimebound","Slimebound:Defend_Slimebound+1","Slimebound:Split+1","Slimebound:CorrosiveSpit","Slimebound:PressTheAttack","Slimebound:GrowthPunch","Slimebound:RainOfGoop","Slimebound:FinishingTackle","Slimebound:LeechEnergy","Slimebound:MassFeed","Slimebound:SpikyOuterGoop","Slimebound:Gluttony","Slimebound:LeechingTouch","Slimebound:RollThrough"],"relics":["Slimebound:AbsorbEndCombat","Dream Catcher","MealTicket","Bag of Marbles","Strawberry"],"acts_visited":["Exordium"],"potions_floor_usage":[12,13,15,16],"damage_taken":[{"damage":11,"enemies":"Jaw Worm","floor":2,"turns":3},{"damage":9,"enemies":"2 Louse","floor":4,"turns":3},{"damage":39,"enemies":"Gremlin Nob","floor":6,"turns":4},{"damage":14,"enemies":"downfall:FleeingMerchant","floor":8,"turns":4},{"damage":29,"enemies":"downfall:FleeingMerchant","floor":10,"turns":4},{"damage":3,"enemies":"Small Slimes","floor":11,"turns":1},{"damage":34,"enemies":"3 Sentries","floor":12,"turns":8},{"damage":18,"enemies":"Exordium Thugs","floor":13,"turns":4},{"damage":14,"enemies":"3 Louse","floor":14,"turns":3},{"damage":15,"enemies":"Blue Slaver","floor":15,"turns":3},{"damage":45,"enemies":"downfall:Defect","floor":16,"turns":5}],"seed_played":"3454492631694218246","potions_obtained":[{"floor":2,"key":"Dexterity Potion"},{"floor":4,"key":"GamblersBrew"},{"floor":12,"key":"SpeedPotion"},{"floor":13,"key":"hexamod:EctoCoolerPotion"},{"floor":15,"key":"Fruit Juice"}],"is_trial":false,"path_per_floor":["R","M","?","M","?","E","T","$","T","$","M","E","M","M","M","B"],"character_chosen":"SLIMEBOUND","items_purchased":["Slimebound:LeechEnergy","Slimebound:SpikyOuterGoop"],"campfire_rested":0,"item_purchase_floors":[8,10],"current_hp_per_floor":[60,60,60,59,64,34,34,49,49,49,52,43,34,33,33,0,0,0],"gold":199,"neow_bonus":"HUNDRED_GOLD","is_daily":false,"chose_seed":false,"campfire_upgraded":1,"win_rate":0.0,"timestamp":1608849727,"path_taken":["R","M","?","M","?","E","T","?","?","$","M","E","?","M","M","BOSS"],"items_purchased_type":["Card","Card"],"build_version":"2020-12-22","purchased_purges":1,"victory":false,"max_hp_per_floor":[60,60,60,60,65,65,65,65,65,65,71,78,81,84,89,89,89,89],"card_choices":[{"not_picked":["Slimebound:DisruptingSlam","Slimebound:GoopSpray"],"picked":"Slimebound:PressTheAttack","floor":2},{"not_picked":["Slimebound:PressTheAttack","Slimebound:SlimeSpikes"],"picked":"Slimebound:GrowthPunch","floor":4},{"not_picked":["Slimebound:TongueLash","Slimebound:SplitAcid"],"picked":"Slimebound:RainOfGoop","floor":6},{"not_picked":["Slimebound:ViciousTackle","Slimebound:GoopTackle"],"picked":"Slimebound:FinishingTackle","floor":8},{"not_picked":["Slimebound:Equalize","Slimebound:SplitBruiser"],"picked":"Slimebound:MassFeed","floor":10},{"not_picked":["Slimebound:GrowthPunch","Slimebound:SplitAcid","Slimebound:SlimeSpikes"],"picked":"SKIP","floor":11},{"not_picked":["Slimebound:SamplingLick","Slimebound:GoopSpray","Slimebound:LeechLife"],"picked":"SKIP","floor":12},{"not_picked":["Slimebound:GrowthPunch","Slimebound:Schlurp"],"picked":"Slimebound:Gluttony","floor":13},{"not_picked":["Slimebound:SplitBruiser","Slimebound:GrowthPunch"],"picked":"Slimebound:LeechingTouch","floor":14},{"not_picked":["Slimebound:SplitMire","Slimebound:SplitBruiser"],"picked":"Slimebound:RollThrough","floor":15}],"player_experience":53921,"relics_obtained":[{"floor":6,"key":"Dream Catcher"},{"floor":7,"key":"MealTicket"},{"floor":9,"key":"Bag of Marbles"},{"floor":12,"key":"Strawberry"}],"event_choices":[{"damage_healed":0,"gold_gain":0,"player_choice":"Donut","damage_taken":0,"max_hp_gain":5,"max_hp_loss":0,"event_name":"Big Fish","floor":5,"gold_loss":0}],"is_beta":false,"boss_relics":[],"items_purged_floors":[8],"is_endless":false,"potions_floor_spawned":[2,4,12,13,15],"killed_by":"downfall:Defect","ascension_level":0}}