{"host":"ejwrda5cjllq8zfn","time":1608821769,"event":{"mods":["2.2 Compatiblity","Act Like it!","Astrologer","BaseMod","Challenge The Spire","Colored Map","Colored Powertips","Defuse TimeMaze Blight","Energized Spire","Hermit","Highlight Path","Hubris","Infinite Spire","Lobotomy","Mad Scientist","Marisa????????","Minty Spire (QoL Compilation)","Random Character Button","Replay The Spire","StSLib","SuperFastMode","The Bladedancer","The Cursed","The Gatherer","The Jungle","The Mystic","The Spell Scribe","Unceasing Turn Reminder","vexMod"],"gold_per_floor":[114,114,35621,35621,35253,35253,35285,35285,35285,35296,35330,35330,35330,35347,35347,35450,35450,35468,35468,35484,35484,35497,35497,35516,35391,35391,35391,35391],"floor_reached":27,"playtime":1029,"items_purged":["hermit:Strike_Hermit","hermit:Defend_Hermit","hermit:Strike_Hermit"],"score":319,"play_id":"eddb257e-f6ab-42d3-a0ce-c73f349c63af","local_time":"20201224155609","is_ascension_mode":false,"campfire_choices":[{"data":"hermit:CalledShot","floor":6,"key":"SMITH"},{"floor":8,"key":"REST"},{"data":"hermit:BigShot","floor":12,"key":"SMITH"},{"data":"hermit:EyeOfTheStorm","floor":15,"key":"SMITH"},{"floor":23,"key":"REST"}],"circlet_count":0,"master_deck":["hermit:Strike_Hermit","hermit:Strike_Hermit","hermit:Defend_Hermit","hermit:Defend_Hermit","hermit:Defend_Hermit","hermit:Snapshot","hermit:Covet","hermit:CalledShot+1","FairyFestival","hermit:GoldenBullet","hermit:TakeAim","hermit:Deadeye","hermit:BigShot+1","Scarecrow","hermit:EyeOfTheStorm+1","CherryBlossoms","BigBird","hermit:Roughhouse","GalaxyChild","MHz","hermit:ItchyTrigger","Scorched","VoidDream","hermit:Headshot+1","NakedNest","BlueStar"],"relics":["hermit:Momento","CogitoBucket","Pen Nib","hubris:OldNail","vexMod:Spyglass","Boot","hubris:TenFootPole","Bag of Marbles","Bag of Preparation","Philosopher\u0027s Stone","ChangeAnything","Shovel"],"acts_visited":["Exordium","Exordium"],"potions_floor_usage":[11,22,25],"damage_taken":[{"damage":6,"enemies":"Jaw Worm","floor":1,"turns":3},{"damage":40,"enemies":"Lagavulin","floor":7,"turns":8},{"damage":6,"enemies":"Cultist","floor":10,"turns":3},{"damage":0,"enemies":"Gremlin Nob","floor":11,"turns":2},{"damage":0,"enemies":"2 Louse","floor":14,"turns":1},{"damage":88,"enemies":"Fading Forest","floor":16,"turns":11},{"damage":68,"enemies":"theJungle:GiantWrat","floor":18,"turns":4},{"damage":9,"enemies":"theJungle:MUSHROOMGANG","floor":20,"turns":2},{"damage":7,"enemies":"theJungle:Lyon","floor":22,"turns":3},{"damage":30,"enemies":"theJungle:2_Snecko_Cultists","floor":24,"turns":2}],"seed_played":"-2575428558820985554","potions_obtained":[{"floor":7,"key":"BlessingOfTheForge"},{"floor":14,"key":"Strength Potion"},{"floor":20,"key":"ColorlessPotion"},{"floor":24,"key":"Fruit Juice"}],"is_trial":false,"path_per_floor":["M","?","$","?","$","R","E","R","T","M","E","R","?","M","R","B",null,"M","AVR","M","?","M","R","M","$","T","M"],"character_chosen":"HERMIT","items_purchased":["hubris:OldNail","vexMod:Spyglass","hermit:GoldenBullet","BlessingOfTheForge","hermit:TakeAim","hermit:Deadeye","Boot"],"campfire_rested":2,"item_purchase_floors":[3,3,3,3,5,5,5],"current_hp_per_floor":[69,66,66,66,66,66,29,51,51,51,57,57,57,61,61,4,75,15,15,6,16,17,39,9,14,14,0,0],"gold":35391,"neow_bonus":"","is_daily":false,"chose_seed":false,"campfire_upgraded":3,"win_rate":0.0,"timestamp":1608821769,"path_taken":["M","?","$","?","$","R","E","R","T","M","E","R","?","?","R","BOSS","M","AVR","M","?","M","R","M","$","T","M"],"items_purchased_type":["Relic","Relic","Card","Potion","Card","Card","Relic"],"build_version":"2020-12-22","purchased_purges":3,"victory":false,"max_hp_per_floor":[75,75,75,75,75,75,75,75,75,75,75,75,75,75,75,75,75,75,75,75,75,75,75,75,80,80,80,80],"card_choices":[{"not_picked":["hermit:Shortfuse","hermit:Misfire"],"picked":"hermit:CalledShot","floor":1},{"not_picked":["CrumblingArmor","ShyLook"],"picked":"FairyFestival","floor":1},{"not_picked":["hermit:SprayPray","hermit:LowProfile"],"picked":"hermit:BigShot","floor":7},{"not_picked":["HappyTeddy","MeatLantern"],"picked":"Scarecrow","floor":7},{"not_picked":["hermit:Misfire","hermit:CalledShot"],"picked":"hermit:EyeOfTheStorm","floor":10},{"not_picked":["PunishingBird","WallGazer"],"picked":"CherryBlossoms","floor":10},{"not_picked":["OldLady","Rudolta"],"picked":"BigBird","floor":11},{"not_picked":["hermit:LoneWolf","hermit:Showdown","hermit:BodyArmor"],"picked":"SKIP","floor":11},{"not_picked":["hermit:Feint","hermit:SprayPray"],"picked":"hermit:Roughhouse","floor":14},{"not_picked":["OldLady","Bloodbath"],"picked":"GalaxyChild","floor":14},{"not_picked":["UniverseFragment","QueenBee"],"picked":"MHz","floor":16},{"not_picked":["hermit:Manifest","hermit:SprayPray"],"picked":"hermit:ItchyTrigger","floor":18},{"not_picked":["Wellcheers","OSAHOGD"],"picked":"Scorched","floor":18},{"not_picked":["GreedKing","Mercenary"],"picked":"VoidDream","floor":20},{"not_picked":["hermit:Brawl+1","hermit:Horror","hermit:HighCaliber"],"picked":"SKIP","floor":20},{"not_picked":["hermit:Misfire","hermit:Malice+1"],"picked":"hermit:Headshot+1","floor":22},{"not_picked":["SilentOrchestra","DreamingCurrent"],"picked":"NakedNest","floor":22},{"not_picked":["HeroicMonk","OSAHOGD"],"picked":"BlueStar","floor":24},{"not_picked":["hermit:HighCaliber+1","hermit:Virtue+1","hermit:ShadowCloak"],"picked":"SKIP","floor":24}],"player_experience":168896,"relics_obtained":[{"floor":7,"key":"hubris:TenFootPole"},{"floor":9,"key":"Bag of Marbles"},{"floor":11,"key":"Bag of Preparation"},{"floor":26,"key":"Shovel"}],"event_choices":[{"damage_healed":0,"gold_gain":0,"player_choice":"Success","damage_taken":3,"relics_obtained":["Pen Nib"],"max_hp_gain":0,"max_hp_loss":0,"event_name":"Scrap Ooze","floor":2,"gold_loss":0}],"is_beta":false,"boss_relics":[{"not_picked":["energizedSpire:SpiderWeb","hubris:CrackedHourglass"],"picked":"Philosopher\u0027s Stone"}],"items_purged_floors":[3,5,25],"is_endless":false,"potions_floor_spawned":[7,14,20,24],"killed_by":"theJungle:SlimyTreeVines","ascension_level":0}}