{"host":"qwv9nni2x0umspiu","time":1608786946,"event":{"mods":["BaseMod","Downfall","Minty Spire (QoL Compilation)","Replay The Spire","StSLib","The Hierophant","Wandering Minibosses"],"gold_per_floor":[112,112,54,72,72,72,102,102,102,120,120,120,108,128,128,58,58],"floor_reached":16,"playtime":418,"items_purged":[],"score":250,"play_id":"6576cbe1-7c03-4ecf-b052-bedad4a284f2","local_time":"20201223211546","is_ascension_mode":true,"campfire_choices":[{"data":"hierophant:Punish","floor":6,"key":"SMITH"},{"data":"hierophant:Community","floor":11,"key":"SMITH"},{"data":"hierophant:Shelter","floor":15,"key":"SMITH"}],"circlet_count":0,"master_deck":["AscendersBane","hierophant:Strike_Hierophant","hierophant:Strike_Hierophant","hierophant:Strike_Hierophant","hierophant:Strike_Hierophant","hierophant:Punish+1","hierophant:Defend_Hierophant","hierophant:Defend_Hierophant","hierophant:Defend_Hierophant","hierophant:ChurchCoffers+1","hierophant:Community+1","hierophant:Shelter+1"],"relics":["hierophant:PropheticMaskRelic","NeowsBlessing","Tiny Chest","Calipers","Bronze Scales"],"acts_visited":["Exordium"],"potions_floor_usage":[16],"damage_taken":[{"damage":0,"enemies":"Jaw Worm","floor":1,"turns":1},{"damage":0,"enemies":"2 Louse","floor":4,"turns":2},{"damage":0,"enemies":"3 Sentries","floor":7,"turns":2},{"damage":0,"enemies":"Small Slimes","floor":10,"turns":2},{"damage":11,"enemies":"Looter","floor":13,"turns":2},{"damage":9,"enemies":"3 Louse","floor":14,"turns":2},{"damage":50,"enemies":"Slime Boss","floor":16,"turns":11}],"seed_played":"-2044215938244471440","potions_obtained":[{"floor":10,"key":"Regen Potion"}],"is_trial":false,"path_per_floor":["M","?","$","M","?","R","E","?","T","M","R","T","M","M","R","B"],"character_chosen":"HIEROPHANT","items_purchased":["hierophant:Shelter"],"campfire_rested":0,"item_purchase_floors":[3],"current_hp_per_floor":[68,68,68,68,68,68,68,68,68,68,68,68,57,48,48,13,13],"gold":58,"neow_bonus":"THREE_ENEMY_KILL","is_daily":false,"chose_seed":false,"campfire_upgraded":3,"win_rate":0.0,"timestamp":1608786946,"path_taken":["M","?","$","M","?","R","E","?","T","M","R","?","M","M","R","BOSS"],"items_purchased_type":["Card"],"build_version":"2020-12-22","purchased_purges":0,"victory":false,"max_hp_per_floor":[75,75,75,75,75,75,75,75,75,75,75,75,75,75,75,75,75],"card_choices":[{"not_picked":["hierophant:OrnateBuckler","hierophant:HammerAndAnvil"],"picked":"hierophant:Community","floor":1},{"not_picked":["hierophant:ThreeLashes","hierophant:Dazzle","hierophant:PassingBell"],"picked":"SKIP","floor":4},{"not_picked":["hierophant:Encroach","hierophant:MorningPrayer","hierophant:AuricBeam"],"picked":"SKIP","floor":7},{"not_picked":["hierophant:MirrorShield","hierophant:CoinFling","hierophant:AuricBeam"],"picked":"SKIP","floor":10},{"not_picked":["hierophant:Glossolalia","hierophant:Doomsaying","hierophant:AuricShield"],"picked":"SKIP","floor":13},{"not_picked":["hierophant:OrnateJavelin","hierophant:Patience","hierophant:Doomsaying"],"picked":"SKIP","floor":14}],"player_experience":1297286,"relics_obtained":[{"floor":7,"key":"Tiny Chest"},{"floor":9,"key":"Calipers"},{"floor":12,"key":"Bronze Scales"}],"event_choices":[{"damage_healed":0,"gold_gain":0,"player_choice":"Grow","damage_taken":0,"max_hp_gain":0,"max_hp_loss":0,"event_name":"Living Wall","floor":2,"gold_loss":0,"cards_upgraded":["hierophant:ChurchCoffers"]},{"damage_healed":0,"gold_gain":0,"player_choice":"Ignored","damage_taken":0,"max_hp_gain":0,"max_hp_loss":0,"event_name":"Liars Game","floor":8,"gold_loss":0}],"is_beta":false,"boss_relics":[],"items_purged_floors":[],"is_endless":false,"potions_floor_spawned":[10],"killed_by":"Slime Boss","ascension_level":20}}