{"host":"ci7ivtocgfxh0ueo","time":1608848295,"event":{"mods":["BaseMod","GifTheSpireLib","Minty Spire (QoL Compilation)","StSLib"],"gold_per_floor":[109,184,184,184,33,60,60,60,60,86,108,120,144,166,178,263,275,299,101,101,101,113,113,130,130,154,154,154],"floor_reached":27,"playtime":592,"items_purged":[],"score":437,"play_id":"e46655ec-b94b-4493-ae9d-fa0d5f7ce53e","local_time":"20201225061815","is_ascension_mode":true,"campfire_choices":[{"floor":15,"key":"REST"},{"floor":23,"key":"REST"},{"floor":25,"key":"REST"}],"circlet_count":0,"master_deck":["AscendersBane","Strike_G","Strike_G","Strike_G","Strike_G","Strike_G","Defend_G","Defend_G","Defend_G+1","Defend_G","Defend_G","Survivor","Neutralize","Heel Hook","Eviscerate","Caltrops","Setup","Bullet Time+1","Crippling Poison","Escape Plan","Corpse Explosion","Acrobatics","Panache","Escape Plan","Eviscerate+1","Terror"],"relics":["Ring of the Snake","NeowsBlessing","White Beast Statue","Happy Flower","MawBank","SlaversCollar","Potion Belt"],"acts_visited":["Exordium","TheCity"],"potions_floor_usage":[16,22,27],"damage_taken":[{"damage":0,"enemies":"Small Slimes","floor":1,"turns":1},{"damage":0,"enemies":"Gremlin Nob","floor":6,"turns":1},{"damage":0,"enemies":"Jaw Worm","floor":10,"turns":1},{"damage":1,"enemies":"Cultist","floor":11,"turns":4},{"damage":0,"enemies":"2 Fungi Beasts","floor":13,"turns":2},{"damage":9,"enemies":"3 Louse","floor":14,"turns":3},{"damage":31,"enemies":"Hexaghost","floor":16,"turns":10},{"damage":46,"enemies":"Chosen","floor":18,"turns":7},{"damage":12,"enemies":"Shell Parasite","floor":22,"turns":5},{"damage":34,"enemies":"Snecko","floor":24,"turns":6},{"damage":27,"enemies":"Shelled Parasite and Fungi","floor":27,"turns":2}],"seed_played":"1149004796162273091","potions_obtained":[{"floor":6,"key":"Weak Potion"},{"floor":13,"key":"SteroidPotion"},{"floor":14,"key":"LiquidBronze"},{"floor":16,"key":"Energy Potion"},{"floor":22,"key":"LiquidBronze"},{"floor":24,"key":"DistilledChaos"}],"is_trial":false,"path_per_floor":["M","?","?","?","$","E","$","$","T","M","M","?","M","M","R","B",null,"M","$","?","$","M","R","M","R","T","M"],"character_chosen":"THE_SILENT","items_purchased":["Eviscerate","FairyPotion","Panache"],"campfire_rested":3,"item_purchase_floors":[5,5,19],"current_hp_per_floor":[59,48,43,43,43,43,43,43,43,43,42,22,22,13,32,1,50,4,4,4,4,17,36,2,21,21,0,0],"gold":154,"neow_bonus":"THREE_ENEMY_KILL","is_daily":false,"chose_seed":false,"campfire_upgraded":0,"win_rate":0.0,"timestamp":1608848295,"path_taken":["M","?","?","?","$","E","?","$","T","M","?","?","M","M","R","BOSS","M","$","?","?","?","R","?","R","T","M"],"items_purchased_type":["Card","Potion","Card"],"build_version":"2020-12-22","purchased_purges":0,"victory":false,"max_hp_per_floor":[66,66,66,66,66,66,66,66,66,66,66,66,66,66,66,66,66,66,66,66,66,66,66,66,66,66,66,66],"card_choices":[{"not_picked":["Slice","Blade Dance"],"picked":"Heel Hook","floor":1},{"not_picked":["Eviscerate","Flying Knee"],"picked":"Caltrops","floor":6},{"not_picked":["Quick Slash","Well Laid Plans"],"picked":"Setup","floor":10},{"not_picked":["Backflip","Prepared"],"picked":"Bullet Time","floor":11},{"not_picked":["Endless Agony","Blade Dance"],"picked":"Crippling Poison","floor":13},{"not_picked":["Blade Dance","Skewer"],"picked":"Escape Plan","floor":14},{"not_picked":["Storm of Steel","Adrenaline"],"picked":"Corpse Explosion","floor":16},{"not_picked":["Expertise","Prepared"],"picked":"Acrobatics","floor":18},{"not_picked":["Dagger Spray","Skewer"],"picked":"Eviscerate+1","floor":22},{"not_picked":["Slice","Concentrate"],"picked":"Terror","floor":24}],"player_experience":1296515,"relics_obtained":[{"floor":6,"key":"Happy Flower"},{"floor":9,"key":"MawBank"},{"floor":26,"key":"Potion Belt"}],"event_choices":[{"damage_healed":0,"gold_gain":75,"player_choice":"Gather Gold","damage_taken":11,"max_hp_gain":0,"max_hp_loss":0,"event_name":"World of Goop","floor":2,"gold_loss":0},{"damage_healed":0,"gold_gain":0,"player_choice":"Success","damage_taken":5,"relics_obtained":["White Beast Statue"],"max_hp_gain":0,"max_hp_loss":0,"event_name":"Scrap Ooze","floor":3,"gold_loss":0},{"damage_healed":0,"gold_gain":0,"player_choice":"Ignored","damage_taken":0,"max_hp_gain":0,"max_hp_loss":0,"event_name":"Golden Wing","floor":4,"gold_loss":0},{"damage_healed":0,"gold_gain":0,"player_choice":"Entered Light","damage_taken":20,"max_hp_gain":0,"max_hp_loss":0,"event_name":"Shining Light","floor":12,"gold_loss":0,"cards_upgraded":["Bullet Time","Defend_G"]},{"damage_healed":0,"gold_gain":0,"player_choice":"Copied","damage_taken":0,"max_hp_gain":0,"max_hp_loss":0,"event_name":"Duplicator","floor":20,"gold_loss":0,"cards_obtained":["Escape Plan"]}],"is_beta":false,"boss_relics":[{"not_picked":["Velvet Choker","WristBlade"],"picked":"SlaversCollar"}],"items_purged_floors":[],"is_endless":false,"potions_floor_spawned":[6,10,11,13,14,16,18,22,24],"killed_by":"Shelled Parasite and Fungi","ascension_level":17}}