{"host":"auhepfm8z6wgxhqr","time":1608787987,"event":{"mods":["AchievementEnabler","BaseMod","Colored Map","Colored Powertips","Highlight Path","Minty Spire (QoL Compilation)","Quick Restart","Relic Stats"],"gold_per_floor":[110,110,110,35,58,58,77,102,102,143,157,157,157,173,173,303,303,321,231,250,268,188,188,223,223,223,223,223,193,213,227,227,329,329,344,344,357,377,377,377,40,51,76,101,0,24,86,112,124,136],"floor_reached":51,"playtime":5081,"items_purged":["Regret","Defend_R"],"score":696,"play_id":"6b114c8e-b7e7-4efd-8750-b263ed860d7f","local_time":"20201224003307","is_ascension_mode":false,"campfire_choices":[{"data":"Inflame","floor":6,"key":"SMITH"},{"floor":15,"key":"REST"},{"data":"Dual Wield","floor":23,"key":"SMITH"},{"data":"Fire Breathing","floor":25,"key":"SMITH"},{"data":"Limit Break","floor":27,"key":"SMITH"},{"data":"Rage","floor":32,"key":"SMITH"},{"floor":40,"key":"REST"},{"data":"Apotheosis","floor":49,"key":"SMITH"}],"circlet_count":0,"master_deck":["Strike_R","Strike_R","Strike_R","Strike_R","Strike_R+1","Defend_R","Defend_R","Bash+1","Limit Break+1","Pommel Strike","Inflame+1","Power Through","Inflame","Sword Boomerang","Clash","Reaper","Twin Strike+1","Dual Wield+1","Rage+1","Fire Breathing+1","Hemokinesis","Feed","Apotheosis+1","Panacea","Spot Weakness+1","Fire Breathing+1"],"relics":["Burning Blood","Bloody Idol","FossilizedHelix","CaptainsWheel","Red Skull","Ancient Tea Set","Velvet Choker","Question Card","Paper Frog","SacredBark","Anchor","MawBank","Red Mask","Ice Cream"],"acts_visited":["Exordium","TheCity","TheBeyond"],"potions_floor_usage":[8,16,16,16,21,24,30,33,33,48,50,50],"damage_taken":[{"damage":9,"enemies":"Small Slimes","floor":1,"turns":4},{"damage":0,"enemies":"Cultist","floor":5,"turns":4},{"damage":5,"enemies":"2 Louse","floor":7,"turns":3},{"damage":33,"enemies":"Exordium Thugs","floor":8,"turns":6},{"damage":0,"enemies":"Gremlin Nob","floor":10,"turns":4},{"damage":2,"enemies":"3 Louse","floor":11,"turns":4},{"damage":8,"enemies":"Lots of Slimes","floor":14,"turns":4},{"damage":21,"enemies":"Hexaghost","floor":16,"turns":8},{"damage":8,"enemies":"Chosen","floor":18,"turns":6},{"damage":15,"enemies":"2 Thieves","floor":20,"turns":4},{"damage":4,"enemies":"Snecko","floor":21,"turns":4},{"damage":0,"enemies":"Slavers","floor":24,"turns":4},{"damage":0,"enemies":"3 Cultists","floor":30,"turns":4},{"damage":7,"enemies":"Snake Plant","floor":31,"turns":2},{"damage":59,"enemies":"Champ","floor":33,"turns":9},{"damage":25,"enemies":"3 Shapes","floor":35,"turns":4},{"damage":4,"enemies":"Orb Walker","floor":37,"turns":3},{"damage":28,"enemies":"Transient","floor":38,"turns":5},{"damage":24,"enemies":"Maw","floor":42,"turns":7},{"damage":32,"enemies":"Sphere and 2 Shapes","floor":44,"turns":6},{"damage":9,"enemies":"4 Shapes","floor":46,"turns":3},{"damage":2,"enemies":"Mind Bloom Boss Battle","floor":47,"turns":6},{"damage":30,"enemies":"Jaw Worm Horde","floor":48,"turns":5},{"damage":38,"enemies":"Donu and Deca","floor":50,"turns":5}],"seed_played":"-1880945888729086760","potions_obtained":[{"floor":1,"key":"Energy Potion"},{"floor":8,"key":"Dexterity Potion"},{"floor":10,"key":"Weak Potion"},{"floor":11,"key":"SkillPotion"},{"floor":18,"key":"SkillPotion"},{"floor":20,"key":"BlessingOfTheForge"},{"floor":24,"key":"LiquidMemories"},{"floor":29,"key":"LiquidMemories"},{"floor":29,"key":"SkillPotion"},{"floor":38,"key":"FearPotion"},{"floor":46,"key":"Strength Potion"},{"floor":47,"key":"LiquidMemories"}],"is_trial":false,"path_per_floor":["M","?","?","$","M","R","M","M","T","E","M","?","?","M","R","B",null,"M","?","M","M","$","R","E","R","T","R","?","?","M","M","R","B",null,"M","?","M","M","?","R","$","M","T","M","?","M","?","M","R","B",null],"character_chosen":"IRONCLAD","items_purchased":["Rage","Anchor","Panacea"],"campfire_rested":2,"item_purchase_floors":[22,41,41],"current_hp_per_floor":[77,77,59,59,65,65,66,39,39,45,49,49,33,31,55,40,80,80,80,71,73,73,73,80,80,80,80,80,80,80,80,80,32,80,69,69,80,63,63,87,87,74,79,66,71,78,94,78,83,79],"gold":148,"neow_bonus":"THREE_RARE_CARDS","is_daily":false,"chose_seed":false,"campfire_upgraded":6,"win_rate":0.0,"timestamp":1608787987,"path_taken":["M","?","?","$","M","R","M","M","T","E","M","?","?","M","R","BOSS","M","?","M","?","$","R","E","R","T","R","?","?","M","?","R","BOSS","M","?","M","M","?","R","$","M","T","?","?","M","?","M","R","BOSS"],"items_purchased_type":["Card","Relic","Card"],"build_version":"2020-12-22","purchased_purges":2,"victory":true,"max_hp_per_floor":[80,80,80,80,80,80,80,80,80,80,80,80,80,80,80,80,80,80,80,80,80,80,80,80,80,80,80,80,80,80,80,80,80,80,83,83,87,87,87,87,87,87,87,90,90,90,94,97,97,97],"relic_stats":{"counters":[24,114],"Bloody Idol":81,"Question Card":12,"MawBank":96,"obtain_stats":[{"Ice Cream":47,"Golden Idol":2,"SacredBark":34,"Velvet Choker":17,"Ancient Tea Set":12,"Question Card":24,"MawBank":43,"Burning Blood":0,"CaptainsWheel":9,"Anchor":41,"Bloody Idol":28,"Red Mask":45,"FossilizedHelix":3,"Red Skull":10,"Paper Frog":26},{"Ice Cream":22,"Golden Idol":1,"SacredBark":15,"Velvet Choker":8,"Ancient Tea Set":6,"Question Card":12,"MawBank":19,"Burning Blood":0,"CaptainsWheel":4,"Anchor":18,"Bloody Idol":12,"Red Mask":20,"FossilizedHelix":1,"Red Skull":5,"Paper Frog":12},{"Ice Cream":104,"Golden Idol":4,"SacredBark":70,"Velvet Choker":37,"Ancient Tea Set":25,"Question Card":55,"MawBank":89,"Burning Blood":0,"CaptainsWheel":17,"Anchor":82,"Bloody Idol":55,"Red Mask":95,"FossilizedHelix":4,"Red Skull":21,"Paper Frog":55}],"Burning Blood":127},"card_choices":[{"not_picked":["Immolate","Brutality"],"picked":"Limit Break","floor":0},{"not_picked":["True Grit","Twin Strike"],"picked":"Pommel Strike","floor":1},{"not_picked":["Thunderclap","Whirlwind"],"picked":"Inflame","floor":5},{"not_picked":["Sentinel","Heavy Blade"],"picked":"Power Through","floor":7},{"not_picked":["Heavy Blade","Dark Embrace"],"picked":"Inflame","floor":8},{"not_picked":["Power Through","Flame Barrier","Seeing Red"],"picked":"SKIP","floor":10},{"not_picked":["Disarm","Dropkick"],"picked":"Sword Boomerang","floor":11},{"not_picked":["Havoc","Flex"],"picked":"Clash","floor":14},{"not_picked":["Corruption","Berserk"],"picked":"Reaper","floor":16},{"not_picked":["Clash+1","True Grit+1"],"picked":"Twin Strike+1","floor":18},{"not_picked":["Thunderclap+1","Perfected Strike"],"picked":"Dual Wield","floor":20},{"not_picked":["Headbutt","Power Through","Shrug It Off"],"picked":"SKIP","floor":21},{"not_picked":["Ghostly Armor+1","Iron Wave+1"],"picked":"Fire Breathing","floor":24},{"not_picked":["Warcry","Pommel Strike","Anger"],"picked":"Hemokinesis","floor":30},{"not_picked":["Evolve","Havoc","Dual Wield","Cleave"],"picked":"SKIP","floor":31},{"not_picked":["Offering","Bludgeon","Exhume"],"picked":"Feed","floor":33},{"not_picked":["Cleave","Shrug It Off+1","Havoc+1","True Grit+1"],"picked":"SKIP","floor":35},{"not_picked":["Discovery","Madness","Forethought"],"picked":"Apotheosis","floor":36},{"not_picked":["Second Wind","Battle Trance+1","Wild Strike+1","Thunderclap+1"],"picked":"SKIP","floor":37},{"not_picked":["Feel No Pain+1","True Grit+1","Heavy Blade+1","Body Slam+1"],"picked":"SKIP","floor":38},{"not_picked":["Iron Wave","Clothesline+1","Disarm"],"picked":"Spot Weakness+1","floor":42},{"not_picked":["Pommel Strike+1","Feel No Pain+1","Entrench+1"],"picked":"Fire Breathing+1","floor":44},{"not_picked":["Perfected Strike","Dual Wield+1","Shrug It Off","Evolve+1"],"picked":"SKIP","floor":46},{"not_picked":["Wild Strike+1","Body Slam+1","Seeing Red+1","Flex+1"],"picked":"SKIP","floor":48}],"player_experience":112968,"relics_obtained":[{"floor":9,"key":"CaptainsWheel"},{"floor":10,"key":"Red Skull"},{"floor":24,"key":"Question Card"},{"floor":26,"key":"Paper Frog"},{"floor":43,"key":"MawBank"},{"floor":47,"key":"Ice Cream"}],"event_choices":[{"damage_healed":0,"gold_gain":0,"player_choice":"Take Wound","damage_taken":0,"relics_obtained":["Golden Idol"],"max_hp_gain":0,"max_hp_loss":0,"event_name":"Golden Idol","floor":2,"gold_loss":0,"cards_obtained":["Injury"]},{"damage_healed":0,"gold_gain":0,"player_choice":"Success","damage_taken":18,"relics_obtained":["FossilizedHelix"],"max_hp_gain":0,"max_hp_loss":0,"event_name":"Scrap Ooze","floor":3,"gold_loss":0},{"damage_healed":0,"gold_gain":0,"player_choice":"Searched \u00272\u0027 times","damage_taken":0,"relics_obtained":["Ancient Tea Set"],"max_hp_gain":0,"max_hp_loss":0,"event_name":"Dead Adventurer","floor":12,"gold_loss":0},{"damage_healed":0,"gold_gain":0,"player_choice":"Entered Light","damage_taken":16,"max_hp_gain":0,"max_hp_loss":0,"event_name":"Shining Light","floor":13,"gold_loss":0,"cards_upgraded":["Bash","Strike_R"]},{"cards_removed":["Injury"],"damage_healed":0,"gold_gain":0,"player_choice":"Upgrade and Remove","damage_taken":0,"max_hp_gain":0,"max_hp_loss":0,"event_name":"Designer","floor":19,"gold_loss":90,"cards_upgraded":["Defend_R"]},{"damage_healed":0,"gold_gain":0,"player_choice":"Gave Idol","damage_taken":0,"relics_obtained":["Bloody Idol"],"max_hp_gain":0,"max_hp_loss":0,"event_name":"Forgotten Altar","floor":28,"relics_lost":["Golden Idol"],"gold_loss":0},{"damage_healed":0,"gold_gain":0,"player_choice":"Bought 2 Potions","damage_taken":0,"max_hp_gain":0,"max_hp_loss":0,"event_name":"The Woman in Blue","floor":29,"gold_loss":0},{"damage_healed":0,"gold_gain":0,"player_choice":"Memory 1","damage_taken":0,"max_hp_gain":0,"max_hp_loss":0,"event_name":"SensoryStone","floor":36,"gold_loss":0},{"cards_removed":["Defend_R"],"damage_healed":0,"gold_gain":0,"player_choice":"Offered Basic","damage_taken":0,"max_hp_gain":0,"max_hp_loss":0,"event_name":"Bonfire Elementals","floor":39,"gold_loss":0},{"damage_healed":0,"gold_gain":0,"player_choice":"Paid","damage_taken":0,"relics_obtained":["Red Mask"],"max_hp_gain":0,"max_hp_loss":0,"event_name":"Tomb of Lord Red Mask","floor":45,"gold_loss":113},{"damage_healed":0,"gold_gain":0,"player_choice":"Fight","damage_taken":0,"max_hp_gain":0,"max_hp_loss":0,"event_name":"MindBloom","floor":47,"gold_loss":0}],"is_beta":false,"boss_relics":[{"not_picked":["Black Star","Cursed Key"],"picked":"Velvet Choker"},{"not_picked":["Runic Dome","Philosopher\u0027s Stone"],"picked":"SacredBark"}],"items_purged_floors":[4,41],"is_endless":false,"potions_floor_spawned":[1,8,10,11,18,20,24,38,46,47],"ascension_level":0}}