{"host":"chv1qanoipyt46jc","time":1608783371,"event":{"mods":["2.2 Compatiblity","AchievementEnabler","BaseMod","BetterRewards","CapriCore","Card Filter","Conspire","Gold Saver","Grow up Mod","Minty Spire (QoL Compilation)","Rare Cards Sparkle","Relic Filter","Remove Card Discount Mod","Reorder Act Four","SIMod","StSLib"],"gold_per_floor":[950,970,986,1001,1013,1042,1042,1076,1100,1116,1135,1135,1162,1089,1089,1193,1243,1262,1189,1189,1189,1189,1189,1219,1233,1286,1286,1286,1299,1299,1312,1312,1414,1414,1432,1446,1446,1461,1471,1471,1505,1505,1529,1529,1529,1529,1542,1567,1567,1567,1567,1567,1567,1600,1600],"floor_reached":56,"playtime":1484,"items_purged":["Strike_AJ","Strike_TS","Strike_RR","Strike_RD","Defend_TS","Defend_PP","Defend_FS","Defend_AJ","ConcertedEfforts","HarmonyShield","Lasso","AlloutStrike+1","CowboySkills"],"score":1822,"play_id":"f3b4a2e4-c606-4375-8722-d7e17133660c","local_time":"20201223221611","is_ascension_mode":false,"campfire_choices":[{"data":"AlloutStrike","floor":7,"key":"SMITH"},{"data":"AllByMyself","floor":15,"key":"SMITH"},{"data":"CowboySkills","floor":23,"key":"SMITH"},{"data":"Batlization","floor":27,"key":"SMITH"},{"data":"Batlization+1","floor":30,"key":"SMITH"},{"data":"Batlization+2","floor":32,"key":"SMITH"},{"data":"AppleFeast","floor":40,"key":"SMITH"},{"data":"AppleFeast+1","floor":42,"key":"SMITH"},{"data":"AppleFeast+2","floor":44,"key":"SMITH"},{"data":"Batlization+3","floor":46,"key":"SMITH"},{"floor":49,"key":"RECALL"},{"data":"Batlization+4","floor":53,"key":"SMITH"}],"circlet_count":0,"master_deck":["AppleFeast+3","AllByMyself+1","AllByMyself+1","ThrowingApples+1","CowboySkills+2","Batlization+5"],"relics":["The_element_of_harmony","Medical Kit","conspire:Dentures","Gremlin Horn","conspire:InfiniteJournal","GypsyBard","Darkstone Periapt","Luna","Tiny House","War Paint","Art of War","Busted Crown","Whetstone","Anchor","conspire:Flyswatter"],"acts_visited":["Exordium","TheCity","TheBeyond","TheEnding"],"potions_floor_usage":[55,55,55],"damage_taken":[{"damage":0,"enemies":"Cultist","floor":1,"turns":2},{"damage":0,"enemies":"Jaw Worm","floor":2,"turns":1},{"damage":4,"enemies":"conspire:RoseBush","floor":3,"turns":2},{"damage":0,"enemies":"Large Slime","floor":4,"turns":3},{"damage":12,"enemies":"2 Fungi Beasts","floor":5,"turns":3},{"damage":36,"enemies":"Lagavulin","floor":6,"turns":4},{"damage":0,"enemies":"Gremlin Nob","floor":8,"turns":2},{"damage":13,"enemies":"Red Slaver","floor":10,"turns":2},{"damage":0,"enemies":"3 Louse","floor":11,"turns":2},{"damage":0,"enemies":"3 Sentries","floor":13,"turns":4},{"damage":34,"enemies":"Hexaghost","floor":16,"turns":3},{"damage":0,"enemies":"2 Thieves","floor":18,"turns":1},{"damage":0,"enemies":"conspire:Head Lice","floor":24,"turns":2},{"damage":0,"enemies":"conspire:FuzzyDice","floor":25,"turns":1},{"damage":0,"enemies":"Chosen and Byrds","floor":29,"turns":1},{"damage":0,"enemies":"Sentry and Sphere","floor":31,"turns":1},{"damage":0,"enemies":"Champ","floor":33,"turns":1},{"damage":0,"enemies":"3 Darklings","floor":35,"turns":1},{"damage":0,"enemies":"Orb Walker","floor":36,"turns":1},{"damage":0,"enemies":"Maw","floor":38,"turns":1},{"damage":0,"enemies":"Writhing Mass","floor":39,"turns":1},{"damage":0,"enemies":"Reptomancer","floor":41,"turns":1},{"damage":0,"enemies":"4 Shapes","floor":47,"turns":1},{"damage":0,"enemies":"Giant Head","floor":48,"turns":1},{"damage":0,"enemies":"conspire:OrnateMirror","floor":50,"turns":1},{"damage":0,"enemies":"Shield and Spear","floor":54,"turns":1},{"damage":45,"enemies":"The Heart","floor":55,"turns":4}],"seed_played":"3245611326845007742","potions_obtained":[{"floor":3,"key":"Regen Potion"},{"floor":4,"key":"FearPotion"},{"floor":10,"key":"Explosive Potion"}],"is_trial":false,"path_per_floor":["M","M","M","M","M","E","R","E","T","M","M","?","E","$","R","B",null,"M","$","?","?","$","R","E","M","T","R","?","M","R","M","R","B",null,"M","M","?","M","M","R","E","R","T","R","?","R","M","E","R","B",null,"$","R","E","B",null],"character_chosen":"TWI_CLASS","items_purchased":["Lasso","AppleFeast","Medical Kit","conspire:Dentures","Gremlin Horn","conspire:InfiniteJournal","AlloutStrike","ThrowingApples","Batlization"],"campfire_rested":0,"item_purchase_floors":[0,0,0,0,0,0,0,14,19],"current_hp_per_floor":[54,64,70,80,78,52,62,72,82,79,89,99,109,119,129,105,267,277,287,297,307,317,327,337,347,357,367,377,387,397,407,417,427,437,447,457,467,477,487,497,507,517,527,537,547,557,567,577,587,597,607,617,627,637,611],"gold":1600,"neow_bonus":"","is_daily":false,"chose_seed":false,"campfire_upgraded":11,"win_rate":0.0,"timestamp":1608783371,"path_taken":["M","M","M","M","M","E","R","E","T","M","?","?","E","$","R","BOSS","M","$","?","?","$","R","E","M","T","R","?","M","R","M","R","BOSS","M","M","?","M","?","R","E","R","T","R","?","R","M","E","R","BOSS","$","R","E","BOSS"],"items_purchased_type":["Card","Card","Relic","Relic","Relic","Relic","Undefined","Card","Card"],"build_version":"2020-12-22","purchased_purges":13,"victory":true,"max_hp_per_floor":[102,112,122,132,142,152,162,172,182,192,202,212,222,232,242,252,267,277,287,297,307,317,327,337,347,357,367,377,387,397,407,417,427,437,447,457,467,477,487,497,507,517,527,537,547,557,567,577,587,597,607,617,627,637,647],"card_choices":[{"not_picked":["TenInstruments","PinkiePromise"],"picked":"SKIP","floor":1},{"not_picked":["Whining","ThunderCloud"],"picked":"SKIP","floor":1},{"not_picked":["Magic","RashStunts"],"picked":"SKIP","floor":2},{"not_picked":["BehindTheScene","KillingWithKindness"],"picked":"SKIP","floor":2},{"not_picked":["Generousity","PartyAlone"],"picked":"SKIP","floor":3},{"not_picked":["Boundary","Celebrities"],"picked":"SKIP","floor":3},{"not_picked":["FollowTherRainbow","RashStunts"],"picked":"SKIP","floor":4},{"not_picked":["AlloutStrike","AppleFever"],"picked":"SKIP","floor":4},{"not_picked":["FriendOfNature","Yay"],"picked":"SKIP","floor":5},{"not_picked":["AppleFever","RashStunts"],"picked":"SKIP","floor":5},{"not_picked":["RashStunts","InspirationRecovery"],"picked":"SKIP","floor":6},{"not_picked":["Tornado","PartyTime"],"picked":"SKIP","floor":6},{"not_picked":["Whining"],"picked":"AllByMyself","floor":8},{"not_picked":["RunningOfTheLeaves","Boundary"],"picked":"SKIP","floor":8},{"not_picked":["PinkiePromise"],"picked":"AllByMyself","floor":10},{"not_picked":["ThunderCloud","Lasso"],"picked":"SKIP","floor":10},{"not_picked":["TenInstruments","FollowTherRainbow"],"picked":"SKIP","floor":11},{"not_picked":["Honesty","BehindTheScene"],"picked":"SKIP","floor":11},{"not_picked":["Mischief","HideCarefully"],"picked":"SKIP","floor":13},{"not_picked":["Boundary","Sisterhood"],"picked":"SKIP","floor":13},{"not_picked":["Sisterhood"],"picked":"CowboySkills","floor":16},{"not_picked":["PartyCana"],"picked":"CowboySkills","floor":16},{"not_picked":["HideCarefully","Louder"],"picked":"SKIP","floor":18},{"not_picked":["RunningOfTheLeaves","Yay"],"picked":"SKIP","floor":18},{"not_picked":["Honesty","Batlization"],"picked":"SKIP","floor":24},{"not_picked":["ReinventMyself","ISayNo"],"picked":"SKIP","floor":24},{"not_picked":["AlloutStrike","SwiftKick"],"picked":"SKIP","floor":25},{"not_picked":["Whining","Perfectionism"],"picked":"SKIP","floor":25},{"not_picked":["Batlization","Stare"],"picked":"SKIP","floor":29},{"not_picked":["Anxiousness","ISayNo"],"picked":"SKIP","floor":29},{"not_picked":["Generousity","Perfectionism"],"picked":"SKIP","floor":31},{"not_picked":["Magic","AlloutStrike"],"picked":"SKIP","floor":31}],"player_experience":350287,"relics_obtained":[{"floor":6,"key":"GypsyBard"},{"floor":8,"key":"Darkstone Periapt"},{"floor":13,"key":"Luna"},{"floor":24,"key":"War Paint"},{"floor":26,"key":"Art of War"},{"floor":43,"key":"Whetstone"},{"floor":48,"key":"Anchor"},{"floor":54,"key":"conspire:Flyswatter"}],"event_choices":[{"damage_healed":0,"gold_gain":0,"player_choice":"Ignored","damage_taken":0,"max_hp_gain":0,"max_hp_loss":0,"event_name":"Transmorgrifier","floor":12,"gold_loss":0},{"damage_healed":0,"gold_gain":0,"player_choice":"Ignored","damage_taken":0,"max_hp_gain":0,"max_hp_loss":0,"event_name":"Ghosts","floor":20,"gold_loss":0},{"damage_healed":0,"gold_gain":0,"player_choice":"Ignored","damage_taken":0,"max_hp_gain":0,"max_hp_loss":0,"event_name":"Beggar","floor":21,"gold_loss":0},{"damage_healed":0,"gold_gain":0,"player_choice":"Ignored","damage_taken":0,"max_hp_gain":0,"max_hp_loss":0,"event_name":"Vampires","floor":28,"gold_loss":0},{"damage_healed":0,"gold_gain":0,"player_choice":"Ignored","damage_taken":0,"max_hp_gain":0,"max_hp_loss":0,"event_name":"SecretPortal","floor":37,"gold_loss":0},{"damage_healed":0,"gold_gain":0,"player_choice":"Upgraded","damage_taken":0,"max_hp_gain":0,"max_hp_loss":0,"event_name":"Upgrade Shrine","floor":45,"gold_loss":0,"cards_upgraded":["CowboySkills"]}],"is_beta":false,"boss_relics":[{"not_picked":["conspire:RunicOctahedron","SacredBark"],"picked":"Tiny House"},{"not_picked":["conspire:SlowCooker","Coffee Dripper"],"picked":"Busted Crown"}],"items_purged_floors":[0,0,0,0,0,0,0,0,0,0,14,19,19],"is_endless":false,"potions_floor_spawned":[3,4,10,11,16,18,25,31,33,35,36,47],"ascension_level":0}}