{"host":"fbjkyf8096sobcph","time":1608773120,"event":{"mods":["2.2 Compatiblity","AchievementEnabler","Aspiration","BaseMod","Better Altar","Better Match","Better Note","Better Sensory Stone","Better Skull","Better Third Choice","BetterRewards","CCEM","Clawfect","Colored Map","Conspire","Downfall","GifTheSpireLib","Halation","Highlight Path","Hubris","Infinite Spire","Mimic Mod","Minty Spire (QoL Compilation)","Permanent Neow","Replay The Spire","Shop Mod","Spicy Shops","StSLib","Stuff the Spire","Unceasing Turn Reminder","Waifu the Spire","everything is the same but u backflip on backflip","slay the spire mod where everything is the same but ironclad has a cowboy hat"],"gold_per_floor":[349,366,382,393,493,527,553,566,416,436,462,484,503,23,34,131,131,131,131,131,147,158,218,11,31,54,67,67,79,79,79,79],"floor_reached":30,"playtime":2837,"items_purged":[],"score":256,"play_id":"122a76fa-6eca-4701-9c51-ca036b077bf0","local_time":"20201224022520","is_ascension_mode":true,"campfire_choices":[{"floor":1,"key":"RECALL"},{"data":"Slimebound:Darklings","floor":9,"key":"SMITH"},{"data":"Slimebound:OneTwoCombo","floor":18,"key":"SMITH"}],"circlet_count":0,"master_deck":["Slimebound:Strike_Slimebound","Slimebound:Strike_Slimebound","Slimebound:Strike_Slimebound","Slimebound:Tackle","Slimebound:Defend_Slimebound","Slimebound:Defend_Slimebound","Slimebound:Defend_Slimebound","Slimebound:Defend_Slimebound","Slimebound:Split","Slimebound:CorrosiveSpit","Slimebound:RejuvenatingLick","Slimebound:LeechingTouch","Slimebound:AcidTongue","Slimebound:SamplingLick","Slimebound:LivingWall","Slimebound:Darklings+1","Slimebound:Schlurp","Slimebound:SlimeSlap","Slimebound:SpikyOuterGoop","Slimebound:SlimeTap","Slimebound:LeechEnergy","Slimebound:SlimeSpikes","Slimebound:OneTwoCombo+1","Slimebound:GoopSpray","Slimebound:Repurpose+1","Slimebound:BestDefense+1","Slimebound:BestDefense+1","Slimebound:GrowthPunch+1","Panache+1","Slimebound:OozeBath","Slimebound:SpikyOuterGoop+1","Slimebound:LeadByExample+1"],"relics":["Slimebound:AbsorbEndCombat","White Beast Statue","Bottled Tornado","downfall:HeartBlessingRed","downfall:HeartBlessingBlue","Nunchaku","Odd Mushroom","StoneCalendar","hubris:EmptyBottle","conspire:SlowCooker","Frozen Egg 2","Bag of Marbles"],"acts_visited":["Exordium","TheCity"],"potions_floor_usage":[5,5,6,12,15,15,15,15,16,21,21,24,24,24,24,25,25,27,27,29],"damage_taken":[{"damage":15,"enemies":"Small Slimes","floor":2,"turns":4},{"damage":5,"enemies":"Cultist","floor":3,"turns":3},{"damage":5,"enemies":"Jaw Worm","floor":4,"turns":3},{"damage":12,"enemies":"downfall:LadyInBlue","floor":5,"turns":9},{"damage":25,"enemies":"Gremlin Nob","floor":6,"turns":3},{"damage":11,"enemies":"3 Louse","floor":8,"turns":4},{"damage":17,"enemies":"Exordium Wildlife","floor":10,"turns":4},{"damage":36,"enemies":"3 Sentries","floor":11,"turns":8},{"damage":44,"enemies":"The Mushroom Lair","floor":12,"turns":4},{"damage":24,"enemies":"Red Slaver","floor":13,"turns":4},{"damage":16,"enemies":"downfall:FleeingMerchant","floor":14,"turns":4},{"damage":4,"enemies":"Large Slime","floor":15,"turns":3},{"damage":54,"enemies":"downfall:Ironclad","floor":16,"turns":7},{"damage":37,"enemies":"Spheric Guardian","floor":21,"turns":4},{"damage":46,"enemies":"3 Byrds","floor":22,"turns":5},{"damage":24,"enemies":"downfall:FleeingMerchant","floor":24,"turns":4},{"damage":63,"enemies":"Sentry and Sphere","floor":25,"turns":6},{"damage":24,"enemies":"Snecko","floor":27,"turns":7},{"damage":36,"enemies":"Snake Plant","floor":29,"turns":3},{"damage":27,"enemies":"downfall:FleeingMerchant","floor":30,"turns":3}],"seed_played":"1160923178647258934","potions_obtained":[{"floor":2,"key":"infinitespire:BlackPotion"},{"floor":3,"key":"Dexterity Potion"},{"floor":5,"key":"Death Potion"},{"floor":5,"key":"sneckomod:MuddlingPotion"},{"floor":5,"key":"SneckoOil"},{"floor":6,"key":"FairyPotion"},{"floor":8,"key":"Adrenaline Potion"},{"floor":12,"key":"Explosive Potion"},{"floor":15,"key":"Ancient Potion"},{"floor":16,"key":"EntropicBrew"},{"floor":21,"key":"ColorlessPotion"},{"floor":24,"key":"Adrenaline Potion"},{"floor":25,"key":"BlessingOfTheForge"},{"floor":27,"key":"PowerPotion"},{"floor":29,"key":"LiquidBronze"}],"is_trial":false,"path_per_floor":["R_BF","M","M","M","?","E","T","M","R","M","E","?","M","$","M","B",null,"R","PTL","PTL","M","M","?","$","M","T","M","?","M","$"],"character_chosen":"SLIMEBOUND","items_purchased":["StoneCalendar","hubris:EmptyBottle","Panache+1"],"campfire_rested":0,"item_purchase_floors":[14,14,24],"current_hp_per_floor":[54,50,54,54,47,28,28,35,45,58,52,38,36,50,64,45,64,64,64,64,45,25,19,31,20,20,14,35,23,0,0,0],"gold":79,"neow_bonus":"TWO_FIFTY_GOLD","is_daily":false,"chose_seed":false,"campfire_upgraded":2,"win_rate":0.0,"timestamp":1608773120,"path_taken":["R_BF","M","M","M","?","E","T","M","R","?","E","?","M","$","M","BOSS","R","PTL","PTL","M","M","?","$","?","T","M","?","?","?"],"items_purchased_type":["Relic","Relic","Card"],"build_version":"2020-12-22","purchased_purges":0,"victory":false,"max_hp_per_floor":[54,54,54,54,54,54,54,54,64,64,64,64,64,64,64,64,64,64,64,64,64,64,64,64,64,64,64,64,64,64,64,64],"card_choices":[{"not_picked":["Slimebound:PressTheAttack","Slimebound:ItLooksTasty"],"picked":"Slimebound:RejuvenatingLick","floor":2},{"not_picked":["Slimebound:ComboTackle","Slimebound:ViciousTackle"],"picked":"Slimebound:LeechingTouch","floor":3},{"not_picked":["Slimebound:DisruptingSlam","Slimebound:SplitBruiser"],"picked":"Slimebound:AcidTongue","floor":4},{"not_picked":["Slimebound:GoopSpray","Slimebound:GrowthPunch"],"picked":"Slimebound:SamplingLick","floor":5},{"not_picked":["Slimebound:GoopSpray","Slimebound:ForwardTackle"],"picked":"Slimebound:LivingWall","floor":6},{"not_picked":["Slimebound:SplitBruiser","Slimebound:LivingWall"],"picked":"Slimebound:Darklings","floor":8},{"not_picked":["Slimebound:ServeAndProtect","Slimebound:FinishingTackle"],"picked":"Slimebound:Schlurp","floor":10},{"not_picked":["Slimebound:ItLooksTasty","Slimebound:LevelUp"],"picked":"Slimebound:SlimeSlap","floor":11},{"not_picked":["Slimebound:LeechingTouch","Slimebound:ComboTackle"],"picked":"Slimebound:SpikyOuterGoop","floor":12},{"not_picked":["Slimebound:Dissolve","Slimebound:GoopTackle"],"picked":"Slimebound:SlimeTap","floor":13},{"not_picked":["Slimebound:LivingWall","Slimebound:GoopSpray"],"picked":"Slimebound:LeechEnergy","floor":14},{"not_picked":["Slimebound:SplitAcid","Slimebound:ViciousTackle"],"picked":"Slimebound:SlimeSpikes","floor":15},{"not_picked":["Slimebound:MassRepurpose","Slimebound:RallyTheTroops"],"picked":"Slimebound:OneTwoCombo","floor":16},{"not_picked":["Slimebound:ViciousTackle+1","Slimebound:RollThrough"],"picked":"Slimebound:GoopSpray","floor":21},{"not_picked":["Slimebound:RollThrough","Slimebound:SlimeBarrage"],"picked":"Slimebound:Repurpose+1","floor":22},{"not_picked":["Slimebound:RollThrough","Slimebound:SplitLeeching+1"],"picked":"Slimebound:BestDefense+1","floor":23},{"not_picked":["Slimebound:ViciousTackle","Slimebound:Schlurp"],"picked":"Slimebound:BestDefense+1","floor":23},{"not_picked":["Slimebound:RainOfGoop","Slimebound:ItLooksTasty"],"picked":"Slimebound:GrowthPunch+1","floor":24},{"not_picked":["Slimebound:SlimeTap","Slimebound:SplitMire"],"picked":"Slimebound:OozeBath","floor":25},{"not_picked":["Slimebound:ComboTackle","Slimebound:RollThrough"],"picked":"Slimebound:SpikyOuterGoop+1","floor":27},{"not_picked":["Slimebound:GrowthPunch","Slimebound:GoopTackle"],"picked":"Slimebound:LeadByExample+1","floor":29}],"player_experience":204705,"relics_obtained":[{"floor":5,"key":"White Beast Statue"},{"floor":6,"key":"Bottled Tornado"},{"floor":11,"key":"Nunchaku"},{"floor":12,"key":"Odd Mushroom"},{"floor":23,"key":"Frozen Egg 2"},{"floor":26,"key":"Bag of Marbles"}],"event_choices":[{"damage_healed":0,"gold_gain":0,"player_choice":"Fought Mushrooms","damage_taken":0,"max_hp_gain":0,"max_hp_loss":0,"event_name":"Mushrooms","floor":12,"gold_loss":0},{"damage_healed":21,"gold_gain":0,"player_choice":"Heal","damage_taken":0,"max_hp_gain":0,"max_hp_loss":0,"event_name":"The Library","floor":28,"gold_loss":0}],"is_beta":false,"boss_relics":[{"not_picked":["halation:Yufonium","halation:ForbiddenBikini"],"picked":"conspire:SlowCooker"}],"items_purged_floors":[],"is_endless":false,"potions_floor_spawned":[2,3,6,8,10,11,12,13,14,15,16,21,22,24,25,27,29],"killed_by":"downfall:FleeingMerchant","ascension_level":1}}