{"host":"l15sdf2mmi0nobpi","time":1608775945,"event":{"mods":["ATMod(°¢èªMod)","BaseMod","Highlight Path","Minty Spire (QoL Compilation)","Quick Restart","StSLib","¡¾¹¦ÄÜMod¡¿Neow½±Àø"],"gold_per_floor":[139,193,249,288,288,317,317,317,317],"floor_reached":8,"playtime":342,"items_purged":[],"score":116,"play_id":"3cea3402-14b4-4c63-a7d5-6fd0ba02871c","local_time":"20201224101225","is_ascension_mode":true,"campfire_choices":[],"circlet_count":0,"master_deck":["AscendersBane","Strike_G","Strike_G","Strike_G","Strike_G","Strike_G","Defend_G","Defend_G","Defend_G","Defend_G","Defend_G","Survivor","Neutralize","AT_ChampionKick","HandOfGreed","AT_WindFlip"],"relics":["Ring of the Snake","AT_ATBox","FossilizedHelix"],"acts_visited":["Exordium"],"potions_floor_usage":[],"damage_taken":[{"damage":3.0,"enemies":"Jaw Worm","floor":1.0,"turns":3.0},{"damage":3.0,"enemies":"2 Louse","floor":2.0,"turns":3.0},{"damage":10.0,"enemies":"Small Slimes","floor":3.0,"turns":4.0},{"damage":11.0,"enemies":"Looter","floor":4.0,"turns":4.0},{"damage":30.0,"enemies":"Gremlin Nob","floor":6.0,"turns":4.0},{"damage":2,"enemies":"3 Sentries","floor":8,"turns":4}],"seed_played":"4271541981240921089","potions_obtained":[{"floor":2.0,"key":"GamblersBrew"},{"floor":4.0,"key":"Swift Potion"}],"is_trial":false,"path_per_floor":["M","M","M","M","?","E","?","E"],"character_chosen":"THE_SILENT","items_purchased":[],"campfire_rested":0,"item_purchase_floors":[],"current_hp_per_floor":[56,53,43,32,52,22,22,20,20],"gold":317,"neow_bonus":"RANDOM_COLORLESS_2","is_daily":false,"chose_seed":false,"campfire_upgraded":0,"win_rate":0.0,"timestamp":1608775945,"path_taken":["M","M","M","M","?","E","?","E"],"items_purchased_type":[],"build_version":"2020-12-22","purchased_purges":0,"victory":false,"max_hp_per_floor":[60,60,60,60,60,60,60,60,60],"card_choices":[{"not_picked":["Mayhem","AT_BreakingExtremeWeapon"],"picked":"HandOfGreed","floor":0.0},{"not_picked":["Sucker Punch","Flying Knee","Poisoned Stab"],"picked":"SKIP","floor":1.0},{"not_picked":["Dagger Throw","Noxious Fumes"],"picked":"AT_WindFlip","floor":2.0},{"not_picked":["Quick Slash","Deflect","Deadly Poison"],"picked":"SKIP","floor":3.0},{"not_picked":["Riddle With Holes","Dagger Spray","Tools of the Trade"],"picked":"SKIP","floor":4.0},{"not_picked":["Eviscerate","Caltrops","Sucker Punch"],"picked":"SKIP","floor":6.0}],"player_experience":425220,"relics_obtained":[{"floor":6.0,"key":"FossilizedHelix"}],"event_choices":[{"damage_healed":20.0,"max_hp_gain":0.0,"max_hp_loss":0.0,"gold_gain":0.0,"event_name":"Big Fish","player_choice":"Banana","floor":5.0,"gold_loss":0.0,"damage_taken":0.0},{"damage_healed":0,"gold_gain":0,"player_choice":"Fled","damage_taken":0,"max_hp_gain":0,"max_hp_loss":0,"event_name":"Scrap Ooze","floor":7,"gold_loss":0}],"is_beta":false,"boss_relics":[],"items_purged_floors":[],"is_endless":false,"potions_floor_spawned":[2,4],"killed_by":"3 Sentries","ascension_level":20}}