{"host":"qdfumeom6htv8yxl","time":1608848503,"event":{"mods":["AchievementEnabler","BaseMod","Block Reminder","Minty Spire (QoL Compilation)","Quick Restart","Relic Stats"],"gold_per_floor":[114,114,114,133,8,8,34,34,34,50,76,92,126,126,126,227,227,247,262,6,6,22,22,39,39,63,63,93,93,120,135,135,239,239,249,268,288,288,28,28,28],"floor_reached":40,"playtime":10488,"items_purged":["Regret","Strike_P","Pain"],"score":753,"play_id":"46fbdf1b-47a8-46e0-9375-d91c5c60a6d3","local_time":"20201224162143","is_ascension_mode":true,"campfire_choices":[{"data":"Worship","floor":6.0,"key":"SMITH"},{"data":"Ragnarok","floor":15.0,"key":"SMITH"},{"data":"Worship","floor":23.0,"key":"SMITH"},{"floor":32.0,"key":"REST"}],"circlet_count":0,"master_deck":["Strike_P","Defend_P+1","Defend_P","Defend_P+1","Eruption","Vigilance","EmptyFist","Worship+1","Protect","CrushJoints","Eruption","Ragnarok+1","Conclude","Wallop","Worship+1","Omniscience","CutThroughFate","RitualDagger","WreathOfFlame","Brilliance","CurseOfTheBell","Brilliance"],"relics":["Velvet Choker","Mummified Hand","War Paint","Potion Belt","Eternal Feather","Ancient Tea Set","SacredBark","Damaru","Strawberry","StrikeDummy","Thread and Needle","Calling Bell","Orichalcum","Question Card","WingedGreaves","WarpedTongs"],"acts_visited":["Exordium","TheCity","TheBeyond"],"potions_floor_usage":[40],"damage_taken":[{"damage":0.0,"enemies":"Cultist","floor":1.0,"turns":2.0},{"damage":1.0,"enemies":"Jaw Worm","floor":4.0,"turns":3.0},{"damage":10.0,"enemies":"3 Sentries","floor":7.0,"turns":9.0},{"damage":0.0,"enemies":"2 Louse","floor":10.0,"turns":2.0},{"damage":0.0,"enemies":"Gremlin Nob","floor":11.0,"turns":2.0},{"damage":3.0,"enemies":"Gremlin Gang","floor":12.0,"turns":2.0},{"damage":20.0,"enemies":"3 Sentries","floor":13.0,"turns":3.0},{"damage":12.0,"enemies":"Hexaghost","floor":16.0,"turns":7.0},{"damage":0.0,"enemies":"Shell Parasite","floor":18.0,"turns":2.0},{"damage":0.0,"enemies":"Spheric Guardian","floor":19.0,"turns":1.0},{"damage":0.0,"enemies":"Snecko","floor":22.0,"turns":5.0},{"damage":0.0,"enemies":"Centurion and Healer","floor":24.0,"turns":3.0},{"damage":0.0,"enemies":"Gremlin Leader","floor":28.0,"turns":4.0},{"damage":35.0,"enemies":"Book of Stabbing","floor":30.0,"turns":5.0},{"damage":5.0,"enemies":"Snake Plant","floor":31.0,"turns":5.0},{"damage":21.0,"enemies":"Champ","floor":33.0,"turns":7.0},{"damage":7.0,"enemies":"3 Darklings","floor":35.0,"turns":4.0},{"damage":0.0,"enemies":"Orb Walker","floor":36.0,"turns":2.0},{"damage":18.0,"enemies":"Sphere and 2 Shapes","floor":37.0,"turns":4.0},{"damage":62,"enemies":"Giant Head","floor":40,"turns":6}],"seed_played":"1115048031489309578","potions_obtained":[{"floor":4.0,"key":"BlessingOfTheForge"},{"floor":7.0,"key":"Explosive Potion"},{"floor":13.0,"key":"Ancient Potion"},{"floor":18.0,"key":"Strength Potion"},{"floor":19.0,"key":"Weak Potion"},{"floor":24.0,"key":"GamblersBrew"},{"floor":28.0,"key":"ColorlessPotion"},{"floor":33.0,"key":"Block Potion"},{"floor":37.0,"key":"SkillPotion"}],"is_trial":false,"path_per_floor":["M","?","?","M","$","R","E","?","T","M","E","M","E","?","R","B",null,"M","M","$","?","M","R","M","?","T","?","E","?","E","M","R","B",null,"M","M","M","?","$","E"],"character_chosen":"WATCHER","items_purchased":["Protect","Damaru","Brilliance"],"campfire_rested":1,"item_purchase_floors":[5,20,39],"current_hp_per_floor":[65,58,58,57,57,57,47,47,47,47,47,44,24,24,33,21,59,59,59,59,59,59,68,68,62,69,69,69,69,34,29,61,40,69,62,62,44,44,44,0,0],"gold":28,"neow_bonus":"BOSS_RELIC","is_daily":false,"chose_seed":false,"campfire_upgraded":3,"win_rate":0.0,"timestamp":1608848503,"path_taken":["M","?","?","M","$","R","E","?","T","?","E","?","E","?","R","BOSS","M","?","$","?","M","R","M","?","T","?","E","?","E","M","R","BOSS","M","?","M","?","$","E"],"items_purchased_type":["Card","Relic","Card"],"build_version":"2020-12-22","purchased_purges":3,"victory":false,"max_hp_per_floor":[72,72,72,72,72,72,72,72,72,72,72,72,72,72,72,72,72,72,72,72,72,72,72,72,72,79,79,79,79,79,79,79,79,79,79,79,79,79,79,79,79],"relic_stats":{"counters":[20,78],"Mummified Hand":[3],"Eternal Feather":27,"War Paint":["Defend_P","Defend_P"],"Orichalcum":[24],"Question Card":3,"obtain_stats":[{"Potion Belt":9,"SacredBark":17,"Velvet Choker":0,"Damaru":20,"Eternal Feather":11,"Thread and Needle":30,"War Paint":7,"Orichalcum":34,"Ancient Tea Set":13,"Question Card":34,"WarpedTongs":38,"Calling Bell":34,"Mummified Hand":3,"Strawberry":26,"WingedGreaves":34,"PureWater":0,"StrikeDummy":28},{"Potion Belt":3,"SacredBark":8,"Velvet Choker":0,"Damaru":10,"Eternal Feather":5,"Thread and Needle":14,"War Paint":3,"Orichalcum":16,"Ancient Tea Set":7,"Question Card":16,"WarpedTongs":19,"Calling Bell":16,"Mummified Hand":1,"Strawberry":12,"WingedGreaves":16,"PureWater":0,"StrikeDummy":13},{"Potion Belt":14,"SacredBark":30,"Velvet Choker":0,"Damaru":33,"Eternal Feather":18,"Thread and Needle":50,"War Paint":14,"Orichalcum":62,"Ancient Tea Set":23,"Question Card":62,"WarpedTongs":72,"Calling Bell":62,"Mummified Hand":2,"Strawberry":41,"WingedGreaves":62,"PureWater":0,"StrikeDummy":45}],"WarpedTongs":[6]},"card_choices":[{"not_picked":["FollowUp","BowlingBash"],"picked":"EmptyFist","floor":1.0},{"not_picked":["ClearTheMind","Consecrate"],"picked":"Worship","floor":4.0},{"not_picked":["SashWhip","Fasting2"],"picked":"CrushJoints","floor":7.0},{"not_picked":["Nirvana","Evaluate"],"picked":"Conclude","floor":10.0},{"not_picked":["Devotion","Halt","ClearTheMind"],"picked":"SKIP","floor":11.0},{"not_picked":["Prostrate","TalkToTheHand"],"picked":"Wallop","floor":12.0},{"not_picked":["Vengeance","FearNoEvil"],"picked":"Worship","floor":13.0},{"not_picked":["DevaForm","Devotion"],"picked":"Omniscience","floor":16.0},{"not_picked":["Evaluate","Collect"],"picked":"CutThroughFate","floor":18.0},{"not_picked":["EmptyFist+1","JustLucky","CutThroughFate"],"picked":"SKIP","floor":19.0},{"not_picked":["ClearTheMind","CutThroughFate","SashWhip+1"],"picked":"SKIP","floor":22.0},{"not_picked":["FlurryOfBlows","CrushJoints","Prostrate+1"],"picked":"SKIP","floor":24.0},{"not_picked":["Swivel+1","Consecrate"],"picked":"WreathOfFlame","floor":28.0},{"not_picked":["CrushJoints","FlyingSleeves","InnerPeace+1"],"picked":"SKIP","floor":30.0},{"not_picked":["Conclude","SashWhip","FollowUp"],"picked":"SKIP","floor":31.0},{"not_picked":["Wish","Scrawl"],"picked":"Brilliance","floor":33.0},{"not_picked":["ClearTheMind","BowlingBash+1","WindmillStrike+1","FlyingSleeves"],"picked":"SKIP","floor":35.0},{"not_picked":["JustLucky","Halt+1","ClearTheMind","PathToVictory"],"picked":"SKIP","floor":36.0},{"not_picked":["ConjureBlade","CutThroughFate","MentalFortress+1","ReachHeaven+1"],"picked":"SKIP","floor":37.0}],"player_experience":1522080,"relics_obtained":[{"floor":7.0,"key":"War Paint"},{"floor":9.0,"key":"Potion Belt"},{"floor":11.0,"key":"Eternal Feather"},{"floor":13.0,"key":"Ancient Tea Set"},{"floor":26.0,"key":"Strawberry"},{"floor":28.0,"key":"StrikeDummy"},{"floor":30.0,"key":"Thread and Needle"},{"floor":34.0,"key":"Orichalcum"},{"floor":34.0,"key":"Question Card"},{"floor":34.0,"key":"WingedGreaves"}],"event_choices":[{"cards_removed":["Strike_P"],"damage_healed":0.0,"max_hp_gain":0.0,"max_hp_loss":0.0,"gold_gain":0.0,"event_name":"Golden Wing","player_choice":"Card Removal","floor":2.0,"gold_loss":0.0,"damage_taken":7.0},{"damage_healed":0.0,"max_hp_gain":0.0,"max_hp_loss":0.0,"gold_gain":0.0,"event_name":"Big Fish","player_choice":"Box","floor":3.0,"gold_loss":0.0,"damage_taken":0.0,"relics_obtained":["Mummified Hand"],"cards_obtained":["Regret"]},{"damage_healed":0.0,"max_hp_gain":0.0,"max_hp_loss":0.0,"gold_gain":0.0,"event_name":"Match and Keep!","player_choice":"2 cards matched","floor":8.0,"gold_loss":0.0,"damage_taken":0.0,"cards_obtained":["Eruption","Ragnarok"]},{"cards_removed":["Strike_P"],"damage_healed":0.0,"max_hp_gain":0.0,"max_hp_loss":0.0,"gold_gain":0.0,"event_name":"Bonfire Elementals","player_choice":"Offered Basic","floor":14.0,"gold_loss":0.0,"damage_taken":0.0},{"damage_healed":0.0,"max_hp_gain":0.0,"max_hp_loss":0.0,"gold_gain":0.0,"event_name":"Vampires","player_choice":"Ignored","floor":21.0,"gold_loss":0.0,"damage_taken":0.0},{"damage_healed":0.0,"max_hp_gain":0.0,"max_hp_loss":0.0,"gold_gain":0.0,"event_name":"Nest","player_choice":"Joined the Cult","floor":25.0,"gold_loss":0.0,"damage_taken":6.0,"cards_obtained":["RitualDagger"]},{"cards_removed":["Defend_P"],"damage_healed":0.0,"max_hp_gain":0.0,"max_hp_loss":0.0,"gold_gain":0.0,"event_name":"Purifier","player_choice":"Purged","floor":29.0,"gold_loss":0.0,"damage_taken":0.0},{"damage_healed":0.0,"max_hp_gain":0.0,"max_hp_loss":0.0,"gold_gain":0.0,"event_name":"Accursed Blacksmith","player_choice":"Rummage","floor":38.0,"gold_loss":0.0,"damage_taken":0.0,"relics_obtained":["WarpedTongs"],"cards_obtained":["Pain"]}],"is_beta":false,"boss_relics":[{"not_picked":["Runic Dome","Pandora\u0027s Box"],"picked":"SacredBark"},{"not_picked":["Busted Crown","Tiny House"],"picked":"Calling Bell"}],"items_purged_floors":[5,20,39],"is_endless":false,"potions_floor_spawned":[4,7,13,18,19,24,28,33,37],"killed_by":"Giant Head","ascension_level":9}}