{"host":"xm9adsgm4dq1zj57","time":1608826468,"event":{"mods":["AchievementEnabler","BaseMod","Colored Map","DeckTracker","Highlight Path","Keyboard Shortcuts","Minty Spire (QoL Compilation)","Permanent Neow","Quick Restart","Rare Cards Sparkle","Slay-I","StSLib","SuperFastMode"],"gold_per_floor":[111,36,36,50,60,60,79,79,79,79,110,35,58,58,58,132,132,152,152,152,170,186,186,198,198,198,14,27,0,13,13,13,92,92,112,162,178,28,45,45,60,60,109,139,139,139,139],"floor_reached":46,"playtime":2886,"items_purged":["Defend_G"],"score":946,"play_id":"90c9b62d-f949-422e-b70f-e85ef3ca39ef","local_time":"20201225011428","is_ascension_mode":true,"campfire_choices":[{"data":"Noxious Fumes","floor":6.0,"key":"SMITH"},{"data":"Noxious Fumes","floor":8.0,"key":"SMITH"},{"floor":15.0,"key":"REST"},{"floor":23.0,"key":"REST"},{"floor":25.0,"key":"REST"},{"floor":32.0,"key":"REST"},{"data":"Catalyst","floor":40.0,"key":"SMITH"},{"data":"Burst","floor":42.0,"key":"SMITH"},{"data":"Leg Sweep","floor":45.0,"key":"SMITH"}],"circlet_count":0,"master_deck":["AscendersBane","Defend_G","Defend_G","Defend_G","Survivor","Neutralize","Noxious Fumes+1","Cloak And Dagger","Noxious Fumes+1","Dagger Spray","Leg Sweep+1","Night Terror","Poisoned Stab+1","Backflip","Backstab","PiercingWail","Noxious Fumes","Burst+1","Setup+1","PiercingWail+1","Deadly Poison+1","Catalyst+1","Corpse Explosion","Finesse","Footwork+1","Setup+1"],"relics":["Ring of the Snake","Paper Crane","WingedGreaves","Odd Mushroom","Velvet Choker","The Specimen","Membership Card","SsserpentHead","Astrolabe","Bronze Scales","InkBottle"],"acts_visited":["Exordium","TheCity","TheBeyond"],"potions_floor_usage":[],"damage_taken":[{"damage":1.0,"enemies":"2 Louse","floor":1.0,"turns":3.0},{"damage":3.0,"enemies":"Jaw Worm","floor":4.0,"turns":5.0},{"damage":0.0,"enemies":"Small Slimes","floor":5.0,"turns":4.0},{"damage":14.0,"enemies":"3 Louse","floor":7.0,"turns":4.0},{"damage":5.0,"enemies":"Lagavulin","floor":11.0,"turns":6.0},{"damage":19.0,"enemies":"The Mushroom Lair","floor":13.0,"turns":3.0},{"damage":24.0,"enemies":"The Guardian","floor":16.0,"turns":9.0},{"damage":13.0,"enemies":"3 Byrds","floor":18.0,"turns":4.0},{"damage":14.0,"enemies":"Spheric Guardian","floor":21.0,"turns":5.0},{"damage":11.0,"enemies":"Centurion and Healer","floor":22.0,"turns":6.0},{"damage":18.0,"enemies":"Snake Plant","floor":24.0,"turns":5.0},{"damage":9.0,"enemies":"Sentry and Sphere","floor":28.0,"turns":4.0},{"damage":17.0,"enemies":"3 Cultists","floor":30.0,"turns":5.0},{"damage":1.0,"enemies":"Collector","floor":33.0,"turns":7.0},{"damage":3.0,"enemies":"3 Shapes","floor":35.0,"turns":5.0},{"damage":7.0,"enemies":"3 Darklings","floor":37.0,"turns":5.0},{"damage":20.0,"enemies":"Sphere and 2 Shapes","floor":39.0,"turns":5.0},{"damage":0.0,"enemies":"Maw","floor":41.0,"turns":3.0},{"damage":12.0,"enemies":"Reptomancer","floor":44.0,"turns":3.0},{"damage":31,"enemies":"Transient","floor":46,"turns":2}],"seed_played":"-2079377169624237281","potions_obtained":[{"floor":4.0,"key":"Swift Potion"},{"floor":11.0,"key":"Regen Potion"},{"floor":13.0,"key":"BlessingOfTheForge"},{"floor":28.0,"key":"SpeedPotion"},{"floor":33.0,"key":"PowerPotion"}],"is_trial":false,"path_per_floor":["M","?","$","M","M","R","M","R","T","?","E","$","?","?","R","B",null,"M","?","?","M","M","R","M","R","T","$","M","?","M","?","R","B",null,"M","?","M","$","M","R","M","R","T","E","R","M"],"character_chosen":"THE_SILENT","items_purchased":["Membership Card","PowerPotion","Catalyst","Corpse Explosion","Finesse"],"campfire_rested":4,"item_purchase_floors":[27,27,38,38,38],"current_hp_per_floor":[58,58,58,55,55,55,41,41,41,41,36,36,17,17,36,27,56,43,43,43,29,18,37,19,38,38,38,29,29,12,12,31,30,57,54,54,47,47,27,27,27,27,27,15,15,0,0],"gold":139,"neow_bonus":"REMOVE_CARD","is_daily":false,"chose_seed":false,"campfire_upgraded":5,"win_rate":0.0,"timestamp":1608826468,"path_taken":["M","?","$","M","M","R","M","R","T","?","E","$","?","?","R","BOSS","M","?","?","M","M","R","M","R","T","$","?","?","M","?","R","BOSS","M","?","M","$","M","R","M","R","T","E","R","M"],"items_purchased_type":["Relic","Potion","Card","Card","Card"],"build_version":"2020-12-22","purchased_purges":1,"victory":false,"max_hp_per_floor":[66,66,66,66,66,66,66,66,66,66,66,66,66,66,66,66,66,66,66,66,66,66,66,66,66,66,66,66,66,66,66,66,66,66,66,66,66,66,66,66,66,66,66,66,66,66,66],"card_choices":[{"not_picked":["Flying Knee","Slice"],"picked":"Noxious Fumes","floor":1.0},{"not_picked":["Sucker Punch","Acrobatics"],"picked":"Cloak And Dagger","floor":4.0},{"not_picked":["Slice","Doppelganger"],"picked":"Noxious Fumes","floor":5.0},{"not_picked":["Sucker Punch","Tactician"],"picked":"Dagger Spray","floor":7.0},{"not_picked":["Slice","Acrobatics"],"picked":"Leg Sweep","floor":11.0},{"not_picked":["Deflect","Distraction"],"picked":"Poisoned Stab","floor":13.0},{"not_picked":["Envenom","After Image"],"picked":"Night Terror","floor":16.0},{"not_picked":["Dodge and Roll","Underhanded Strike"],"picked":"Poisoned Stab+1","floor":18.0},{"not_picked":["Deflect","Blur"],"picked":"Backflip","floor":21.0},{"not_picked":["Tools of the Trade","Underhanded Strike"],"picked":"Backstab","floor":22.0},{"not_picked":["Sucker Punch","Dagger Spray","Backflip"],"picked":"SKIP","floor":24.0},{"not_picked":["Prepared","Deflect"],"picked":"PiercingWail","floor":28.0},{"not_picked":["Bane","Predator"],"picked":"Noxious Fumes","floor":30.0},{"not_picked":["Die Die Die","Phantasmal Killer"],"picked":"Burst","floor":33.0},{"not_picked":["All Out Attack+1","Dodge and Roll","Backflip"],"picked":"SKIP","floor":35.0},{"not_picked":["Dagger Throw+1","Masterful Stab","Underhanded Strike"],"picked":"SKIP","floor":37.0},{"not_picked":["Endless Agony+1","Flying Knee"],"picked":"Footwork+1","floor":39.0},{"not_picked":["Flying Knee+1","Poisoned Stab+1","Dodge and Roll"],"picked":"SKIP","floor":41.0},{"not_picked":["Dagger Throw","Die Die Die"],"picked":"Setup+1","floor":44.0}],"player_experience":951701,"relics_obtained":[{"floor":9.0,"key":"Paper Crane"},{"floor":11.0,"key":"WingedGreaves"},{"floor":13.0,"key":"Odd Mushroom"},{"floor":26.0,"key":"The Specimen"},{"floor":43.0,"key":"Bronze Scales"},{"floor":44.0,"key":"InkBottle"}],"event_choices":[{"cards_removed":["Defend_G"],"damage_healed":0.0,"max_hp_gain":0.0,"max_hp_loss":0.0,"gold_gain":0.0,"event_name":"The Cleric","player_choice":"Card Removal","floor":2.0,"gold_loss":75.0,"damage_taken":0.0},{"cards_removed":["Strike_G"],"damage_healed":0.0,"max_hp_gain":0.0,"max_hp_loss":0.0,"gold_gain":0.0,"event_name":"Living Wall","player_choice":"Forget","floor":10.0,"gold_loss":0.0,"damage_taken":0.0},{"damage_healed":0.0,"max_hp_gain":0.0,"max_hp_loss":0.0,"gold_gain":0.0,"event_name":"Mushrooms","player_choice":"Fought Mushrooms","floor":13.0,"gold_loss":0.0,"damage_taken":0.0},{"damage_healed":0.0,"max_hp_gain":0.0,"max_hp_loss":0.0,"gold_gain":0.0,"event_name":"Shining Light","player_choice":"Ignored","floor":14.0,"gold_loss":0.0,"damage_taken":0.0},{"damage_healed":0.0,"max_hp_gain":0.0,"max_hp_loss":0.0,"gold_gain":0.0,"event_name":"Cursed Tome","player_choice":"Ignored","floor":19.0,"gold_loss":0.0,"damage_taken":0.0},{"damage_healed":0.0,"max_hp_gain":0.0,"max_hp_loss":0.0,"gold_gain":0.0,"event_name":"N\u0027loth","player_choice":"Ignored","floor":20.0,"gold_loss":0.0,"damage_taken":0.0},{"damage_healed":0.0,"max_hp_gain":0.0,"max_hp_loss":0.0,"gold_gain":0.0,"event_name":"Masked Bandits","player_choice":"Paid Fearfully","floor":29.0,"gold_loss":27.0,"damage_taken":0.0},{"damage_healed":0.0,"max_hp_gain":0.0,"max_hp_loss":0.0,"gold_gain":0.0,"event_name":"FaceTrader","player_choice":"Trade","floor":31.0,"gold_loss":0.0,"damage_taken":0.0,"relics_obtained":["SsserpentHead"]},{"cards_removed":["Poisoned Stab"],"damage_healed":0.0,"max_hp_gain":0.0,"max_hp_loss":0.0,"gold_gain":0.0,"event_name":"Falling","player_choice":"Removed Attack","floor":36.0,"gold_loss":0.0,"damage_taken":0.0}],"is_beta":false,"boss_relics":[{"not_picked":["Black Star","Calling Bell"],"picked":"Velvet Choker"},{"not_picked":["WristBlade","Runic Pyramid"],"picked":"Astrolabe"}],"items_purged_floors":[12],"is_endless":false,"potions_floor_spawned":[4,11,13,28,33],"killed_by":"Transient","ascension_level":20}}