{"host":"2e3z4r48quhw80cc","time":1608783176,"event":{"mods":["BaseMod","Minty Spire (QoL Compilation)","Quick Restart","StSLib","SuperFastMode"],"gold_per_floor":[114,189,189,148,148,182,205,246,273,291,291,291,307,307,307,427,427,450,375,3,0,0,0,0,0,36,67,95,107,119,56,56,56,56],"floor_reached":33,"playtime":741,"items_purged":["Shame"],"score":463,"play_id":"ee337652-57c4-4181-9641-18c647a34b77","local_time":"20201224131256","is_ascension_mode":true,"campfire_choices":[{"floor":11.0,"key":"REST"},{"data":"Loop","floor":15.0,"key":"SMITH"},{"data":"Loop","floor":23.0,"key":"SMITH"},{"data":"Zap","floor":30,"key":"SMITH"},{"data":"Barrage","floor":32,"key":"SMITH"}],"circlet_count":0,"master_deck":["AscendersBane","Strike_B","Strike_B","Defend_B","Defend_B","Defend_B","Zap+1","Dualcast","Barrage+1","Heatsinks","Loop+1","Loop+1","Double Energy","Glacier","Biased Cognition","FTL","Self Repair","Loop+1"],"relics":["Cracked Core","NeowsBlessing","Golden Idol","Bag of Preparation","WingedGreaves","Oddly Smooth Stone","Black Star","Runic Capacitor","Tiny Chest","Question Card","MawBank","Toy Ornithopter"],"acts_visited":["Exordium","TheCity"],"potions_floor_usage":[],"damage_taken":[{"damage":0.0,"enemies":"Jaw Worm","floor":1.0,"turns":1.0},{"damage":0.0,"enemies":"3 Sentries","floor":6.0,"turns":1.0},{"damage":0.0,"enemies":"2 Louse","floor":7.0,"turns":1.0},{"damage":20.0,"enemies":"Lagavulin","floor":8.0,"turns":7.0},{"damage":6.0,"enemies":"Small Slimes","floor":10.0,"turns":3.0},{"damage":9.0,"enemies":"2 Fungi Beasts","floor":13.0,"turns":4.0},{"damage":29.0,"enemies":"Slime Boss","floor":16.0,"turns":18.0},{"damage":0.0,"enemies":"Chosen","floor":18.0,"turns":7.0},{"damage":10.0,"enemies":"Spheric Guardian","floor":27.0,"turns":4.0},{"damage":22.0,"enemies":"Snake Plant","floor":28.0,"turns":4.0},{"damage":39,"enemies":"Champ","floor":33,"turns":11}],"seed_played":"-2989680359174969928","potions_obtained":[{"floor":6.0,"key":"Energy Potion"},{"floor":16.0,"key":"LiquidBronze"},{"floor":18.0,"key":"ColorlessPotion"}],"is_trial":false,"path_per_floor":["M","?","?","$","?","E","M","E","T","M","R","?","M","?","R","B",null,"M","?","$","?","?","R","?","T","T","M","M","?","R","$","R","B"],"character_chosen":"DEFECT","items_purchased":["Heatsinks","Runic Capacitor","Self Repair","Tiny Chest"],"campfire_rested":1,"item_purchase_floors":[4,20,20,20],"current_hp_per_floor":[68,57,62,62,42,42,42,22,22,16,40,40,31,31,31,2,61,61,61,61,61,61,61,61,61,61,58,51,51,51,51,51,12,12],"gold":56,"neow_bonus":"THREE_ENEMY_KILL","is_daily":false,"chose_seed":false,"campfire_upgraded":4,"win_rate":0.0,"timestamp":1608783176,"path_taken":["M","?","?","$","?","E","?","E","T","M","R","?","?","?","R","BOSS","M","?","$","?","?","R","?","?","T","?","M","?","R","?","R","BOSS"],"items_purchased_type":["Card","Relic","Card","Relic"],"build_version":"2020-12-22","purchased_purges":1,"victory":false,"max_hp_per_floor":[75,75,80,80,80,80,80,80,80,80,80,80,80,80,80,80,80,80,80,80,80,80,80,80,80,80,80,80,80,80,80,80,80,80],"card_choices":[{"not_picked":["Turbo","Skim"],"picked":"Barrage","floor":1.0},{"not_picked":["All For One","Fusion"],"picked":"Loop","floor":6.0},{"not_picked":["Hologram","Reinforced Body"],"picked":"Loop","floor":7.0},{"not_picked":["Rebound","Rip and Tear"],"picked":"Double Energy","floor":8.0},{"not_picked":["Stack","Compile Driver","Cold Snap"],"picked":"SKIP","floor":10.0},{"not_picked":["Turbo","Coolheaded","Aggregate"],"picked":"SKIP","floor":13.0},{"not_picked":["Thunder Strike","Reboot"],"picked":"Biased Cognition","floor":16.0},{"not_picked":["Doom and Gloom","Rebound"],"picked":"FTL","floor":18.0},{"not_picked":["Stack","Sweeping Beam+1","Redo+1","Coolheaded+1"],"picked":"SKIP","floor":27.0},{"not_picked":["Steam","Redo","Rebound","Sweeping Beam"],"picked":"SKIP","floor":28.0}],"player_experience":81004,"relics_obtained":[{"floor":6.0,"key":"Bag of Preparation"},{"floor":8.0,"key":"WingedGreaves"},{"floor":9.0,"key":"Oddly Smooth Stone"},{"floor":25.0,"key":"MawBank"},{"floor":26.0,"key":"Toy Ornithopter"}],"event_choices":[{"damage_healed":0.0,"max_hp_gain":0.0,"max_hp_loss":0.0,"gold_gain":75.0,"event_name":"World of Goop","player_choice":"Gather Gold","floor":2.0,"gold_loss":0.0,"damage_taken":11.0},{"damage_healed":0.0,"max_hp_gain":5.0,"max_hp_loss":0.0,"gold_gain":0.0,"event_name":"Big Fish","player_choice":"Donut","floor":3.0,"gold_loss":0.0,"damage_taken":0.0},{"damage_healed":0.0,"max_hp_gain":0.0,"max_hp_loss":0.0,"gold_gain":0.0,"event_name":"Golden Idol","player_choice":"Take Damage","floor":5.0,"gold_loss":0.0,"damage_taken":20.0,"relics_obtained":["Golden Idol"]},{"cards_removed":["Strike_B"],"damage_healed":0.0,"max_hp_gain":0.0,"max_hp_loss":0.0,"gold_gain":0.0,"event_name":"Bonfire Elementals","player_choice":"Offered Basic","floor":12.0,"gold_loss":0.0,"damage_taken":0.0},{"damage_healed":0.0,"max_hp_gain":0.0,"max_hp_loss":0.0,"gold_gain":0.0,"cards_transformed":["Strike_B"],"event_name":"Living Wall","player_choice":"Change","floor":14.0,"gold_loss":0.0,"damage_taken":0.0,"cards_obtained":["Glacier"]},{"cards_removed":["Defend_B"],"damage_healed":0.0,"max_hp_gain":0.0,"max_hp_loss":0.0,"gold_gain":0.0,"event_name":"Beggar","player_choice":"Gave Gold","floor":19.0,"gold_loss":75.0,"damage_taken":0.0},{"damage_healed":0.0,"max_hp_gain":0.0,"max_hp_loss":0.0,"gold_gain":0.0,"event_name":"Masked Bandits","player_choice":"Paid Fearfully","floor":21.0,"gold_loss":3.0,"damage_taken":0.0},{"damage_healed":0.0,"max_hp_gain":0.0,"max_hp_loss":0.0,"gold_gain":0.0,"event_name":"Addict","player_choice":"Stole Relic","floor":22.0,"gold_loss":0.0,"damage_taken":0.0,"relics_obtained":["Question Card"],"cards_obtained":["Shame"]},{"damage_healed":0.0,"max_hp_gain":0.0,"max_hp_loss":0.0,"gold_gain":0.0,"event_name":"Duplicator","player_choice":"Copied","floor":24.0,"gold_loss":0.0,"damage_taken":0.0,"cards_obtained":["Loop"]},{"damage_healed":0,"gold_gain":0,"player_choice":"Ignored","damage_taken":0,"max_hp_gain":0,"max_hp_loss":0,"event_name":"Cursed Tome","floor":29,"gold_loss":0}],"is_beta":false,"boss_relics":[{"not_picked":["Runic Pyramid","Ectoplasm"],"picked":"Black Star"}],"items_purged_floors":[31],"is_endless":false,"potions_floor_spawned":[6,16,18],"killed_by":"Champ","ascension_level":12}}