{"host":"ou23awlgcm0pi7o1","time":1608805629,"event":{"mods":["BaseMod","Colored Map","Downfall","Minty Spire (QoL Compilation)","StSLib","Unceasing Turn Reminder"],"gold_per_floor":[349,369,369,369,381,147,171,186,201,235,252,137,62,79,98,98,98,98],"floor_reached":16,"playtime":1094,"items_purged":["champ:Strike","champ:Strike"],"score":118,"play_id":"a646b2dc-2a8b-4f0a-a9c7-17fe41010f45","local_time":"20201224102709","is_ascension_mode":true,"campfire_choices":[{"data":"champ:Taunt","floor":1,"key":"SMITH"},{"data":"champ:Aggression","floor":13,"key":"SMITH"}],"circlet_count":0,"master_deck":["champ:Strike","champ:Strike","champ:Defend","champ:Defend","champ:Defend","champ:Defend","champ:Execute","champ:Taunt+1","champ:ShieldSigil","champ:Balance","champ:ShieldSigil","champ:ShieldSlam","champ:AdrenalArmor","champ:Aggression+1","champ:SkillfulDodge","champ:SwordThrow","champ:Lariat"],"relics":["champ:ChampionCrown","Mango","Pen Nib","Ancient Tea Set","downfall:HeartBlessingGreen"],"acts_visited":["Exordium"],"potions_floor_usage":[15,16],"damage_taken":[{"damage":10,"enemies":"Cultist","floor":2,"turns":5},{"damage":14,"enemies":"Small Slimes","floor":5,"turns":3},{"damage":10,"enemies":"downfall:FleeingMerchant","floor":6,"turns":4},{"damage":22,"enemies":"Jaw Worm","floor":8,"turns":4},{"damage":31,"enemies":"Lots of Slimes","floor":9,"turns":5},{"damage":63,"enemies":"Lagavulin","floor":10,"turns":6},{"damage":35,"enemies":"Exordium Thugs","floor":11,"turns":4},{"damage":38,"enemies":"downfall:FleeingMerchant","floor":12,"turns":4},{"damage":13,"enemies":"3 Louse","floor":14,"turns":3},{"damage":29,"enemies":"Large Slime","floor":15,"turns":4},{"damage":46,"enemies":"downfall:Defect","floor":16,"turns":5}],"seed_played":"-783687054720206881","potions_obtained":[{"floor":2,"key":"CultistPotion"},{"floor":5,"key":"Guardian:BlockOnCardUsePotion"},{"floor":10,"key":"AttackPotion"},{"floor":15,"key":"ColorlessPotion"}],"is_trial":false,"path_per_floor":["R","M","?","?","M","$","T","M","M","E","M","$","R","M","M","B"],"character_chosen":"THE_CHAMP","items_purchased":["champ:ShieldSlam"],"campfire_rested":0,"item_purchase_floors":[6],"current_hp_per_floor":[81,81,81,92,88,83,83,83,65,49,43,43,43,43,43,0,0,0],"gold":98,"neow_bonus":"TWO_FIFTY_GOLD","is_daily":false,"chose_seed":false,"campfire_upgraded":2,"win_rate":0.0,"timestamp":1608805629,"path_taken":["R","M","?","?","M","$","T","M","M","E","M","$","R","M","M","BOSS"],"items_purchased_type":["Card"],"build_version":"2020-12-22","purchased_purges":2,"victory":false,"max_hp_per_floor":[81,81,81,95,95,95,95,95,95,95,95,95,95,95,95,95,95,95],"card_choices":[{"not_picked":["champ:FightOn","champ:EnGarde"],"picked":"champ:ShieldSigil","floor":2},{"not_picked":["champ:BringItOn","champ:ShieldWall"],"picked":"champ:Balance","floor":5},{"not_picked":["champ:BladeFlurry","champ:FlashCut"],"picked":"champ:ShieldSigil","floor":6},{"not_picked":["champ:StanceDance","champ:TornadoPunch"],"picked":"champ:AdrenalArmor","floor":8},{"not_picked":["champ:Riposte","champ:FocusedGladiator"],"picked":"champ:Aggression","floor":9},{"not_picked":["champ:CrookedStrike","champ:EnragedBash","champ:TornadoPunch"],"picked":"SKIP","floor":10},{"not_picked":["champ:StanceDance","champ:ShieldWall"],"picked":"champ:SkillfulDodge","floor":11},{"not_picked":["champ:FanOfKnives","champ:TornadoPunch"],"picked":"champ:SwordThrow","floor":12},{"not_picked":["champ:RisingSlash","champ:BringItOn"],"picked":"champ:Lariat","floor":14},{"not_picked":["champ:RageSigil","champ:CrookedStrike","champ:PerfectedStrike"],"picked":"SKIP","floor":15}],"player_experience":345148,"relics_obtained":[{"floor":7,"key":"Pen Nib"},{"floor":10,"key":"Ancient Tea Set"}],"event_choices":[{"damage_healed":0,"gold_gain":0,"player_choice":"Success","damage_taken":3,"relics_obtained":["Mango"],"max_hp_gain":0,"max_hp_loss":0,"event_name":"Scrap Ooze","floor":4,"gold_loss":0}],"is_beta":false,"boss_relics":[],"items_purged_floors":[6,12],"is_endless":false,"potions_floor_spawned":[2,5,10,11,14,15],"killed_by":"downfall:Defect","ascension_level":5}}