{"host":"kabf61oc9jgfwufg","time":1608847305,"event":{"mods":["AchievementEnabler","Act Like it!","Aspiration","Bartender","BaseMod","CatGirl Mod","Conspire","GifTheSpireLib","Halation","HexUI Lib","Hubris","Infinite Spire","Marisa????????","Minty Spire (QoL Compilation)","Pale of the Ancients","Rare Cards Sparkle","Replay The Spire","StSLib","The Alterego","The Animator","The Blackbeard","The Bladedancer","The Cursed","The Jungle","The Marked","The Servant 0.9.4","TheSwordswoman"],"gold_per_floor":[114,214,224,241,251,285,285,300,300,300,330,96,96,96,96,96,96],"floor_reached":16,"playtime":706,"items_purged":["Demonic Infusion"],"score":116,"play_id":"8f44b563-c410-4000-8003-7ee8fa11afa3","local_time":"20201224220145","is_ascension_mode":true,"campfire_choices":[{"data":"Perfected Strike","floor":7,"key":"SMITH"},{"floor":10,"key":"REST"},{"floor":13,"key":"REST"},{"data":"Eclipse","floor":15,"key":"SMITH"}],"circlet_count":0,"master_deck":["Strike_R","Strike_R","Strike_R","Strike_R","Strike_R","Defend_R","Defend_R","Defend_R","Defend_R","Bash","Shrug It Off","Reaper","Perfected Strike+1","Pommel Strike","Shrug It Off","Eclipse+1"],"relics":["halation:SimulatedSpire","Replay:Ringing Soul","Replay:Wax Seal","Meat on the Bone","infinitespire:Eraser"],"acts_visited":["Exordium"],"potions_floor_usage":[5,6,16],"damage_taken":[{"damage":7,"enemies":"Small Slimes","floor":1,"turns":3},{"damage":9,"enemies":"Cultist","floor":3,"turns":5},{"damage":2,"enemies":"2 Louse","floor":4,"turns":3},{"damage":11,"enemies":"Lots of Slimes","floor":5,"turns":4},{"damage":38,"enemies":"3 Sentries","floor":6,"turns":9},{"damage":31,"enemies":"3 Louse","floor":8,"turns":6},{"damage":22,"enemies":"Gremlin Nob","floor":11,"turns":4},{"damage":56,"enemies":"Slime Boss","floor":16,"turns":8}],"seed_played":"-5602024508567659439","potions_obtained":[{"floor":1,"key":"infinitespire:BlackPotion"},{"floor":5,"key":"Block Potion"},{"floor":8,"key":"Toxic Potion"}],"is_trial":false,"path_per_floor":["M","?","M","M","M","E","R","M","T","R","E","$","R","T","R","B"],"character_chosen":"IRONCLAD","items_purchased":["Eclipse"],"campfire_rested":2,"item_purchase_floors":[12],"current_hp_per_floor":[73,73,64,62,51,28,28,9,9,34,12,15,41,41,41,0,0],"gold":96,"neow_bonus":"SIMULATED_SPIRE","is_daily":false,"chose_seed":false,"campfire_upgraded":2,"win_rate":0.0,"timestamp":1608847305,"path_taken":["M","?","M","M","?","E","R","M","T","R","E","$","R","?","R","BOSS"],"items_purchased_type":["Card"],"build_version":"2020-12-22","purchased_purges":1,"victory":false,"max_hp_per_floor":[80,80,80,80,80,83,83,86,86,86,86,89,89,89,89,89,89],"card_choices":[{"not_picked":["Anger","Whirlwind"],"picked":"Shrug It Off","floor":1},{"not_picked":["Battle Trance","Sword Boomerang"],"picked":"Reaper","floor":3},{"not_picked":["Dropkick","hubris:ReadiedAction"],"picked":"Perfected Strike","floor":4},{"not_picked":["conspire:ExplosiveBarrier","Feel No Pain"],"picked":"Pommel Strike","floor":5},{"not_picked":["Rupture","Evolve"],"picked":"Demonic Infusion","floor":6},{"not_picked":["Carnage","Headbutt"],"picked":"Shrug It Off","floor":8},{"not_picked":["Dropkick","Body Slam","Sever Soul"],"picked":"SKIP","floor":8},{"not_picked":["Searing Blow","Heavy Blade","Rupture"],"picked":"SKIP","floor":11}],"player_experience":23941,"relics_obtained":[{"floor":6,"key":"Replay:Ringing Soul"},{"floor":9,"key":"Replay:Wax Seal"},{"floor":11,"key":"Meat on the Bone"},{"floor":14,"key":"infinitespire:Eraser"}],"event_choices":[{"damage_healed":0,"gold_gain":100,"player_choice":"Pray","damage_taken":0,"max_hp_gain":0,"max_hp_loss":0,"event_name":"Golden Shrine","floor":2,"gold_loss":0}],"is_beta":false,"boss_relics":[],"items_purged_floors":[12],"is_endless":false,"potions_floor_spawned":[1,5,8],"killed_by":"Slime Boss","ascension_level":1}}