{"host":"2j5d0uw0vihq8b8w","time":1608807975,"event":{"mods":["2.2 Compatiblity","AchievementEnabler","BaseMod","BetterRewards","Colored Map","Colored Powertips","Custom Start","DeckTracker","Hermit","Lobotomy","Minty Spire (QoL Compilation)","Permanent Neow","Quick Restart","Rare Cards Sparkle","StSLib","SuperFastMode"],"gold_per_floor":[117,117,129,139,149,149,164,182,182,182,195,209,241,8,8,8,8],"floor_reached":16,"playtime":938,"items_purged":["Strike_G"],"score":212,"play_id":"cd0eabc7-fc60-41b1-beb1-94e38f4f762e","local_time":"20201224200615","is_ascension_mode":true,"campfire_choices":[{"data":"Riddle With Holes","floor":6,"key":"SMITH"},{"data":"Neutralize","floor":10,"key":"SMITH"},{"data":"Well Laid Plans","floor":15,"key":"SMITH"}],"circlet_count":0,"master_deck":["AscendersBane","Strike_G","Strike_G","Strike_G","Strike_G","Defend_G","Defend_G","Defend_G","Defend_G","Defend_G","Survivor","Neutralize+1","Dagger Throw","Riddle With Holes+1","Endless Agony","Backflip","After Image","Well Laid Plans+1"],"relics":["Ring of the Snake","Lantern","Sundial","Pen Nib","TheAbacus"],"acts_visited":["Exordium"],"potions_floor_usage":[5,13,16],"damage_taken":[{"damage":0,"enemies":"Small Slimes","floor":1,"turns":5},{"damage":1,"enemies":"Cultist","floor":3,"turns":5},{"damage":0,"enemies":"2 Louse","floor":4,"turns":2},{"damage":0,"enemies":"Gremlin Gang","floor":5,"turns":4},{"damage":5,"enemies":"Large Slime","floor":7,"turns":5},{"damage":5,"enemies":"3 Louse","floor":8,"turns":3},{"damage":0,"enemies":"Blue Slaver","floor":11,"turns":5},{"damage":1,"enemies":"Gremlin Gang","floor":12,"turns":5},{"damage":14,"enemies":"3 Sentries","floor":13,"turns":11},{"damage":44,"enemies":"Slime Boss","floor":16,"turns":8}],"seed_played":"7355738118793722296","potions_obtained":[{"floor":2,"key":"DuplicationPotion"},{"floor":2,"key":"Poison Potion"},{"floor":7,"key":"Block Potion"}],"is_trial":false,"path_per_floor":["M","?","M","M","M","R","M","M","T","R","M","M","E","$","R","B"],"character_chosen":"THE_SILENT","items_purchased":["TheAbacus"],"campfire_rested":0,"item_purchase_floors":[14],"current_hp_per_floor":[59,59,58,58,58,58,53,48,48,48,48,47,33,33,33,0,0],"gold":8,"neow_bonus":"RANDOM_COMMON_RELIC","is_daily":false,"chose_seed":false,"campfire_upgraded":3,"win_rate":0.0,"timestamp":1608807975,"path_taken":["M","?","M","M","M","R","M","?","T","R","M","M","E","$","R","BOSS"],"items_purchased_type":["Relic"],"build_version":"2020-12-22","purchased_purges":1,"victory":false,"max_hp_per_floor":[66,66,66,66,66,66,66,66,66,66,66,66,66,66,66,66,66],"card_choices":[{"not_picked":["Cloak And Dagger","Slice"],"picked":"Dagger Throw","floor":1},{"not_picked":["Expertise","PiercingWail"],"picked":"Riddle With Holes","floor":3},{"not_picked":["Quick Slash","Choke"],"picked":"Endless Agony","floor":4},{"not_picked":["Poisoned Stab","Outmaneuver","Catalyst"],"picked":"SKIP","floor":5},{"not_picked":["PiercingWail","Backstab"],"picked":"Backflip","floor":7},{"not_picked":["Backflip","Eviscerate"],"picked":"After Image","floor":8},{"not_picked":["PiercingWail","Dagger Spray"],"picked":"Well Laid Plans","floor":11},{"not_picked":["Quick Slash","Flying Knee","Deflect"],"picked":"SKIP","floor":12},{"not_picked":["Dash","Choke","Eviscerate"],"picked":"SKIP","floor":13}],"player_experience":720707,"relics_obtained":[{"floor":9,"key":"Sundial"},{"floor":13,"key":"Pen Nib"}],"event_choices":[{"damage_healed":0,"gold_gain":0,"player_choice":"Got Potions","damage_taken":0,"max_hp_gain":0,"max_hp_loss":0,"event_name":"Lab","floor":2,"gold_loss":0}],"is_beta":false,"boss_relics":[],"items_purged_floors":[14],"is_endless":false,"potions_floor_spawned":[3,4,7,8],"killed_by":"Slime Boss","ascension_level":20}}