{"host":"chv1qanoipyt46jc","time":1608785528,"event":{"mods":["2.2 Compatiblity","AchievementEnabler","BaseMod","BetterRewards","CapriCore","Card Filter","Conspire","Gold Saver","Grow up Mod","Minty Spire (QoL Compilation)","Rare Cards Sparkle","Relic Filter","Remove Card Discount Mod","Reorder Act Four","StSLib","TheVacant"],"gold_per_floor":[963,974,992,1011,805,839,839,864,864,864,874,874,886,902,902,1003,1003,1022,1037,1057,1156,1156,1156,1170,1188,1188,1188,1208,1208,1208,1202,1202,1302,1302,1316,1316,1316,1330,1348,1348,1359,1379,1379,1409,1427,1460,1510,1540,1540,1540,1540],"floor_reached":50,"playtime":2473,"items_purged":["theVacant:VacantStarterStrike","theVacant:VacantStarterDefend","theVacant:VacantStarterStrike","theVacant:VacantStarterStrike","theVacant:VacantStarterStrike","theVacant:VacantStarterDefend","theVacant:VacantStarterDefend","theVacant:VacantStarterDefend","theVacant:Threat+1","theVacant:Spinshield","theVacant:Jab"],"score":748,"play_id":"36a6aaa2-6f08-4fae-8bf9-04701942eee9","local_time":"20201223225208","is_ascension_mode":false,"campfire_choices":[{"data":"theVacant:Threat","floor":7.0,"key":"SMITH"},{"data":"theVacant:Carve","floor":12.0,"key":"SMITH"},{"floor":15.0,"key":"DIG"},{"data":"theVacant:Release","floor":23.0,"key":"SMITH"},{"floor":27.0,"key":"DIG"},{"floor":29.0,"key":"RECALL"},{"floor":32.0,"key":"DIG"},{"data":"theVacant:Crunch","floor":40,"key":"SMITH"},{"data":"theVacant:Husk","floor":49,"key":"SMITH"}],"circlet_count":0,"master_deck":["theVacant:Release+1","theVacant:Crunch+1","theVacant:Carve+1","theVacant:GraveDigger","theVacant:Gloom","theVacant:ShriekingBlast+1","Madness+1","Madness+1","theVacant:GraveDigger+1","Parasite","theVacant:Jab+1","theVacant:Jab","theVacant:Husk+1","theVacant:ShutAway+1","theVacant:SurpriseAttack+1","theVacant:TheAnvil"],"relics":["theVacant:BrassGoblet","Torii","Singing Bowl","Prayer Wheel","Ice Cream","Membership Card","Shovel","Bottled Flame","Pear","Eternal Feather","Question Card","Turnip","Black Star","Akabeko","Pocketwatch","War Paint","Blue Candle","White Beast Statue","Mango","Whetstone","FossilizedHelix"],"acts_visited":["TheBeyond"],"potions_floor_usage":[],"damage_taken":[{"damage":1.0,"enemies":"Jaw Worm","floor":1.0,"turns":3.0},{"damage":0.0,"enemies":"Small Slimes","floor":2.0,"turns":2.0},{"damage":0.0,"enemies":"Cultist","floor":3.0,"turns":2.0},{"damage":9.0,"enemies":"Blue Slaver","floor":4.0,"turns":2.0},{"damage":36.0,"enemies":"3 Sentries","floor":6.0,"turns":5.0},{"damage":18.0,"enemies":"Lagavulin","floor":8.0,"turns":3.0},{"damage":0.0,"enemies":"Large Slime","floor":11.0,"turns":4.0},{"damage":10.0,"enemies":"Looter","floor":13.0,"turns":2.0},{"damage":0.0,"enemies":"Exordium Thugs","floor":14.0,"turns":2.0},{"damage":73.0,"enemies":"The Guardian","floor":16.0,"turns":7.0},{"damage":2.0,"enemies":"Chosen","floor":18.0,"turns":3.0},{"damage":24.0,"enemies":"2 Thieves","floor":19.0,"turns":3.0},{"damage":10.0,"enemies":"Sentry and Sphere","floor":20.0,"turns":3.0},{"damage":21.0,"enemies":"Snake Plant","floor":24.0,"turns":2.0},{"damage":0.0,"enemies":"Snecko","floor":25.0,"turns":3.0},{"damage":6.0,"enemies":"3 Cultists","floor":28.0,"turns":3.0},{"damage":255.0,"enemies":"Collector","floor":33.0,"turns":9.0},{"damage":22,"enemies":"Orb Walker","floor":35,"turns":3},{"damage":39,"enemies":"3 Darklings","floor":38,"turns":3},{"damage":87,"enemies":"4 Shapes","floor":39,"turns":4},{"damage":53,"enemies":"Writhing Mass","floor":41,"turns":6},{"damage":55,"enemies":"3 Darklings","floor":42,"turns":4},{"damage":91,"enemies":"Reptomancer","floor":44,"turns":5},{"damage":0,"enemies":"Jaw Worm Horde","floor":45,"turns":2},{"damage":69,"enemies":"Nemesis","floor":46,"turns":5},{"damage":0,"enemies":"Mind Bloom Boss Battle","floor":47,"turns":1},{"damage":27,"enemies":"Giant Head","floor":48,"turns":5},{"damage":191,"enemies":"conspire:OrnateMirror","floor":50,"turns":5}],"seed_played":"4977413045454803062","potions_obtained":[{"floor":2.0,"key":"LiquidBronze"},{"floor":3.0,"key":"FearPotion"},{"floor":13.0,"key":"FearPotion"},{"floor":14.0,"key":"LiquidBronze"},{"floor":22.0,"key":"Swift Potion"},{"floor":45,"key":"Energy Potion"},{"floor":47,"key":"CultistPotion"}],"is_trial":false,"path_per_floor":["M","M","M","M","$","E","R","E","T","$","M","R","M","M","R","B",null,"M","M","M","?","?","R","M","M","T","R","M","R","?","$","R","B",null,"M","$","?","M","M","R","M","M","T","E","M","E","?","E","R","B"],"character_chosen":"THE_VACANT","items_purchased":["Singing Bowl","theVacant:Carve","theVacant:Spinshield","Membership Card","theVacant:Gloom","theVacant:Threat"],"campfire_rested":0,"item_purchase_floors":[0,0,0,5,5,5],"current_hp_per_floor":[53,65,79,84,94,70,80,74,84,94,108,118,122,134,154,93,298,310,300,304,314,324,334,327,341,351,364,372,385,395,405,418,175,494,486,496,441,414,341,354,311,268,278,199,213,154,178,161,180,0,0],"gold":1540,"neow_bonus":"","is_daily":false,"chose_seed":false,"campfire_upgraded":5,"win_rate":0.0,"timestamp":1608785528,"path_taken":["M","M","M","M","$","E","R","E","T","$","M","R","M","M","R","BOSS","M","M","M","?","?","R","M","?","T","R","M","R","?","$","R","BOSS","M","$","?","M","M","R","M","M","T","E","M","E","?","E","R","BOSS"],"items_purchased_type":["Relic","Card","Card","Relic","Card","Card"],"build_version":"2020-12-22","purchased_purges":11,"victory":false,"max_hp_per_floor":[102,114,128,142,152,164,174,186,196,206,220,230,244,256,276,288,298,312,326,340,350,360,370,384,398,408,418,432,442,452,462,472,484,494,508,518,528,540,554,564,574,586,596,608,622,632,656,666,676,676,676],"card_choices":[{"not_picked":["theVacant:Carve","theVacant:FranticBlow"],"picked":"theVacant:GraveDigger","floor":1.0},{"not_picked":["theVacant:Whip","theVacant:FranticBlow","theVacant:GraveWave"],"picked":"Singing Bowl","floor":1.0},{"not_picked":["theVacant:Cower","theVacant:GraveWave","theVacant:Immaterialize"],"picked":"Singing Bowl","floor":2.0},{"not_picked":["theVacant:SpiritOrb","theVacant:FranticBlow"],"picked":"theVacant:Jab","floor":2.0},{"not_picked":["theVacant:Necromancy","theVacant:Throttle","theVacant:FranticBlow"],"picked":"Singing Bowl","floor":3.0},{"not_picked":["theVacant:SurpriseAttack","theVacant:Necromancy","theVacant:Hex"],"picked":"Singing Bowl","floor":3.0},{"not_picked":["theVacant:Return","theVacant:EyePoke","theVacant:Anguish"],"picked":"Singing Bowl","floor":4.0},{"not_picked":["theVacant:MindBreak","theVacant:Spinshield","theVacant:Dig"],"picked":"Singing Bowl","floor":4.0},{"not_picked":["theVacant:Fling","theVacant:OnSecondThought","theVacant:GraveDigger"],"picked":"Singing Bowl","floor":6.0},{"not_picked":["theVacant:EyePoke","theVacant:Unearth","theVacant:Recover"],"picked":"Singing Bowl","floor":8.0},{"not_picked":["theVacant:SpiritOrb","theVacant:EyePoke","theVacant:Husk"],"picked":"Singing Bowl","floor":11.0},{"not_picked":["theVacant:Exorcise","theVacant:FranticBlow","theVacant:GraveDigger"],"picked":"Singing Bowl","floor":11.0},{"not_picked":["theVacant:Dig","theVacant:Yeet","theVacant:FranticBlow"],"picked":"Singing Bowl","floor":13.0},{"not_picked":["theVacant:Gloom","theVacant:Cower","theVacant:GraveWave"],"picked":"Singing Bowl","floor":13.0},{"not_picked":["theVacant:Fortify","theVacant:Hex","theVacant:ShriekingBlast"],"picked":"Singing Bowl","floor":14.0},{"not_picked":["theVacant:GraveWave","theVacant:Sneeze"],"picked":"theVacant:ShriekingBlast","floor":14.0},{"not_picked":["theVacant:Voidstone","theVacant:ForgeSoul","theVacant:WhenDarknessComes"],"picked":"Singing Bowl","floor":16.0},{"not_picked":["theVacant:GraveWave","theVacant:Whip","theVacant:TwistFate"],"picked":"Singing Bowl","floor":18.0},{"not_picked":["theVacant:BellToll","theVacant:TwistFate","theVacant:GraveWave+1"],"picked":"Singing Bowl","floor":18.0},{"not_picked":["theVacant:ShriekingBlast","theVacant:GraveWave+1","theVacant:Whip+1"],"picked":"Singing Bowl","floor":19.0},{"not_picked":["theVacant:Dig","theVacant:Fling","theVacant:DimensionTear"],"picked":"Singing Bowl","floor":19.0},{"not_picked":["theVacant:FranticBlow","theVacant:GraveWave","theVacant:CursedBlast"],"picked":"Singing Bowl","floor":20.0},{"not_picked":["theVacant:Cower","theVacant:ReaperStrike","theVacant:LashOut"],"picked":"Singing Bowl","floor":20.0},{"not_picked":["theVacant:ReaperStrike","theVacant:CleanseSoul+1","theVacant:Jab"],"picked":"Singing Bowl","floor":24.0},{"not_picked":["theVacant:Whip","theVacant:FranticBlow+1","theVacant:EyePoke+1"],"picked":"Singing Bowl","floor":24.0},{"not_picked":["theVacant:Threat+1","theVacant:Fling","theVacant:GraveDigger"],"picked":"Singing Bowl","floor":25.0},{"not_picked":["theVacant:FranticBlow","theVacant:Husk+1","theVacant:Whip+1"],"picked":"Singing Bowl","floor":25.0},{"not_picked":["theVacant:Jab","theVacant:ShriekingBlast","theVacant:CursedBlast+1","theVacant:Whip"],"picked":"Singing Bowl","floor":28.0},{"not_picked":["theVacant:EmbraceDarkness+1","theVacant:Throttle+1","theVacant:ShriekingBlast","theVacant:Dig+1"],"picked":"Singing Bowl","floor":28.0},{"not_picked":["theVacant:TimeSkip","theVacant:FiendFrost","theVacant:Prevent","theVacant:Exhumation"],"picked":"Singing Bowl","floor":33.0},{"not_picked":["theVacant:Dig+1","theVacant:Thoughtseize+1","theVacant:CursedBlast+1","theVacant:Anguish+1"],"picked":"Singing Bowl","floor":35},{"not_picked":["theVacant:Unearth+1","theVacant:Gloom+1","theVacant:FranticBlow","theVacant:Recover"],"picked":"Singing Bowl","floor":35},{"not_picked":["theVacant:Dig+1","theVacant:SurpriseAttack+1","theVacant:Unearth","theVacant:ShutAway"],"picked":"Singing Bowl","floor":38},{"not_picked":["theVacant:Gloom+1","theVacant:Barrage+1","theVacant:Necromancy+1"],"picked":"theVacant:GraveDigger+1","floor":38},{"not_picked":["theVacant:Thoughtseize+1","theVacant:Fortify","theVacant:FranticBlow","theVacant:Dig"],"picked":"Singing Bowl","floor":39},{"not_picked":["theVacant:Enrage","theVacant:Fling","theVacant:Prevent","theVacant:Spinshield"],"picked":"Singing Bowl","floor":39},{"not_picked":["theVacant:BrassMagnet","theVacant:Whip+1","theVacant:GraveWave"],"picked":"theVacant:Jab","floor":41},{"not_picked":["theVacant:Spinshield+1","theVacant:Gloom","theVacant:ShutAway+1"],"picked":"theVacant:Jab","floor":41},{"not_picked":["theVacant:Thoughtseize","theVacant:LichStrike","theVacant:CursedBlast+1","theVacant:IntoTheAbyss+1"],"picked":"Singing Bowl","floor":42},{"not_picked":["theVacant:Jab+1","theVacant:Barrage+1","theVacant:Whip+1"],"picked":"theVacant:Husk","floor":42},{"not_picked":["theVacant:Showdown","theVacant:OnSecondThought","theVacant:Fortify+1","theVacant:FranticBlow+1"],"picked":"Singing Bowl","floor":44},{"not_picked":["theVacant:Enrage","theVacant:TwistFate","theVacant:Fling","theVacant:Whip+1"],"picked":"Singing Bowl","floor":45},{"not_picked":["theVacant:Thoughtseize","theVacant:Unearth","theVacant:Return","theVacant:Threat"],"picked":"Singing Bowl","floor":45},{"not_picked":["theVacant:Unearth","theVacant:HolyWater+1","theVacant:EyePoke"],"picked":"theVacant:ShutAway+1","floor":46},{"not_picked":["theVacant:Whip+1","theVacant:Dig+1","theVacant:Necromancy"],"picked":"theVacant:SurpriseAttack+1","floor":47},{"not_picked":["theVacant:Enrage","theVacant:Showdown","theVacant:ReaperStrike"],"picked":"theVacant:TheAnvil","floor":48}],"player_experience":277267,"relics_obtained":[{"floor":6.0,"key":"Shovel"},{"floor":8.0,"key":"Bottled Flame"},{"floor":15.0,"key":"Pear"},{"floor":26.0,"key":"Eternal Feather"},{"floor":27.0,"key":"Question Card"},{"floor":32.0,"key":"Turnip"},{"floor":43,"key":"Akabeko"},{"floor":44,"key":"Pocketwatch"},{"floor":44,"key":"War Paint"},{"floor":46,"key":"Blue Candle"},{"floor":46,"key":"White Beast Statue"},{"floor":47,"key":"Mango"},{"floor":48,"key":"Whetstone"},{"floor":48,"key":"FossilizedHelix"}],"event_choices":[{"damage_healed":0.0,"max_hp_gain":0.0,"max_hp_loss":0.0,"gold_gain":99.0,"event_name":"Nest","player_choice":"Stole From Cult","floor":21.0,"gold_loss":0.0,"damage_taken":0.0},{"damage_healed":0.0,"max_hp_gain":0.0,"max_hp_loss":0.0,"gold_gain":0.0,"event_name":"Lab","player_choice":"Got Potions","floor":22.0,"gold_loss":0.0,"damage_taken":0.0},{"damage_healed":0.0,"max_hp_gain":0.0,"max_hp_loss":0.0,"gold_gain":0.0,"event_name":"Beggar","player_choice":"Ignored","floor":30.0,"gold_loss":0.0,"damage_taken":0.0},{"damage_healed":0,"gold_gain":0,"player_choice":"Embrace Madness","damage_taken":65,"max_hp_gain":0,"max_hp_loss":0,"event_name":"Winding Halls","floor":37,"gold_loss":0,"cards_obtained":["Madness","Madness"]},{"damage_healed":0,"gold_gain":0,"player_choice":"Fight","damage_taken":0,"max_hp_gain":0,"max_hp_loss":0,"event_name":"MindBloom","floor":47,"gold_loss":0}],"is_beta":false,"boss_relics":[{"not_picked":["Snecko Eye","Velvet Choker","Runic Dome"]},{"not_picked":["Sozu","Coffee Dripper"],"picked":"Black Star"}],"items_purged_floors":[0,0,0,0,0,0,0,0,31,31,31],"is_endless":false,"potions_floor_spawned":[2,3,13,14,18,24,25,28,35,44,45,46,47,48],"killed_by":"conspire:OrnateMirror","ascension_level":0}}