{"host":"reretk0dz0kj8f1n","time":1608818664,"event":{"mods":["Arknights The Spire","BaseMod","Colored Map","Minty Spire (QoL Compilation)","StSLib"],"gold_per_floor":[113,113,133,83,96,130,143,143,214,214,489,518,530,549,549,650,650,669,689,700,256,256,256],"floor_reached":22,"playtime":1560,"items_purged":["Regret"],"score":223,"play_id":"7e7bcf40-ddd5-4501-abfb-eb758be6ce62","local_time":"20201224230424","is_ascension_mode":false,"campfire_choices":[{"floor":8.0,"key":"REST"},{"floor":15.0,"key":"REST"}],"circlet_count":0,"master_deck":["ats:Strike G","ats:Strike S","ats:Strike V","ats:Armor Crushing Shot","ats:Defend","ats:Defend","ats:Defend","ats:Defend","ats:Emotion Absorption","ats:Closed Bolt Burst Fire","ats:Explosion Area Strengthen","ats:Leaping Hammer","ats:Shell Defense","ats:Shell Defense","Regret","ats:Directed Diagnosis","ats:Shell Defense","ats:Poison Spread","ats:Assault Order","ats:True Silver Slash","CurseOfTheBell","ats:Charging Defense+1","ats:Part Time Job","ats:Apocalypse+1","ats:Fractured Body","ats:Leaping Hammer+1","ats:Counter Healing Mode","ats:Support Order","ats:Shell Defense","ats:Part Time Job"],"relics":["ats:Sanity","NeowsBlessing","Pantograph","ats:Originium","Dream Catcher","Blue Candle","Boot","ats:Originium","WingedGreaves","Calling Bell","ats:Hidden Killer","ats:Military Tradition","Dead Branch","Orrery"],"acts_visited":["Exordium","TheCity"],"potions_floor_usage":[22,22],"damage_taken":[{"damage":0.0,"enemies":"Cultist","floor":1.0,"turns":1.0},{"damage":0.0,"enemies":"2 Louse","floor":3.0,"turns":2.0},{"damage":0.0,"enemies":"Small Slimes","floor":5.0,"turns":1.0},{"damage":28.0,"enemies":"Gremlin Nob","floor":6.0,"turns":4.0},{"damage":11.0,"enemies":"Red Slaver","floor":7.0,"turns":3.0},{"damage":44.0,"enemies":"Lagavulin","floor":12.0,"turns":7.0},{"damage":4.0,"enemies":"2 Fungi Beasts","floor":13.0,"turns":4.0},{"damage":7.0,"enemies":"Blue Slaver","floor":14.0,"turns":8.0},{"damage":128,"enemies":"The Guardian","floor":16,"turns":16},{"damage":62,"enemies":"Spheric Guardian","floor":18,"turns":9},{"damage":76,"enemies":"Shell Parasite","floor":19,"turns":16},{"damage":49,"enemies":"Snake Plant","floor":20,"turns":7},{"damage":44,"enemies":"3 Cultists","floor":22,"turns":4}],"seed_played":"4991983915460225344","potions_obtained":[{"floor":1.0,"key":"Dexterity Potion"},{"floor":5.0,"key":"Explosive Potion"},{"floor":12.0,"key":"ats:Emergency Sanity Potion"},{"floor":14.0,"key":"FairyPotion"}],"is_trial":false,"path_per_floor":["M","T","M","?","M","E","M","R","T","?","?","E","M","M","R","B",null,"M","M","M","$","M"],"character_chosen":"DOCTOR_CLASS","items_purchased":["ats:Fractured Body","Orrery","ats:Part Time Job"],"campfire_rested":2,"item_purchase_floors":[21,21,21],"current_hp_per_floor":[72,72,72,72,72,44,33,54,54,54,54,17,17,36,57,38,72,37,26,8,8,0,0],"gold":256,"neow_bonus":"THREE_ENEMY_KILL","is_daily":false,"chose_seed":false,"campfire_upgraded":0,"win_rate":0.0,"timestamp":1608818664,"path_taken":["M","?","M","?","M","E","M","R","T","?","?","E","?","M","R","BOSS","M","M","M","$","M"],"items_purchased_type":["Card","Relic","Card"],"build_version":"2020-12-22","purchased_purges":1,"victory":false,"max_hp_per_floor":[72,72,72,72,72,72,72,72,72,72,72,72,72,72,72,72,72,72,72,72,72,72,72],"card_choices":[{"not_picked":["ats:Leaping Hammer","ats:Flame Of Heaven"],"picked":"ats:Closed Bolt Burst Fire","floor":1.0},{"not_picked":["ats:Mental Burst","ats:Hammer On"],"picked":"ats:Explosion Area Strengthen","floor":3.0},{"not_picked":["ats:Powerful Strike","ats:Burning Ground","ats:Leaping Hammer"],"picked":"SKIP","floor":5.0},{"not_picked":["ats:Composite Medical Shells","ats:Encircling Forest"],"picked":"ats:Leaping Hammer","floor":6.0},{"not_picked":["ats:Part Time Job","ats:Explosion Area Strengthen"],"picked":"ats:Shell Defense","floor":7.0},{"not_picked":["ats:Directed Diagnosis","ats:Collapsing Strike"],"picked":"ats:Shell Defense","floor":8.0},{"not_picked":["ats:Ignite","ats:Flexible Camouflage"],"picked":"ats:Directed Diagnosis","floor":12.0},{"not_picked":["ats:Powerful Strike","ats:Flame Of Heaven"],"picked":"ats:Shell Defense","floor":13.0},{"not_picked":["ats:Soul Rend","ats:Childhood Dance"],"picked":"ats:Poison Spread","floor":14.0},{"not_picked":["ats:Cat Scratch","ats:Flexible Camouflage"],"picked":"ats:Assault Order","floor":15.0},{"not_picked":["ats:Volcano","ats:Rat Pack"],"picked":"ats:True Silver Slash","floor":16},{"not_picked":["ats:Powerful Strike","ats:Sunburst"],"picked":"ats:Charging Defense+1","floor":18},{"not_picked":["ats:Flame Of Heaven","ats:Encircling Forest"],"picked":"ats:Part Time Job","floor":19},{"not_picked":["ats:Cat Scratch","ats:Childhood Dance"],"picked":"ats:Apocalypse+1","floor":20},{"not_picked":["ats:Sunburst","ats:Soul Absorption"],"picked":"ats:Leaping Hammer+1","floor":21},{"not_picked":["ats:Magnetic Hammer+1","ats:Curse Doll"],"picked":"ats:Counter Healing Mode","floor":21},{"not_picked":["ats:Shell Defense","ats:Poison Spread+1"],"picked":"ats:Support Order","floor":21},{"not_picked":["ats:Spore Proliferation","ats:Chain Hook+1"],"picked":"ats:Shell Defense","floor":21}],"player_experience":230017,"relics_obtained":[{"floor":2.0,"key":"Pantograph"},{"floor":6.0,"key":"ats:Originium"},{"floor":6.0,"key":"Dream Catcher"},{"floor":9.0,"key":"Blue Candle"},{"floor":12.0,"key":"ats:Originium"},{"floor":12.0,"key":"WingedGreaves"},{"floor":17,"key":"ats:Hidden Killer"},{"floor":17,"key":"ats:Military Tradition"},{"floor":17,"key":"Dead Branch"}],"event_choices":[{"cards_removed":["ats:Strike C"],"damage_healed":0.0,"max_hp_gain":0.0,"max_hp_loss":0.0,"gold_gain":0.0,"event_name":"The Cleric","player_choice":"Card Removal","floor":4.0,"gold_loss":50.0,"damage_taken":0.0},{"damage_healed":0.0,"max_hp_gain":0.0,"max_hp_loss":0.0,"gold_gain":0.0,"event_name":"Big Fish","player_choice":"Box","floor":10.0,"gold_loss":0.0,"damage_taken":0.0,"relics_obtained":["Boot"],"cards_obtained":["Regret"]},{"damage_healed":0.0,"max_hp_gain":0.0,"max_hp_loss":0.0,"gold_gain":275.0,"event_name":"Golden Shrine","player_choice":"Desecrate","floor":11.0,"gold_loss":0.0,"damage_taken":0.0,"cards_obtained":["Regret"]}],"is_beta":false,"boss_relics":[{"not_picked":["Runic Pyramid","Tiny House"],"picked":"Calling Bell"}],"items_purged_floors":[21],"is_endless":false,"potions_floor_spawned":[1,5,12,14,16,18,20],"killed_by":"3 Cultists","ascension_level":0}}