{"host":"0msxzbajcl1c78mb","time":1608786851,"event":{"mods":["AchievementEnabler","BaseMod","Colored Map","Colored Powertips","Highlight Path","Minty Spire (QoL Compilation)","Relic Sorter","Relic Stats","StSLib","The Jungle","everything is the same but u backflip on backflip"],"gold_per_floor":[109,122,122,139,139,139,178,178,201,245,245,245,245],"floor_reached":12,"playtime":423,"items_purged":[],"score":125,"play_id":"52492ff5-2dab-4dc4-8ae4-f0fe144f667c","local_time":"20201224001411","is_ascension_mode":true,"campfire_choices":[{"data":"Cleave","floor":6,"key":"SMITH"},{"data":"Inflame","floor":8,"key":"SMITH"}],"circlet_count":0,"master_deck":["Strike_R","Strike_R","Strike_R","Defend_R","Defend_R","Defend_R","Defend_R","Bash","True Grit","Cleave+1","Inflame+1","Sword Boomerang","Clothesline","Searing Blow"],"relics":["SacredBark","Golden Idol","Bag of Preparation","Nunchaku","Girya"],"acts_visited":["Exordium"],"potions_floor_usage":[7],"damage_taken":[{"damage":1,"enemies":"Cultist","floor":1,"turns":4},{"damage":2,"enemies":"2 Louse","floor":2,"turns":3},{"damage":13,"enemies":"Jaw Worm","floor":4,"turns":5},{"damage":3,"enemies":"Lagavulin","floor":7,"turns":4},{"damage":31,"enemies":"3 Sentries","floor":10,"turns":6},{"damage":23,"enemies":"Gremlin Nob","floor":12,"turns":3}],"seed_played":"-5192655006600814305","potions_obtained":[{"floor":1,"key":"DistilledChaos"}],"is_trial":false,"path_per_floor":["M","M","?","M","?","R","E","R","T","E","?","E"],"character_chosen":"IRONCLAD","items_purchased":[],"campfire_rested":0,"item_purchase_floors":[],"current_hp_per_floor":[71,69,62,49,49,49,46,46,46,15,15,0,0],"gold":245,"neow_bonus":"BOSS_RELIC","is_daily":false,"chose_seed":false,"campfire_upgraded":2,"win_rate":0.0,"timestamp":1608786851,"path_taken":["M","M","?","M","?","R","E","R","T","E","?","E"],"items_purchased_type":[],"build_version":"2020-12-22","purchased_purges":0,"victory":false,"max_hp_per_floor":[80,80,80,80,74,74,74,74,74,74,74,74,74],"relic_stats":{"Nunchaku":[1],"counters":[6,25],"Golden Idol":17,"Bag of Preparation":[4],"obtain_stats":[{"Girya":10,"Nunchaku":9,"Golden Idol":5,"SacredBark":0,"Bag of Preparation":7,"Burning Blood":0},{"Girya":5,"Nunchaku":4,"Golden Idol":3,"SacredBark":0,"Bag of Preparation":4,"Burning Blood":0},{"Girya":22,"Nunchaku":16,"Golden Idol":12,"SacredBark":0,"Bag of Preparation":16,"Burning Blood":0}]},"card_choices":[{"not_picked":["Reckless Charge","Fire Breathing"],"picked":"True Grit","floor":1},{"not_picked":["Dark Embrace","Anger"],"picked":"Cleave","floor":2},{"not_picked":["Combust","Thunderclap"],"picked":"Inflame","floor":4},{"not_picked":["Blood for Blood","Clash"],"picked":"Sword Boomerang","floor":7},{"not_picked":["Armaments","Clash"],"picked":"Clothesline","floor":10}],"player_experience":285181,"relics_obtained":[{"floor":7,"key":"Bag of Preparation"},{"floor":9,"key":"Nunchaku"},{"floor":10,"key":"Girya"}],"event_choices":[{"cards_removed":["Strike_R"],"damage_healed":0,"gold_gain":0,"player_choice":"Card Removal","damage_taken":7,"max_hp_gain":0,"max_hp_loss":0,"event_name":"Golden Wing","floor":3,"gold_loss":0},{"damage_healed":0,"gold_gain":0,"player_choice":"Lose Max HP","damage_taken":0,"relics_obtained":["Golden Idol"],"max_hp_gain":0,"max_hp_loss":6,"event_name":"Golden Idol","floor":5,"gold_loss":0},{"damage_healed":0,"gold_gain":0,"cards_transformed":["Strike_R"],"player_choice":"Change","damage_taken":0,"max_hp_gain":0,"max_hp_loss":0,"event_name":"Living Wall","floor":11,"gold_loss":0,"cards_obtained":["Searing Blow"]}],"is_beta":false,"boss_relics":[],"items_purged_floors":[],"is_endless":false,"potions_floor_spawned":[1],"killed_by":"Gremlin Nob","ascension_level":9}}