{"host":"f7rb14kzcw8hx1r1","time":1608802516,"event":{"mods":["BaseMod","Better Note","Better Third Choice","Colored Map","Highlight Path","Hubris","Minty Spire (QoL Compilation)","Replay The Spire","StSLib","The Forsaken"],"gold_per_floor":[115,115,40,58,68,95,170,202,250,250,200,219,219,229,229,326,326,338,19,37,46,66,66,91,108,108,88,88,119,138,158,158,158,158],"floor_reached":33,"playtime":1845,"items_purged":["theForsaken:TheForsaken_Strike"],"score":347,"play_id":"b3035d0f-ce7c-4f13-a2ae-46df33a43252","local_time":"20201224103516","is_ascension_mode":false,"campfire_choices":[{"floor":10,"key":"REST"},{"data":"theForsaken:Smite","floor":13,"key":"SMITH"},{"data":"theForsaken:Prudence","floor":23,"key":"SMITH"},{"data":"theForsaken:HealingLight","floor":32,"key":"SMITH"}],"circlet_count":0,"master_deck":["theForsaken:TheForsaken_Strike","theForsaken:TheForsaken_Defend","theForsaken:TheForsaken_Defend","theForsaken:TheForsaken_Defend","theForsaken:TheForsaken_Defend","theForsaken:Smite+1","theForsaken:Penitence","theForsaken:DesperatePlea","theForsaken:Eulogy","theForsaken:AncientWords+1","theForsaken:MagicWeapon","theForsaken:FatRoll","theForsaken:Prudence+1","theForsaken:QuickAttack","theForsaken:ShieldBash","Feed+1","theForsaken:RainingSunlight","theForsaken:HealingLight+1"],"relics":["theForsaken:JudgementScales","Juzu Bracelet","Torii","theForsaken:Gavel","hubris:VirtuousBlindfold","ClockworkSouvenir","CeramicFish","Happy Flower","hubris:TenFootPole","hubris:Icosahedron","Blue Doll"],"acts_visited":["Exordium","TheCity"],"potions_floor_usage":[12,14,20,29,30,30,33],"damage_taken":[{"damage":0,"enemies":"2 Louse","floor":1,"turns":5},{"damage":4,"enemies":"Cultist","floor":4,"turns":4},{"damage":2,"enemies":"Small Slimes","floor":5,"turns":6},{"damage":46,"enemies":"3 Sentries","floor":6,"turns":16},{"damage":0,"enemies":"Replay:BlueRogue","floor":8,"turns":7},{"damage":7,"enemies":"Gremlin Gang","floor":12,"turns":7},{"damage":10,"enemies":"Exordium Thugs","floor":14,"turns":8},{"damage":17,"enemies":"The Guardian","floor":16,"turns":16},{"damage":8,"enemies":"Shell Parasite","floor":18,"turns":10},{"damage":20,"enemies":"2 Thieves","floor":20,"turns":4},{"damage":7,"enemies":"Centurion and Healer","floor":22,"turns":9},{"damage":47,"enemies":"Book of Stabbing","floor":24,"turns":9},{"damage":2,"enemies":"Chosen and Byrds","floor":25,"turns":10},{"damage":30,"enemies":"Gremlin Leader","floor":29,"turns":10},{"damage":51,"enemies":"3 Cultists","floor":30,"turns":9},{"damage":1,"enemies":"Cultist and Chosen","floor":31,"turns":8},{"damage":72,"enemies":"Collector","floor":33,"turns":8}],"seed_played":"-7377794092073651726","potions_obtained":[{"floor":4,"key":"Weak Potion"},{"floor":8,"key":"Strength Potion"},{"floor":12,"key":"Cursed Concoction"},{"floor":16,"key":"Strength Potion"},{"floor":22,"key":"BlessingOfTheForge"},{"floor":27,"key":"Block Potion"},{"floor":29,"key":"Energy Potion"},{"floor":30,"key":"Fruit Juice"}],"is_trial":false,"path_per_floor":["M","?","$","M","M","E","?","E","T","R","?","M","R","M","R_BF","B",null,"M","$","M","?","M","R","E","M","T","?","?","E","M","M","R_BF","B"],"character_chosen":"THE_FORSAKEN","items_purchased":["theForsaken:ShieldBash","ClockworkSouvenir","CeramicFish"],"campfire_rested":1,"item_purchase_floors":[19,19,19],"current_hp_per_floor":[50,50,50,51,52,18,7,9,9,28,28,27,27,32,51,65,65,65,65,50,50,65,65,30,52,52,52,52,51,24,42,42,0,0],"gold":158,"neow_bonus":"THREE_RARE_CARDS","is_daily":false,"chose_seed":false,"campfire_upgraded":3,"win_rate":0.0,"timestamp":1608802516,"path_taken":["M","?","$","M","M","E","?","E","T","R","?","M","R","M","R_BF","BOSS","M","$","M","?","M","R","E","M","T","?","?","E","M","M","R_BF","BOSS"],"items_purchased_type":["Card","Relic","Relic"],"build_version":"2020-12-22","purchased_purges":1,"victory":false,"max_hp_per_floor":[65,65,65,65,65,65,65,65,65,65,65,65,65,65,65,65,65,65,65,65,65,69,69,69,73,73,73,73,73,82,86,86,86,86],"card_choices":[{"not_picked":["theForsaken:Mantra","theForsaken:Purification"],"picked":"theForsaken:DesperatePlea","floor":0},{"not_picked":["theForsaken:CreepingInfection","theForsaken:StoreUp"],"picked":"theForsaken:Eulogy","floor":1},{"not_picked":["theForsaken:Tranquility","theForsaken:WardingHymn","theForsaken:BottledPlague"],"picked":"SKIP","floor":4},{"not_picked":["theForsaken:NobleSacrifice","theForsaken:HorrifyingStrike","theForsaken:StoreUp"],"picked":"SKIP","floor":5},{"not_picked":["theForsaken:Confusion","theForsaken:StoreUp","theForsaken:BottledPlague"],"picked":"SKIP","floor":6},{"not_picked":["theForsaken:Backlash","theForsaken:Horror"],"picked":"theForsaken:MagicWeapon","floor":8},{"not_picked":["theForsaken:HymnOfPatience","theForsaken:BlindFaith"],"picked":"theForsaken:FatRoll","floor":12},{"not_picked":["theForsaken:HymnOfRest","theForsaken:HealingLight","theForsaken:PowerUp"],"picked":"SKIP","floor":14},{"not_picked":["theForsaken:DarkRift","theForsaken:Confusion"],"picked":"theForsaken:Prudence","floor":16},{"not_picked":["theForsaken:BlessedWeapon","theForsaken:PowerUp+1"],"picked":"theForsaken:QuickAttack","floor":18},{"not_picked":["theForsaken:Eulogy","theForsaken:Thunderbolt","theForsaken:StoreUp"],"picked":"SKIP","floor":20},{"not_picked":["theForsaken:PanicDive","theForsaken:DarkBarrier","theForsaken:DarkBargain"],"picked":"SKIP","floor":22},{"not_picked":["theForsaken:WardingHymn","theForsaken:Preservation","theForsaken:HymnOfPatience"],"picked":"SKIP","floor":24},{"not_picked":["theForsaken:HymnOfPatience","theForsaken:BountifulSunlight","theForsaken:ShieldCharge"],"picked":"SKIP","floor":25},{"not_picked":["theForsaken:Devotion+1","theForsaken:HymnOfRest+1","theForsaken:HorrifyingStrike+1"],"picked":"SKIP","floor":29},{"not_picked":["theForsaken:Preservation","theForsaken:Parry"],"picked":"theForsaken:RainingSunlight","floor":30},{"not_picked":["theForsaken:SpreadingPlague","theForsaken:PanicDive+1"],"picked":"theForsaken:HealingLight","floor":31}],"player_experience":880583,"relics_obtained":[{"floor":6,"key":"Juzu Bracelet"},{"floor":8,"key":"Torii"},{"floor":9,"key":"theForsaken:Gavel"},{"floor":24,"key":"Happy Flower"},{"floor":26,"key":"hubris:TenFootPole"},{"floor":29,"key":"Blue Doll"}],"event_choices":[{"damage_healed":0,"gold_gain":0,"cards_transformed":["theForsaken:TheForsaken_Strike"],"player_choice":"Change","damage_taken":0,"max_hp_gain":0,"max_hp_loss":0,"event_name":"Living Wall","floor":2,"gold_loss":0,"cards_obtained":["theForsaken:AncientWords"]},{"damage_healed":0,"gold_gain":75,"player_choice":"Gold","damage_taken":11,"max_hp_gain":0,"max_hp_loss":0,"event_name":"betterThird:BetterGoop","floor":7,"gold_loss":0},{"cards_removed":["theForsaken:TheForsaken_Strike"],"damage_healed":0,"gold_gain":0,"player_choice":"Card Removal","damage_taken":0,"max_hp_gain":0,"max_hp_loss":0,"event_name":"The Cleric","floor":11,"gold_loss":50},{"cards_removed":["theForsaken:Prudence"],"damage_healed":0,"gold_gain":0,"player_choice":"Take \u0026 Give","damage_taken":0,"max_hp_gain":0,"max_hp_loss":0,"event_name":"betterNote:BetterNote","floor":21,"gold_loss":0,"cards_obtained":["Feed"]},{"damage_healed":0,"gold_gain":0,"player_choice":"Bought 1 Potion","damage_taken":0,"max_hp_gain":0,"max_hp_loss":0,"event_name":"The Woman in Blue","floor":27,"gold_loss":0}],"is_beta":false,"boss_relics":[{"not_picked":["SacredBark","Ring of Chaos"],"picked":"hubris:VirtuousBlindfold"}],"items_purged_floors":[3],"is_endless":false,"potions_floor_spawned":[4,8,12,16,22,29,30],"killed_by":"Collector","ascension_level":0}}