{"host":"o7j6aatxjwpw1421","time":1608853489,"event":{"mods":["2.2 Compatiblity","AchievementEnabler","BaseMod","Colored Map","DeckTracker","Highlight Path","Keyboard Shortcuts","Minty Spire (QoL Compilation)","Permanent Neow","Quick Restart","StSLib","SuperFastMode","everything is the same but u backflip on backflip"],"gold_per_floor":[118,193,193,204,222,222,247,264,264,264,280,310,310,322,322,419,419,432,432,127,177,190,190,204,204,204,221,221,221],"floor_reached":28,"playtime":1226,"items_purged":["Strike_R"],"score":352,"play_id":"689fe9da-7891-496b-83a3-0809c51ee0fd","local_time":"20201225084449","is_ascension_mode":true,"campfire_choices":[{"data":"Pommel Strike","floor":6.0,"key":"SMITH"},{"floor":10.0,"key":"REST"},{"data":"Armaments","floor":13.0,"key":"SMITH"},{"floor":15.0,"key":"REST"},{"data":"Barricade","floor":23.0,"key":"SMITH"},{"floor":25.0,"key":"REST"}],"circlet_count":0,"master_deck":["AscendersBane","Strike_R","Defend_R+1","Defend_R","Defend_R+1","Defend_R","Bash","Pommel Strike+1","Reckless Charge","Armaments+1","Reckless Charge","Shrug It Off","Barricade+1","Uppercut","Battle Trance","Shrug It Off","Fire Breathing","Flame Barrier"],"relics":["Black Blood","Dream Catcher","War Paint","White Beast Statue","Tiny Chest","WingedGreaves"],"acts_visited":["Exordium","TheCity"],"potions_floor_usage":[],"damage_taken":[{"damage":6.0,"enemies":"Cultist","floor":1.0,"turns":4.0},{"damage":0.0,"enemies":"Small Slimes","floor":4.0,"turns":3.0},{"damage":3.0,"enemies":"Jaw Worm","floor":5.0,"turns":6.0},{"damage":32.0,"enemies":"Gremlin Nob","floor":7.0,"turns":4.0},{"damage":6.0,"enemies":"2 Fungi Beasts","floor":8.0,"turns":4.0},{"damage":14.0,"enemies":"Lots of Slimes","floor":11.0,"turns":5.0},{"damage":6.0,"enemies":"Looter","floor":14.0,"turns":2.0},{"damage":65.0,"enemies":"Hexaghost","floor":16.0,"turns":12.0},{"damage":31.0,"enemies":"Spheric Guardian","floor":18.0,"turns":8.0},{"damage":16.0,"enemies":"3 Byrds","floor":22.0,"turns":10.0},{"damage":21.0,"enemies":"Centurion and Healer","floor":24.0,"turns":9.0},{"damage":24.0,"enemies":"Snake Plant","floor":27.0,"turns":7.0},{"damage":34,"enemies":"Shelled Parasite and Fungi","floor":28,"turns":6}],"seed_played":"8854158034850737719","potions_obtained":[{"floor":4.0,"key":"BloodPotion"},{"floor":7.0,"key":"SpeedPotion"},{"floor":8.0,"key":"PowerPotion"},{"floor":11.0,"key":"GamblersBrew"},{"floor":14.0,"key":"Dexterity Potion"},{"floor":22.0,"key":"LiquidMemories"},{"floor":24.0,"key":"ElixirPotion"}],"is_trial":false,"path_per_floor":["M","?","?","M","M","R","E","M","T","R","M","?","R","M","R","B",null,"M","?","$","?","M","R","M","R","T","M","M"],"character_chosen":"IRONCLAD","items_purchased":["Battle Trance","Tiny Chest"],"campfire_rested":3,"item_purchase_floors":[20,20],"current_hp_per_floor":[51,40,40,46,49,49,23,23,23,47,39,39,39,55,79,20,65,46,46,46,46,42,42,33,57,57,45,11,11],"gold":221,"neow_bonus":"REMOVE_TWO","is_daily":false,"chose_seed":false,"campfire_upgraded":3,"win_rate":0.0,"timestamp":1608853489,"path_taken":["M","?","?","M","M","R","E","M","T","R","M","?","R","M","R","BOSS","M","?","$","?","M","R","M","R","T","M","?"],"items_purchased_type":["Card","Relic"],"build_version":"2020-12-22","purchased_purges":1,"victory":false,"max_hp_per_floor":[80,80,80,80,80,80,80,80,80,80,80,80,80,80,80,80,80,80,80,80,80,80,80,80,80,80,80,80,80],"card_choices":[{"not_picked":["Shrug It Off","Body Slam"],"picked":"Pommel Strike","floor":1.0},{"not_picked":["Entrench","Iron Wave"],"picked":"Reckless Charge","floor":4.0},{"not_picked":["True Grit","Twin Strike","Iron Wave"],"picked":"SKIP","floor":5.0},{"not_picked":["Hemokinesis","Cleave","True Grit"],"picked":"SKIP","floor":7.0},{"not_picked":["Sever Soul","Warcry","Heavy Blade"],"picked":"SKIP","floor":8.0},{"not_picked":["Cleave","True Grit"],"picked":"Armaments","floor":11.0},{"not_picked":["Havoc","Headbutt"],"picked":"Reckless Charge","floor":14.0},{"not_picked":["Rupture","Cleave"],"picked":"Shrug It Off","floor":15.0},{"not_picked":["Reaper","Bludgeon"],"picked":"Barricade","floor":16.0},{"not_picked":["Rage","Perfected Strike+1"],"picked":"Uppercut","floor":18.0},{"not_picked":["Flex","Pommel Strike","Carnage+1"],"picked":"SKIP","floor":22.0},{"not_picked":["Twin Strike","Blood for Blood"],"picked":"Shrug It Off","floor":24.0},{"not_picked":["Rage","Body Slam+1"],"picked":"Fire Breathing","floor":25.0},{"not_picked":["Rampage","Warcry"],"picked":"Flame Barrier","floor":27.0}],"player_experience":357006,"relics_obtained":[{"floor":7.0,"key":"Dream Catcher"},{"floor":9.0,"key":"War Paint"},{"floor":26.0,"key":"WingedGreaves"}],"event_choices":[{"damage_healed":0.0,"max_hp_gain":0.0,"max_hp_loss":0.0,"gold_gain":75.0,"event_name":"World of Goop","player_choice":"Gather Gold","floor":2.0,"gold_loss":0.0,"damage_taken":11.0},{"cards_removed":["Strike_R"],"damage_healed":0.0,"max_hp_gain":0.0,"max_hp_loss":0.0,"gold_gain":0.0,"event_name":"Living Wall","player_choice":"Forget","floor":3.0,"gold_loss":0.0,"damage_taken":0.0},{"damage_healed":0.0,"max_hp_gain":0.0,"max_hp_loss":0.0,"gold_gain":30.0,"event_name":"Dead Adventurer","player_choice":"Searched \u00272\u0027 times","floor":12.0,"gold_loss":0.0,"damage_taken":0.0},{"damage_healed":0.0,"max_hp_gain":0.0,"max_hp_loss":0.0,"gold_gain":0.0,"event_name":"The Mausoleum","player_choice":"Opened","floor":19.0,"gold_loss":0.0,"damage_taken":0.0,"relics_obtained":["White Beast Statue"]},{"damage_healed":0.0,"max_hp_gain":0.0,"max_hp_loss":0.0,"gold_gain":100.0,"event_name":"The Joust","player_choice":"Bet on Murderer","floor":21.0,"gold_loss":50.0,"damage_taken":0.0}],"is_beta":false,"boss_relics":[{"not_picked":["Fusion Hammer","Snecko Eye"],"picked":"Black Blood"}],"items_purged_floors":[20],"is_endless":false,"potions_floor_spawned":[4,7,8,11,14,22,24,27],"killed_by":"Shelled Parasite and Fungi","ascension_level":12}}