{"host":"eez7vtcxu2i37lck","time":1608796590,"event":{"mods":["AchievementEnabler","BaseMod","Colored Map","Colored Powertips","Downfall","Hermit","Highlight Path","Hubris","Infinite Spire","Jorbs\u0027s Wanderer Trilogy","Minty Spire (QoL Compilation)","Quick Restart","Rare Cards Sparkle","Replay The Spire","Shop Mod","StSLib","The IronCluck"],"gold_per_floor":[0,20,20,31,31,61,88,88,13,13,163,179,179,197,212,212,212,212],"floor_reached":16,"playtime":444,"items_purged":[],"score":100,"play_id":"fd0560a3-62a9-4e8b-bf42-d27a22f7c38c","local_time":"20201224025630","is_ascension_mode":false,"campfire_choices":[{"floor":9,"key":"REST"},{"floor":13,"key":"REST"}],"circlet_count":0,"master_deck":["Slimebound:Strike_Slimebound","Slimebound:Strike_Slimebound","Slimebound:Strike_Slimebound","Slimebound:Defend_Slimebound","Slimebound:Defend_Slimebound","Slimebound:Defend_Slimebound","Slimebound:Split","Slimebound:CorrosiveSpit","Slimebound:TagTeam+1","Slimebound:SelfFormingGoo","Slimebound:SplitAcid","Slimebound:LeadByExample+1","Slimebound:SplitLeeching","Slimebound:ForwardTackle","Slimebound:RejuvenatingLick"],"relics":["Slimebound:AbsorbEndCombat","ReplayTheSpireMod:TigerMarble","downfall:HeartBlessingGreen","hubris:FruitBowl"],"acts_visited":["Exordium"],"potions_floor_usage":[6],"damage_taken":[{"damage":6,"enemies":"2 Louse","floor":2,"turns":2},{"damage":8,"enemies":"Small Slimes","floor":4,"turns":3},{"damage":26,"enemies":"Lagavulin","floor":6,"turns":7},{"damage":19,"enemies":"Jaw Worm","floor":12,"turns":3},{"damage":21,"enemies":"Gremlin Gang","floor":14,"turns":4},{"damage":17,"enemies":"2 Fungi Beasts","floor":15,"turns":3},{"damage":53,"enemies":"downfall:Silent","floor":16,"turns":4}],"seed_played":"-1241652214174594847","potions_obtained":[{"floor":4,"key":"Block Potion"},{"floor":6,"key":"Ancient Potion"}],"is_trial":false,"path_per_floor":["R_BF","M","?","M","?","E","T","?","R","$","?","M","R","M","M","B"],"character_chosen":"SLIMEBOUND","items_purchased":["hubris:FruitBowl"],"campfire_rested":2,"item_purchase_floors":[10],"current_hp_per_floor":[60,60,60,60,60,46,46,46,60,41,41,38,56,43,38,0,0,0],"gold":212,"neow_bonus":"THREE_RARE_CARDS","is_daily":false,"chose_seed":false,"campfire_upgraded":0,"win_rate":0.0,"timestamp":1608796590,"path_taken":["R_BF","M","?","M","?","E","T","?","R","?","?","?","R","M","M","BOSS"],"items_purchased_type":["Relic"],"build_version":"2020-12-22","purchased_purges":0,"victory":false,"max_hp_per_floor":[60,60,60,60,60,60,60,60,60,60,60,60,60,60,60,60,60,60],"card_choices":[{"not_picked":["Slimebound:DouseInSlime","Slimebound:Recycling"],"picked":"Slimebound:TagTeam","floor":0},{"not_picked":["Slimebound:GrowthPunch","Slimebound:SamplingLick"],"picked":"Slimebound:SplitAcid","floor":2},{"not_picked":["Slimebound:ViciousTackle","Slimebound:ServeAndProtect","Slimebound:SlimeSpikes"],"picked":"SKIP","floor":4},{"not_picked":["Slimebound:FinishingTackle","Slimebound:SlimeSlap"],"picked":"Slimebound:LeadByExample","floor":6},{"not_picked":["Slimebound:GoopSpray","Slimebound:DivideAndConquer"],"picked":"Slimebound:SplitLeeching","floor":12},{"not_picked":["Slimebound:LeechingTouch","Slimebound:LivingWall"],"picked":"Slimebound:ForwardTackle","floor":14},{"not_picked":["Slimebound:AcidTongue","Slimebound:LeechingTouch"],"picked":"Slimebound:RejuvenatingLick","floor":15}],"player_experience":241016,"relics_obtained":[{"floor":6,"key":"Replay:Bottled Eggs"},{"floor":7,"key":"ReplayTheSpireMod:TigerMarble"}],"event_choices":[{"damage_healed":0,"gold_gain":0,"player_choice":"Grow","damage_taken":0,"max_hp_gain":0,"max_hp_loss":0,"event_name":"Living Wall","floor":8,"gold_loss":0,"cards_upgraded":["Slimebound:LeadByExample"]}],"is_beta":false,"boss_relics":[],"items_purged_floors":[],"is_endless":false,"potions_floor_spawned":[4,6],"killed_by":"downfall:Silent","ascension_level":0}}