{"host":"99ad87xtd5ypi7ii","time":1608804215,"event":{"mods":["BaseMod","Hermit","Highlight Path","Marisa????????","Minty Spire (QoL Compilation)","Robot Space Explorer","StSLib","The Bladedancer","The Construct","The Cursed","The Disciple","The Gatherer","The Hierophant","The Runesmith","The Servant 0.9.4","TheVacant"],"gold_per_floor":[116,116,46,46,9,9,9,44,44,63,63,63,63,63,63,165,165,180,180,180,192,192,192,18,50,50,50,50],"floor_reached":27,"playtime":1064,"items_purged":["hermit:Strike_Hermit"],"score":223,"play_id":"77e1a8c5-f971-4a37-803c-beb3807971c1","local_time":"20201224110335","is_ascension_mode":false,"campfire_choices":[{"data":"hermit:Grudge","floor":6,"key":"SMITH"},{"data":"hermit:ShadowCloak","floor":11,"key":"SMITH"},{"floor":13,"key":"REST"},{"data":"hermit:HeroicBravado","floor":15,"key":"SMITH"},{"data":"hermit:Grudge","floor":23,"key":"SMITH"}],"circlet_count":0,"master_deck":["hermit:Strike_Hermit+1","hermit:Strike_Hermit+1","hermit:Defend_Hermit","hermit:Defend_Hermit","hermit:Defend_Hermit","hermit:Defend_Hermit","hermit:Snapshot","hermit:Covet","hermit:SprayPray+1","Pain","hermit:Grudge+1","hermit:Horror","hermit:ShadowCloak+1","hermit:HeroicBravado+1","hermit:Enervate","hermit:FinalCanter","hermit:GhostlyPresence+1","hermit:Grudge+1","hermit:LoneWolf+1","hermit:PistolWhip+1"],"relics":["hermit:Momento","WarpedTongs","construct:RocketBooster","Dream Catcher","Bottled Tornado","Black Star","Bird Faced Urn","Runesmith:AutoHammer","Shuriken"],"acts_visited":["Exordium","TheCity"],"potions_floor_usage":[16,24,25,25],"damage_taken":[{"damage":0,"enemies":"Small Slimes","floor":1,"turns":2},{"damage":8,"enemies":"Gremlin Nob","floor":8,"turns":3},{"damage":0,"enemies":"Cultist","floor":10,"turns":2},{"damage":46,"enemies":"Hexaghost","floor":16,"turns":10},{"damage":14,"enemies":"2 Thieves","floor":18,"turns":3},{"damage":1,"enemies":"Spheric Guardian","floor":21,"turns":4},{"damage":63,"enemies":"Slavers","floor":25,"turns":6},{"damage":6,"enemies":"Shelled Parasite and Fungi","floor":27,"turns":1}],"seed_played":"-2192702366529267750","potions_obtained":[{"floor":10,"key":"Regen Potion"},{"floor":18,"key":"Dexterity Potion"},{"floor":21,"key":"SpeedPotion"}],"is_trial":false,"path_per_floor":["M","?","$","?","$","R","?","E","T","M","R","$","R","?","R","B",null,"M","?","?","M","?","R","$","E","T","M"],"character_chosen":"HERMIT","items_purchased":["hermit:Grudge","hermit:Horror","Fruit Juice"],"campfire_rested":1,"item_purchase_floors":[3,5,24],"current_hp_per_floor":[75,75,75,75,75,75,50,42,42,42,42,42,64,49,49,8,75,61,61,61,60,60,60,65,2,2,0,0],"gold":50,"neow_bonus":"THREE_CARDS","is_daily":false,"chose_seed":false,"campfire_upgraded":4,"win_rate":0.0,"timestamp":1608804215,"path_taken":["M","?","?","?","$","R","?","E","T","M","R","?","R","?","R","BOSS","M","?","?","M","?","R","$","E","T","M"],"items_purchased_type":["Card","Card","Potion"],"build_version":"2020-12-22","purchased_purges":1,"victory":false,"max_hp_per_floor":[75,75,75,75,75,75,75,75,75,75,75,75,75,75,75,75,75,75,75,75,75,75,75,80,80,80,80,80],"card_choices":[{"not_picked":["hermit:HighCaliber","hermit:Glare"],"picked":"hermit:SprayPray","floor":0},{"not_picked":["hermit:Desperado","hermit:Manifest","hermit:Roulette"],"picked":"SKIP","floor":1},{"not_picked":["hermit:Virtue","hermit:Headshot"],"picked":"hermit:ShadowCloak","floor":8},{"not_picked":["hermit:BodyArmor","hermit:Maintenance"],"picked":"hermit:HeroicBravado","floor":10},{"not_picked":["hermit:Dive","hermit:WideOpen"],"picked":"hermit:Enervate","floor":13},{"not_picked":["hermit:Adapt","hermit:Gambit"],"picked":"hermit:FinalCanter","floor":16},{"not_picked":["hermit:BodyArmor","hermit:TakeCover"],"picked":"hermit:GhostlyPresence","floor":18},{"not_picked":["hermit:TrackingShot+1","hermit:Scavenge"],"picked":"hermit:LoneWolf+1","floor":21},{"not_picked":["hermit:BodyArmor","hermit:Coalescence"],"picked":"hermit:PistolWhip+1","floor":25}],"player_experience":834193,"relics_obtained":[{"floor":8,"key":"Dream Catcher"},{"floor":9,"key":"Bottled Tornado"},{"floor":25,"key":"Bird Faced Urn"},{"floor":25,"key":"Runesmith:AutoHammer"},{"floor":26,"key":"Shuriken"}],"event_choices":[{"damage_healed":0,"gold_gain":0,"player_choice":"Rummage","damage_taken":0,"relics_obtained":["WarpedTongs"],"max_hp_gain":0,"max_hp_loss":0,"event_name":"Accursed Blacksmith","floor":2,"gold_loss":0,"cards_obtained":["Pain"]},{"damage_healed":0,"gold_gain":0,"player_choice":"Leave","damage_taken":0,"max_hp_gain":0,"max_hp_loss":0,"event_name":"The Cleric","floor":4,"gold_loss":0},{"damage_healed":0,"gold_gain":0,"player_choice":"Success","damage_taken":25,"relics_obtained":["construct:RocketBooster"],"max_hp_gain":0,"max_hp_loss":0,"event_name":"Scrap Ooze","floor":7,"gold_loss":0},{"damage_healed":0,"gold_gain":0,"player_choice":"Entered Light","damage_taken":15,"max_hp_gain":0,"max_hp_loss":0,"event_name":"Shining Light","floor":14,"gold_loss":0,"cards_upgraded":["hermit:Strike_Hermit","hermit:SprayPray"]},{"damage_healed":0,"gold_gain":0,"player_choice":"Read","damage_taken":0,"max_hp_gain":0,"max_hp_loss":0,"event_name":"The Library","floor":19,"gold_loss":0,"cards_obtained":["hermit:Grudge"]},{"cards_removed":["hermit:Strike_Hermit"],"damage_healed":0,"gold_gain":0,"player_choice":"Elegance","damage_taken":0,"max_hp_gain":0,"max_hp_loss":0,"event_name":"Back to Basics","floor":20,"gold_loss":0},{"damage_healed":0,"gold_gain":0,"player_choice":"Ignored","damage_taken":0,"max_hp_gain":0,"max_hp_loss":0,"event_name":"Vampires","floor":22,"gold_loss":0}],"is_beta":false,"boss_relics":[{"not_picked":["Runic Pyramid","SacredBark"],"picked":"Black Star"}],"items_purged_floors":[24],"is_endless":false,"potions_floor_spawned":[10,18,21],"killed_by":"Shelled Parasite and Fungi","ascension_level":0}}