{"host":"e7sl0pd4xxdbbdh2","time":1608778651,"event":{"mods":["BaseMod","Better Third Choice","Colored Map","Colored Powertips","Hubris","Minty Spire (QoL Compilation)","Replay The Spire","StSLib","SuperFastMode"],"gold_per_floor":[119,119,130,147,72,72,91,108,161,193,193,213,213,213,213,291,291,303,315,315,315,333,366,366,401,456,484,484,502,427,427,427,427,427],"floor_reached":33,"playtime":2227,"items_purged":[],"score":635,"play_id":"c62426da-791b-475b-b313-f10f1e5d14a5","local_time":"20201223235731","is_ascension_mode":true,"campfire_choices":[{"data":"Deadly Poison","floor":6.0,"key":"SMITH"},{"floor":13.0,"key":"REST"},{"floor":15.0,"key":"REST"},{"floor":24,"key":"REST"},{"floor":28,"key":"REST"},{"floor":32,"key":"REST"}],"circlet_count":0,"master_deck":["AscendersBane","Defend_G","Defend_G","Defend_G","Defend_G","Defend_G","Survivor","Neutralize","Flying Knee","Quick Slash","Deadly Poison+1","Footwork","Toxin Wave","Dodge and Roll","hubris:Counter","Wraith Form v2+1","Deadly Poison","Catalyst","Riddle With Holes+1","Backflip","Wraith Form v2","Deadly Poison+1","Acrobatics","Bite","Bite","Bite","Bite","Bite"],"relics":["Ring of the Snake","Shuriken","ReplayTheSpireMod:TigerMarble","Tingsha","hubris:GrandSneckoEye","Du-Vu Doll","Ninja Scroll","Tiny Chest","Akabeko"],"acts_visited":["Exordium","TheCity"],"potions_floor_usage":[25,25],"damage_taken":[{"damage":0.0,"enemies":"Small Slimes","floor":1.0,"turns":4.0},{"damage":0.0,"enemies":"Cultist","floor":3.0,"turns":4.0},{"damage":0.0,"enemies":"2 Louse","floor":4.0,"turns":3.0},{"damage":2.0,"enemies":"Lots of Slimes","floor":7.0,"turns":6.0},{"damage":8.0,"enemies":"Looter","floor":8.0,"turns":4.0},{"damage":13.0,"enemies":"Lagavulin","floor":10.0,"turns":6.0},{"damage":4.0,"enemies":"Large Slime","floor":12.0,"turns":4.0},{"damage":21.0,"enemies":"The Guardian","floor":16.0,"turns":11.0},{"damage":13.0,"enemies":"Spheric Guardian","floor":18.0,"turns":4.0},{"damage":19.0,"enemies":"3 Byrds","floor":19.0,"turns":4.0},{"damage":3.0,"enemies":"Centurion and Healer","floor":22.0,"turns":6.0},{"damage":5,"enemies":"Gremlin Leader","floor":23,"turns":5},{"damage":24,"enemies":"Book of Stabbing","floor":25,"turns":5},{"damage":23,"enemies":"Slavers","floor":27,"turns":8},{"damage":15,"enemies":"Chosen and Byrds","floor":29,"turns":5},{"damage":57,"enemies":"Champ","floor":33,"turns":9}],"seed_played":"6120702380177912706","potions_obtained":[{"floor":1.0,"key":"Reflective Coating"},{"floor":2.0,"key":"EssenceOfSteel"},{"floor":2.0,"key":"Swift Potion"},{"floor":7.0,"key":"DuplicationPotion"},{"floor":16.0,"key":"SpeedPotion"},{"floor":18.0,"key":"DistilledChaos"},{"floor":23,"key":"GhostInAJar"},{"floor":27,"key":"Milkshake"},{"floor":29,"key":"Adrenaline Potion"}],"is_trial":false,"path_per_floor":["M","?","M","M","$","R","M","M","T","E","?","M","R","?","R","B",null,"M","M","?","?","M","E","R","E","T","E","R","M","?","?","R","B"],"character_chosen":"THE_SILENT","items_purchased":["Footwork"],"campfire_rested":5,"item_purchase_floors":[5],"current_hp_per_floor":[56,56,56,56,56,56,54,46,46,35,9,7,30,30,53,34,67,56,39,39,39,38,35,58,36,36,15,38,25,25,25,48,0,0],"gold":427,"neow_bonus":"TWENTY_PERCENT_HP_BONUS","is_daily":false,"chose_seed":false,"campfire_upgraded":1,"win_rate":0.0,"timestamp":1608778651,"path_taken":["M","?","M","M","$","R","M","?","T","E","?","M","R","?","R","BOSS","M","?","?","?","M","E","R","E","T","E","R","M","?","?","R","BOSS"],"items_purchased_type":["Card"],"build_version":"2020-12-22","purchased_purges":0,"victory":false,"max_hp_per_floor":[78,78,78,78,78,78,78,78,78,78,78,78,78,78,78,78,78,78,78,78,78,78,78,78,78,78,78,78,78,78,78,78,78,78],"card_choices":[{"not_picked":["Dodge and Roll","Underhanded Strike"],"picked":"Flying Knee","floor":1.0},{"not_picked":["Envenom","Backflip"],"picked":"Quick Slash","floor":3.0},{"not_picked":["hubris:SlightOfHand","Dagger Throw"],"picked":"Deadly Poison","floor":4.0},{"not_picked":["Dagger Throw","Poisoned Stab"],"picked":"Toxin Wave","floor":7.0},{"not_picked":["Backstab","Calculated Gamble"],"picked":"Dodge and Roll","floor":8.0},{"not_picked":["Acrobatics","Finisher"],"picked":"hubris:Counter","floor":10.0},{"not_picked":["Distraction","hubris:SlightOfHand","Hidden Blade"],"picked":"SKIP","floor":12.0},{"not_picked":["Envenom","ReplayTheSpireMod:From All Sides"],"picked":"Wraith Form v2","floor":16.0},{"not_picked":["Underhanded Strike","Skewer"],"picked":"Deadly Poison","floor":18.0},{"not_picked":["Quick Slash","Heel Hook"],"picked":"Catalyst","floor":19.0},{"not_picked":["Flying Knee+1","Concentrate"],"picked":"Riddle With Holes+1","floor":22.0},{"not_picked":["Slice","Calculated Gamble"],"picked":"Backflip","floor":23},{"not_picked":["Sucker Punch","ReplayTheSpireMod:Speed Training"],"picked":"Wraith Form v2","floor":25},{"not_picked":["Bane","Dagger Spray"],"picked":"Deadly Poison+1","floor":27},{"not_picked":["Flying Knee","hubris:SlightOfHand"],"picked":"Acrobatics","floor":29}],"player_experience":1595474,"relics_obtained":[{"floor":9.0,"key":"Blood Vial"},{"floor":10.0,"key":"Shuriken"},{"floor":23,"key":"Du-Vu Doll"},{"floor":25,"key":"Ninja Scroll"},{"floor":26,"key":"Tiny Chest"},{"floor":27,"key":"Akabeko"}],"event_choices":[{"damage_healed":0.0,"max_hp_gain":0.0,"max_hp_loss":0.0,"gold_gain":0.0,"event_name":"Lab","player_choice":"Got Potions","floor":2.0,"gold_loss":0.0,"damage_taken":0.0},{"damage_healed":0.0,"max_hp_gain":0.0,"max_hp_loss":0.0,"gold_gain":0.0,"event_name":"betterThird:BetterScrap","player_choice":"Relic ","floor":11.0,"gold_loss":0.0,"damage_taken":26.0,"cards_obtained":["Second Wind"]},{"damage_healed":0.0,"max_hp_gain":0.0,"max_hp_loss":0.0,"gold_gain":0.0,"event_name":"WeMeetAgain","player_choice":"Gave Potion","floor":14.0,"gold_loss":0.0,"damage_taken":0.0,"relics_obtained":["Tingsha"]},{"cards_removed":["Strike_G"],"damage_healed":0,"gold_gain":0,"player_choice":"Gave Gold","damage_taken":0,"max_hp_gain":0,"max_hp_loss":0,"event_name":"Beggar","floor":30,"gold_loss":75},{"damage_healed":0,"gold_gain":0,"player_choice":"Became a vampire (Vial)","damage_taken":0,"max_hp_gain":0,"max_hp_loss":0,"event_name":"Vampires","floor":31,"relics_lost":["Blood Vial"],"gold_loss":0,"cards_obtained":["Bite","Bite","Bite","Bite","Bite"]}],"is_beta":false,"boss_relics":[{"not_picked":["Calling Bell","hubris:CrackedHourglass"],"picked":"hubris:GrandSneckoEye"}],"items_purged_floors":[],"is_endless":false,"potions_floor_spawned":[1,4,7,16,18,23,27,29],"killed_by":"Champ","ascension_level":20}}