{"host":"873t0y8ybyo38pfq","time":1608843499,"event":{"mods":["BaseMod","Colored Map","Highlight Path","Minty Spire (QoL Compilation)","Rare Cards Sparkle","StSLib"],"gold_per_floor":[110,110,128,144,144,171,187,187,187,204,232,243,243,88,88,162,162,179,190,210,210,260,291,291,303,329,329,50,50,81,93,93,93,93],"floor_reached":33,"playtime":1130,"items_purged":["Pain"],"score":574,"play_id":"30d6a475-d76b-4cec-b38b-c2928dc09cb1","local_time":"20201224155819","is_ascension_mode":true,"campfire_choices":[{"floor":8,"key":"REST"},{"floor":13,"key":"REST"},{"data":"Noxious Fumes","floor":15,"key":"SMITH"},{"floor":24,"key":"REST"},{"floor":27,"key":"REST"},{"floor":32,"key":"REST"}],"circlet_count":0,"master_deck":["AscendersBane","Strike_G","Strike_G+1","Defend_G","Defend_G","Defend_G","Defend_G+1","Defend_G","Survivor","Neutralize","Acrobatics","Deadly Poison","Endless Agony","Glass Knife","Noxious Fumes+1","Blade Dance","Blade Dance+1","Escape Plan","Escape Plan","Backstab+1"],"relics":["Ring of the Snake","NeowsBlessing","WarpedTongs","Dead Branch","CaptainsWheel","Odd Mushroom","Empty Cage","Kunai","Bronze Scales","Frozen Egg 2","Orichalcum"],"acts_visited":["Exordium","TheCity"],"potions_floor_usage":[6,11,12,19,19,22,23,23,25],"damage_taken":[{"damage":0,"enemies":"Jaw Worm","floor":1,"turns":1},{"damage":1,"enemies":"Cultist","floor":3,"turns":1},{"damage":2,"enemies":"Small Slimes","floor":4,"turns":1},{"damage":30,"enemies":"Lagavulin","floor":6,"turns":8},{"damage":5,"enemies":"3 Louse","floor":7,"turns":4},{"damage":0,"enemies":"Blue Slaver","floor":10,"turns":4},{"damage":17,"enemies":"The Mushroom Lair","floor":11,"turns":3},{"damage":2,"enemies":"Gremlin Gang","floor":12,"turns":4},{"damage":15,"enemies":"Hexaghost","floor":16,"turns":9},{"damage":0,"enemies":"Spheric Guardian","floor":18,"turns":4},{"damage":15,"enemies":"3 Byrds","floor":19,"turns":5},{"damage":19,"enemies":"3 Cultists","floor":20,"turns":5},{"damage":3,"enemies":"Gremlin Leader","floor":23,"turns":5},{"damage":14,"enemies":"Centurion and Healer","floor":25,"turns":5},{"damage":33,"enemies":"Slavers","floor":30,"turns":5},{"damage":2,"enemies":"Chosen and Byrds","floor":31,"turns":4},{"damage":28,"enemies":"Automaton","floor":33,"turns":8}],"seed_played":"7273808631327897914","potions_obtained":[{"floor":4,"key":"SpeedPotion"},{"floor":10,"key":"Fire Potion"},{"floor":11,"key":"Explosive Potion"},{"floor":12,"key":"ColorlessPotion"},{"floor":16,"key":"Swift Potion"},{"floor":20,"key":"EntropicBrew"},{"floor":23,"key":"Weak Potion"}],"is_trial":false,"path_per_floor":["M","?","M","M","?","E","M","R","T","M","?","M","R","$","R","B",null,"M","M","M","?","?","E","R","M","T","R","$","?","E","M","R","B"],"character_chosen":"THE_SILENT","items_purchased":["Noxious Fumes","Frozen Egg 2"],"campfire_rested":5,"item_purchase_floors":[14,28],"current_hp_per_floor":[59,59,58,56,36,6,1,20,20,20,3,1,20,20,20,5,51,51,36,17,17,17,14,33,19,19,38,38,38,5,3,22,0,0],"gold":93,"neow_bonus":"THREE_ENEMY_KILL","is_daily":false,"chose_seed":false,"campfire_upgraded":1,"win_rate":0.0,"timestamp":1608843499,"path_taken":["M","?","?","M","?","E","M","R","T","M","?","M","R","?","R","BOSS","M","M","?","?","?","E","R","M","T","R","$","?","E","M","R","BOSS"],"items_purchased_type":["Card","Relic"],"build_version":"2020-12-22","purchased_purges":1,"victory":false,"max_hp_per_floor":[66,66,66,66,66,66,66,66,66,66,66,66,66,66,66,66,66,66,66,66,66,66,66,66,66,66,66,66,66,66,66,66,66,66],"card_choices":[{"not_picked":["Backflip","Dagger Throw"],"picked":"Acrobatics","floor":1},{"not_picked":["Caltrops","Concentrate"],"picked":"Deadly Poison","floor":3},{"not_picked":["Slice","Dagger Throw","Blade Dance"],"picked":"SKIP","floor":4},{"not_picked":["Underhanded Strike","Finisher"],"picked":"Endless Agony","floor":6},{"not_picked":["Deflect","Dodge and Roll","Riddle With Holes"],"picked":"SKIP","floor":7},{"not_picked":["Reflex","Riddle With Holes","Underhanded Strike"],"picked":"SKIP","floor":10},{"not_picked":["Dodge and Roll","Flying Knee"],"picked":"Glass Knife","floor":12},{"not_picked":["Dagger Spray","Leg Sweep"],"picked":"Blade Dance","floor":18},{"not_picked":["Prepared","Bouncing Flask","Dagger Throw"],"picked":"SKIP","floor":19},{"not_picked":["Dash","Prepared"],"picked":"Blade Dance+1","floor":20},{"not_picked":["Heel Hook","Bane"],"picked":"Escape Plan","floor":23},{"not_picked":["Dagger Throw","Flechettes+1"],"picked":"Escape Plan","floor":25},{"not_picked":["Slice","Flying Knee"],"picked":"Backstab+1","floor":30},{"not_picked":["Sucker Punch+1","Catalyst+1","Prepared"],"picked":"SKIP","floor":31}],"player_experience":1353818,"relics_obtained":[{"floor":6,"key":"Dead Branch"},{"floor":9,"key":"CaptainsWheel"},{"floor":11,"key":"Odd Mushroom"},{"floor":23,"key":"Kunai"},{"floor":26,"key":"Bronze Scales"},{"floor":30,"key":"Orichalcum"}],"event_choices":[{"damage_healed":0,"gold_gain":0,"player_choice":"Rummage","damage_taken":0,"relics_obtained":["WarpedTongs"],"max_hp_gain":0,"max_hp_loss":0,"event_name":"Accursed Blacksmith","floor":2,"gold_loss":0,"cards_obtained":["Pain"]},{"damage_healed":0,"gold_gain":0,"player_choice":"Entered Light","damage_taken":20,"max_hp_gain":0,"max_hp_loss":0,"event_name":"Shining Light","floor":5,"gold_loss":0,"cards_upgraded":["Defend_G","Strike_G"]},{"damage_healed":0,"gold_gain":0,"player_choice":"Fought Mushrooms","damage_taken":0,"max_hp_gain":0,"max_hp_loss":0,"event_name":"Mushrooms","floor":11,"gold_loss":0},{"cards_removed":["Strike_G"],"damage_healed":0,"gold_gain":0,"player_choice":"Elegance","damage_taken":0,"max_hp_gain":0,"max_hp_loss":0,"event_name":"Back to Basics","floor":21,"gold_loss":0},{"damage_healed":0,"gold_gain":50,"player_choice":"Stole From Cult","damage_taken":0,"max_hp_gain":0,"max_hp_loss":0,"event_name":"Nest","floor":22,"gold_loss":0},{"damage_healed":0,"gold_gain":0,"player_choice":"Ignored","damage_taken":0,"max_hp_gain":0,"max_hp_loss":0,"event_name":"The Mausoleum","floor":29,"gold_loss":0}],"is_beta":false,"boss_relics":[{"not_picked":["HoveringKite","Calling Bell"],"picked":"Empty Cage"}],"items_purged_floors":[14],"is_endless":false,"potions_floor_spawned":[4,10,11,12,16,20,23],"killed_by":"Automaton","ascension_level":20}}