{"host":"u2grshebrc5rdzdn","time":1608825545,"event":{"mods":["AchievementEnabler","BaseMod","Minty Spire (QoL Compilation)","StSLib"],"gold_per_floor":[111,111,136,151,174,210,210,246,246,271,292,336,336,316,316,440,440,461,474,474,494,593,626,247,286,286,310,333,348,348,382,382,507,507,526,526,526,252,267,307,370,388,388,14,14,48,116,44,44,44],"floor_reached":51,"playtime":3348,"items_purged":["Normality","Strike_R","Strike_R"],"score":1218,"play_id":"2e82a538-d834-4bb4-9814-6cf7ff6760ce","local_time":"20201224165905","is_ascension_mode":true,"campfire_choices":[{"data":"Metallicize","floor":7,"key":"SMITH"},{"data":"Feed","floor":13,"key":"SMITH"},{"data":"Bash","floor":15,"key":"SMITH"},{"floor":30,"key":"REST"},{"data":"Demon Form","floor":32,"key":"SMITH"},{"floor":45,"key":"REST"},{"floor":49,"key":"REST"}],"circlet_count":0,"master_deck":["Strike_R","Strike_R","Strike_R","Defend_R+1","Defend_R","Defend_R","Defend_R","Bash+1","Metallicize+1","Inflame","Shockwave+1","Demon Form+1","Sword Boomerang","Cleave","Pummel","Pommel Strike","Feed+1","Feed","Uppercut","Second Wind","Blood for Blood","Burning Pact+1","Bloodletting+1","Barricade","Juggernaut","Heavy Blade","Dark Embrace+1","Carnage"],"relics":["Cursed Key","Golden Idol","Pen Nib","Dead Branch","CaptainsWheel","TungstenRod","Snecko Eye","Omamori","War Paint","Happy Flower","Bag of Preparation","InkBottle","Red Skull","Busted Crown","Brimstone","Bronze Scales","Incense Burner","StrikeDummy","Meat on the Bone","Charon\u0027s Ashes","Lizard Tail"],"acts_visited":["Exordium","TheCity","TheBeyond"],"potions_floor_usage":[6,25,28,33,41,50],"damage_taken":[{"damage":0,"enemies":"Small Slimes","floor":1,"turns":2},{"damage":0,"enemies":"Jaw Worm","floor":3,"turns":3},{"damage":0,"enemies":"Cultist","floor":4,"turns":3},{"damage":3,"enemies":"Looter","floor":5,"turns":4},{"damage":1,"enemies":"3 Sentries","floor":6,"turns":7},{"damage":26,"enemies":"Gremlin Nob","floor":8,"turns":5},{"damage":1,"enemies":"2 Fungi Beasts","floor":10,"turns":3},{"damage":1,"enemies":"Exordium Thugs","floor":11,"turns":3},{"damage":0,"enemies":"Lagavulin","floor":12,"turns":4},{"damage":0,"enemies":"Slime Boss","floor":16,"turns":7},{"damage":0,"enemies":"Shell Parasite","floor":18,"turns":4},{"damage":9,"enemies":"3 Byrds","floor":19,"turns":4},{"damage":5,"enemies":"Cultist and Chosen","floor":21,"turns":3},{"damage":20,"enemies":"Book of Stabbing","floor":23,"turns":5},{"damage":25,"enemies":"Slavers","floor":25,"turns":5},{"damage":5,"enemies":"Chosen and Byrds","floor":27,"turns":3},{"damage":21,"enemies":"Snake Plant","floor":28,"turns":3},{"damage":12,"enemies":"Centurion and Healer","floor":29,"turns":4},{"damage":7,"enemies":"Gremlin Leader","floor":31,"turns":5},{"damage":3,"enemies":"Automaton","floor":33,"turns":5},{"damage":6,"enemies":"3 Darklings","floor":35,"turns":4},{"damage":0,"enemies":"3 Shapes","floor":39,"turns":5},{"damage":0,"enemies":"Giant Head","floor":40,"turns":5},{"damage":32,"enemies":"Mind Bloom Boss Battle","floor":41,"turns":4},{"damage":0,"enemies":"Transient","floor":42,"turns":5},{"damage":6,"enemies":"Reptomancer","floor":46,"turns":3},{"damage":12,"enemies":"2 Orb Walkers","floor":47,"turns":4},{"damage":33,"enemies":"Donu and Deca","floor":50,"turns":4}],"seed_played":"-4807927147495636938","potions_obtained":[{"floor":1,"key":"HeartOfIron"},{"floor":4,"key":"Strength Potion"},{"floor":6,"key":"Explosive Potion"},{"floor":8,"key":"LiquidBronze"},{"floor":12,"key":"SkillPotion"},{"floor":14,"key":"SteroidPotion"},{"floor":21,"key":"BloodPotion"},{"floor":29,"key":"Explosive Potion"},{"floor":31,"key":"Block Potion"},{"floor":33,"key":"GamblersBrew"},{"floor":35,"key":"SmokeBomb"},{"floor":42,"key":"Energy Potion"},{"floor":47,"key":"GamblersBrew"}],"is_trial":false,"path_per_floor":["M","?","M","M","M","E","R","E","T","M","M","E","R","?","R","B",null,"M","M","?","M","?","E","$","E","T","M","M","M","R","E","R","B",null,"M","?","?","$","M","E","?","M","T","$","R","E","?","$","R","B",null],"character_chosen":"IRONCLAD","items_purchased":["War Paint","Happy Flower","Brimstone","Heavy Blade","Meat on the Bone","Carnage"],"campfire_rested":3,"item_purchase_floors":[24,24,38,38,44,48],"current_hp_per_floor":[72,52,52,52,49,48,48,22,22,21,20,20,20,20,20,24,69,69,64,64,62,62,46,46,24,24,23,22,13,44,37,37,34,87,81,81,81,81,84,84,52,52,52,52,84,78,69,69,102,73],"gold":44,"neow_bonus":"BOSS_RELIC","is_daily":false,"chose_seed":false,"campfire_upgraded":4,"win_rate":0.0,"timestamp":1608825545,"path_taken":["M","?","M","M","M","E","R","E","T","M","M","E","R","?","R","BOSS","M","?","?","M","?","E","$","E","T","?","M","M","R","E","R","BOSS","M","?","?","$","M","E","?","M","T","?","R","E","?","$","R","BOSS"],"items_purchased_type":["Relic","Relic","Relic","Card","Relic","Card"],"build_version":"2020-12-22","purchased_purges":3,"victory":true,"max_hp_per_floor":[80,80,80,80,80,80,80,80,80,80,80,80,80,80,80,84,84,84,88,88,91,91,95,95,98,98,102,102,105,105,105,105,105,105,105,105,105,105,108,108,108,108,108,108,108,108,111,111,111,115],"card_choices":[{"not_picked":["Dropkick","Flame Barrier"],"picked":"Metallicize","floor":1},{"not_picked":["True Grit","Havoc"],"picked":"Inflame","floor":3},{"not_picked":["Havoc","True Grit"],"picked":"Shockwave","floor":4},{"not_picked":["Iron Wave","Carnage"],"picked":"Demon Form","floor":5},{"not_picked":["Power Through","Combust"],"picked":"Sword Boomerang","floor":6},{"not_picked":["Spot Weakness","Rampage"],"picked":"Cleave","floor":8},{"not_picked":["Spot Weakness","Uppercut"],"picked":"Pummel","floor":10},{"not_picked":["Dropkick","True Grit"],"picked":"Pommel Strike","floor":11},{"not_picked":["Headbutt","Carnage"],"picked":"Feed","floor":12},{"not_picked":["Impervious","Berserk"],"picked":"Feed","floor":16},{"not_picked":["Flex","Thunderclap+1","Clash"],"picked":"SKIP","floor":18},{"not_picked":["Dual Wield","Body Slam","Rage"],"picked":"SKIP","floor":19},{"not_picked":["Clash","Rampage"],"picked":"Second Wind","floor":21},{"not_picked":["Shrug It Off+1","Wild Strike"],"picked":"Blood for Blood","floor":23},{"not_picked":["Sentinel","Body Slam+1","Ghostly Armor"],"picked":"SKIP","floor":25},{"not_picked":["Cleave","Twin Strike+1"],"picked":"Burning Pact+1","floor":27},{"not_picked":["Armaments","Perfected Strike","Body Slam"],"picked":"SKIP","floor":28},{"not_picked":["Body Slam","Thunderclap"],"picked":"Bloodletting+1","floor":29},{"not_picked":["Perfected Strike","Warcry+1"],"picked":"Barricade","floor":31},{"not_picked":["Brutality","Exhume"],"picked":"Juggernaut","floor":33},{"not_picked":["Cleave+1"],"picked":"SKIP","floor":35},{"not_picked":["Battle Trance"],"picked":"SKIP","floor":39},{"not_picked":["Clothesline"],"picked":"SKIP","floor":40},{"not_picked":[],"picked":"Dark Embrace+1","floor":41},{"not_picked":["Flex"],"picked":"SKIP","floor":42},{"not_picked":["Uppercut+1"],"picked":"SKIP","floor":46}],"player_experience":344179,"relics_obtained":[{"floor":6,"key":"Pen Nib"},{"floor":8,"key":"Dead Branch"},{"floor":9,"key":"CaptainsWheel"},{"floor":12,"key":"TungstenRod"},{"floor":23,"key":"Omamori"},{"floor":25,"key":"Bag of Preparation"},{"floor":26,"key":"InkBottle"},{"floor":31,"key":"Red Skull"},{"floor":40,"key":"Bronze Scales"},{"floor":41,"key":"Incense Burner"},{"floor":43,"key":"StrikeDummy"},{"floor":46,"key":"Charon\u0027s Ashes"},{"floor":47,"key":"Lizard Tail"}],"event_choices":[{"damage_healed":0,"gold_gain":0,"player_choice":"Take Damage","damage_taken":20,"relics_obtained":["Golden Idol"],"max_hp_gain":0,"max_hp_loss":0,"event_name":"Golden Idol","floor":2,"gold_loss":0},{"damage_healed":0,"gold_gain":0,"player_choice":"Bought 1 Potion","damage_taken":0,"max_hp_gain":0,"max_hp_loss":0,"event_name":"The Woman in Blue","floor":14,"gold_loss":0},{"damage_healed":0,"gold_gain":0,"player_choice":"Read","damage_taken":0,"max_hp_gain":0,"max_hp_loss":0,"event_name":"The Library","floor":20,"gold_loss":0,"cards_obtained":["Uppercut"]},{"damage_healed":0,"gold_gain":99,"player_choice":"Stole From Cult","damage_taken":0,"max_hp_gain":0,"max_hp_loss":0,"event_name":"Nest","floor":22,"gold_loss":0},{"damage_healed":0,"gold_gain":0,"player_choice":"Ignored","damage_taken":0,"max_hp_gain":0,"max_hp_loss":0,"event_name":"Tomb of Lord Red Mask","floor":36,"gold_loss":0},{"damage_healed":0,"gold_gain":0,"player_choice":"Memory 1","damage_taken":0,"max_hp_gain":0,"max_hp_loss":0,"event_name":"SensoryStone","floor":37,"gold_loss":0},{"damage_healed":0,"gold_gain":0,"player_choice":"Fight","damage_taken":0,"max_hp_gain":0,"max_hp_loss":0,"event_name":"MindBloom","floor":41,"gold_loss":0},{"damage_healed":0,"gold_gain":0,"player_choice":"Fight","damage_taken":0,"max_hp_gain":0,"max_hp_loss":0,"event_name":"Mysterious Sphere","floor":47,"gold_loss":0}],"is_beta":false,"boss_relics":[{"not_picked":["Pandora\u0027s Box","Coffee Dripper"],"picked":"Snecko Eye"},{"not_picked":["Tiny House","Empty Cage"],"picked":"Busted Crown"}],"items_purged_floors":[24,38,44],"is_endless":false,"potions_floor_spawned":[1,4,6,8,12,19,21,29,31,33,35,42,47],"ascension_level":6}}