{"host":"qa8cj4hae9rrz4qd","time":1608775267,"event":{"mods":["BaseMod","Colored Map","Colored Powertips","Conspire","Downfall","Energized Spire","Halation","Hermit","Hubris","Infinite Spire","Lobotomy","Minty Spire (QoL Compilation)","Replay The Spire","StSLib","The Construct","The Cursed","The Disciple","The Hierophant","The Jungle","The Runesmith","The Servant 0.9.4","TheBandit","vexMod"],"gold_per_floor":[99,99,27,27,44,71,71,71,71,84,84,107,107,130,149,260,260,260,271,371,282,282,282,282,282,112,131,131,159,159,177,198,302,302,302,322,336,336,336,336],"floor_reached":38,"playtime":4757,"items_purged":[],"score":401,"play_id":"1f892929-ac5a-450a-9200-f09822e00280","local_time":"20201224020107","is_ascension_mode":false,"campfire_choices":[{"data":"hexamod:Float","floor":1.0,"key":"SMITH"},{"data":"hexamod:Sear","floor":9.0,"key":"SMITH"},{"data":"hexamod:NightmareStrike","floor":13.0,"key":"SMITH"},{"data":"hexamod:SpectersWail","floor":18.0,"key":"SMITH"},{"data":"hexamod:SoulSteal","floor":28.0,"key":"SMITH"},{"data":"hexamod:SearingWound","floor":35.0,"key":"SMITH"}],"circlet_count":0,"master_deck":["hexamod:Strike","hexamod:Strike+1","hexamod:Strike","hexamod:Strike","hexamod:Defend","hexamod:Defend","hexamod:Defend","hexamod:Defend+1","hexamod:Sear+1","hexamod:Float+1","hexamod:SpectersWail+1","hexamod:FirstSeal","hexamod:FourthSeal","hexamod:NightmareStrike+1","hexamod:BurningTouch+1","hexamod:ShieldOfDarkness","hexamod:SecondSeal","hexamod:RecurringNightmare+1","hexamod:SoulSteal+1","hexamod:SwordOfDarkness+1","hexamod:SixthSeal","hexamod:FastForward","hexamod:TimeOfNeed+1","hexamod:PhantomFireball+1","hexamod:BacktrackSmack","hexamod:Sear","expansioncontent:YouAreMine","hexamod:HauntingEcho","hexamod:CatchUp+1","infinitespire:Punishment","hexamod:SwordOfDarkness+1","hexamod:SkipABeat","hexamod:NightmareStrike+1","hexamod:AdvancingGuard","hexamod:Firestarter+1","hexamod:SearingWound+1","hexamod:Hexaguard+1","hexamod:BurningTouch+1"],"relics":["hexamod:SpiritBrand","downfall:HeartsMalice","CaptainsWheel","hexamod:MatchstickCase","construct:WeddingRing","downfall:GremlinSack","vexMod:RedPlottingStone","Molten Egg 2","hubris:Towel","Sling","halation:ForbiddenBikini"],"acts_visited":["Exordium","TheCity","TheBeyond"],"potions_floor_usage":[],"damage_taken":[{"damage":0.0,"enemies":"2 Louse","floor":2.0,"turns":1.0},{"damage":0.0,"enemies":"downfall:FleeingMerchant","floor":3.0,"turns":1.0},{"damage":0.0,"enemies":"Cultist","floor":4.0,"turns":1.0},{"damage":0.0,"enemies":"Jaw Worm","floor":5.0,"turns":3.0},{"damage":28.0,"enemies":"Lagavulin","floor":6.0,"turns":6.0},{"damage":12.0,"enemies":"Exordium Thugs","floor":10.0,"turns":4.0},{"damage":4.0,"enemies":"2 Fungi Beasts","floor":12.0,"turns":4.0},{"damage":0.0,"enemies":"Red Slaver","floor":14.0,"turns":4.0},{"damage":2.0,"enemies":"Blue Slaver","floor":15.0,"turns":3.0},{"damage":29.0,"enemies":"downfall:Watcher","floor":16.0,"turns":9.0},{"damage":16.0,"enemies":"3 Byrds","floor":19.0,"turns":3.0},{"damage":14.0,"enemies":"3 Byrds","floor":20.0,"turns":4.0},{"damage":9.0,"enemies":"Centurion and Healer","floor":21.0,"turns":4.0},{"damage":0.0,"enemies":"downfall:FleeingMerchant","floor":26.0,"turns":4.0},{"damage":0.0,"enemies":"Snecko","floor":27.0,"turns":4.0},{"damage":24.0,"enemies":"3 Cultists","floor":29.0,"turns":5.0},{"damage":13.0,"enemies":"Centurion and Healer","floor":31.0,"turns":3.0},{"damage":11.0,"enemies":"Snake Plant","floor":32.0,"turns":4.0},{"damage":28.0,"enemies":"downfall:Silent","floor":33.0,"turns":6.0},{"damage":2.0,"enemies":"3 Shapes","floor":36.0,"turns":5.0},{"damage":20,"enemies":"3 Darklings","floor":37,"turns":3},{"damage":65,"enemies":"4 Shapes","floor":38,"turns":3}],"seed_played":"-5609197053268383605","potions_obtained":[{"floor":5.0,"key":"Regen Potion"},{"floor":6.0,"key":"Adrenaline Potion"},{"floor":10.0,"key":"BlessingOfTheForge"},{"floor":21.0,"key":"champ:CounterPotion"},{"floor":33.0,"key":"DistilledChaos"}],"is_trial":false,"path_per_floor":["R","M","$","M","M","E","T","?","R","M","?","M","R","M","M","B",null,"R","M","?","M","?","AVR","T","?","$","M","R","M","?","M","M","B",null,"R","M","M","M"],"character_chosen":"THE_SPIRIT","items_purchased":["hexamod:FourthSeal","Sling"],"campfire_rested":0,"item_purchase_floors":[3,26],"current_hp_per_floor":[70,70,70,70,70,49,49,49,49,44,70,70,70,70,70,48,70,70,61,54,45,52,52,52,52,59,66,66,49,49,43,32,13,70,70,70,50,0,0,0],"gold":336,"neow_bonus":"THREE_ENEMY_KILL","is_daily":false,"chose_seed":false,"campfire_upgraded":6,"win_rate":0.0,"timestamp":1608775267,"path_taken":["R","M","$","M","M","E","T","?","R","M","?","M","R","?","M","BOSS","R","M","?","?","?","AVR","T","?","$","M","R","M","?","M","M","BOSS","R","M","M","M"],"items_purchased_type":["Card","Relic"],"build_version":"2020-12-22","purchased_purges":0,"victory":false,"max_hp_per_floor":[70,70,70,70,70,70,70,70,70,70,70,70,70,70,70,70,70,70,70,70,70,70,70,70,70,70,70,70,70,70,70,70,70,70,70,70,70,70,70,70],"card_choices":[{"not_picked":["hexamod:FastForward","hexamod:ShieldOfDarkness"],"picked":"hexamod:SpectersWail","floor":2.0},{"not_picked":["hexamod:ShieldOfDarkness","hexamod:GhostOfSpirePresent"],"picked":"hexamod:FirstSeal","floor":3.0},{"not_picked":["hexamod:SpectersWail","hexamod:GhostShield"],"picked":"hexamod:NightmareStrike","floor":4.0},{"not_picked":["hexamod:SkipABeat","hexamod:ThermalTransfer"],"picked":"hexamod:BurningTouch","floor":5.0},{"not_picked":["hexamod:InspiringFlames","hexamod:SpectersWail"],"picked":"hexamod:ShieldOfDarkness","floor":6.0},{"not_picked":["hexamod:RadiantFlame","hexamod:Hexaguard"],"picked":"hexamod:SecondSeal","floor":10.0},{"not_picked":["hexamod:NecessarySacrifice","hexamod:GhostShield"],"picked":"hexamod:RecurringNightmare","floor":12.0},{"not_picked":["hexamod:InspiringFlames","hexamod:FastForward"],"picked":"hexamod:SoulSteal","floor":14.0},{"not_picked":["hexamod:ThermalTransfer","hexamod:SpectersWail"],"picked":"hexamod:SwordOfDarkness","floor":15.0},{"not_picked":["hexamod:WildfireWeapon","hexamod:EmpoweringStance"],"picked":"hexamod:SixthSeal","floor":16.0},{"not_picked":["hexamod:SpectralAdrenaline","hexamod:BacktrackSmack"],"picked":"hexamod:FastForward","floor":19.0},{"not_picked":["hexamod:Hexaguard","hexamod:GhostLash"],"picked":"hexamod:HauntingEcho","floor":20.0},{"not_picked":["hexamod:RecurringNightmare+1","hexamod:ParanormalForm"],"picked":"hexamod:CatchUp+1","floor":21.0},{"not_picked":["hexamod:NightmareStrike+1","hexamod:RainOfEmbers+1"],"picked":"hexamod:SwordOfDarkness+1","floor":26.0},{"not_picked":["hexamod:Firestarter+1","hexamod:Hexaguard"],"picked":"hexamod:SkipABeat","floor":27.0},{"not_picked":["hexamod:EtherealExpedition","hexamod:Rewind"],"picked":"hexamod:NightmareStrike+1","floor":29.0},{"not_picked":["hexamod:PhantomCloak","hexamod:SoulSteal"],"picked":"hexamod:AdvancingGuard","floor":31.0},{"not_picked":["hexamod:SpectralAdrenaline","hexamod:ShieldOfDarkness"],"picked":"hexamod:Firestarter+1","floor":32.0},{"not_picked":["hexamod:CrushingStance+1","hexamod:UnleashSpirits+1"],"picked":"hexamod:SearingWound","floor":33.0},{"not_picked":["hexamod:ThermalTransfer+1","hexamod:PhantomCloak"],"picked":"hexamod:Hexaguard+1","floor":36.0},{"not_picked":["hexamod:BacktrackSmack+1","hexamod:ThermalTransfer+1"],"picked":"hexamod:BurningTouch+1","floor":37}],"player_experience":460084,"relics_obtained":[{"floor":6.0,"key":"CaptainsWheel"},{"floor":7.0,"key":"hexamod:MatchstickCase"},{"floor":20.0,"key":"downfall:GremlinSack"},{"floor":24.0,"key":"Molten Egg 2"}],"event_choices":[{"damage_healed":26.0,"max_hp_gain":0.0,"max_hp_loss":0.0,"gold_gain":0.0,"event_name":"Wheel of Change","player_choice":"Full Heal","floor":11.0,"gold_loss":0.0,"damage_taken":0.0}],"is_beta":false,"boss_relics":[{"not_picked":["vexMod:DeviousBotling","hubris:RunicObelisk"],"picked":"construct:WeddingRing"},{"not_picked":["Cursed Key","Replay:Ancient Bell"],"picked":"halation:ForbiddenBikini"}],"items_purged_floors":[],"is_endless":false,"potions_floor_spawned":[5,6,10,14,16,20,21,27,31,33],"killed_by":"4 Shapes","ascension_level":0}}