{"host":"zhec3g4cvsmevugl","time":1608788951,"event":{"mods":["BaseMod","BetterRewards","Minty Spire (QoL Compilation)","Relic Stats","Slay-I","StSLib"],"gold_per_floor":[109,59,77,91,103,131,131,166,166,166,191,191,208,233,233,328,328,340,356,367,367,367,396,396,406,430,430,457,471,104,118,118,220,220,235,254,300,300,318,336,371,387,387,387,405,424,424,458,458,458],"floor_reached":51,"playtime":3650,"items_purged":[],"score":1079,"play_id":"0deb30ec-8cb2-4740-b0bb-a0f11d513569","local_time":"20201224134911","is_ascension_mode":true,"campfire_choices":[{"floor":7,"key":"REST"},{"floor":10,"key":"REST"},{"data":"Glass Knife","floor":15,"key":"SMITH"},{"floor":24,"key":"REST"},{"data":"A Thousand Cuts","floor":27,"key":"SMITH"},{"floor":32,"key":"REST"},{"floor":44,"key":"REST"},{"data":"RitualDagger","floor":47,"key":"SMITH"},{"floor":49,"key":"REST"}],"circlet_count":0,"master_deck":["Defend_G","Defend_G","Defend_G","Defend_G+1","Defend_G","Survivor","Neutralize","Flechettes","All Out Attack","Footwork","Flash of Steel","Blade Dance","Caltrops","Blade Dance","Malaise","Cloak And Dagger","Glass Knife+1","Dagger Spray","Leg Sweep","Slice","A Thousand Cuts+1","Outmaneuver+1","All Out Attack","Backflip+1","Bite","Bite","Bite","Bite","Bite","RitualDagger+1","PiercingWail+1","Noxious Fumes+1","Glass Knife","PiercingWail","PanicButton","Infinite Blades","Cloak And Dagger","Cloak And Dagger+1","After Image","Backflip+1","Blade Dance+1","Masterful Stab+1","Parasite","Outmaneuver","Poisoned Stab","Accuracy+1","Choke","Footwork+1","Dodge and Roll+1","Slice+1"],"relics":["Ring of the Snake","Mango","Oddly Smooth Stone","Mercury Hourglass","Lantern","Art of War","Pantograph","Bag of Marbles","HoveringKite","FossilizedHelix","Centennial Puzzle","Regal Pillow","War Paint","SlaversCollar","Gambling Chip","Happy Flower","Molten Egg 2","Ninja Scroll"],"acts_visited":["Exordium","TheCity","TheBeyond"],"potions_floor_usage":[5,11,11,20,23,31,33,39,45,50],"damage_taken":[{"damage":0,"enemies":"Small Slimes","floor":1,"turns":3},{"damage":0,"enemies":"Cultist","floor":3,"turns":3},{"damage":0,"enemies":"Jaw Worm","floor":4,"turns":4},{"damage":0,"enemies":"3 Louse","floor":5,"turns":1},{"damage":23,"enemies":"Lagavulin","floor":6,"turns":12},{"damage":40,"enemies":"Gremlin Nob","floor":8,"turns":4},{"damage":11,"enemies":"Lagavulin","floor":11,"turns":6},{"damage":11,"enemies":"Large Slime","floor":13,"turns":4},{"damage":0,"enemies":"Gremlin Nob","floor":14,"turns":4},{"damage":50,"enemies":"Hexaghost","floor":16,"turns":9},{"damage":3,"enemies":"Chosen","floor":18,"turns":4},{"damage":0,"enemies":"Shell Parasite","floor":19,"turns":3},{"damage":6,"enemies":"3 Cultists","floor":20,"turns":4},{"damage":26,"enemies":"Book of Stabbing","floor":23,"turns":5},{"damage":0,"enemies":"Cultist and Chosen","floor":25,"turns":5},{"damage":14,"enemies":"Slavers","floor":28,"turns":4},{"damage":14,"enemies":"Snake Plant","floor":29,"turns":4},{"damage":6,"enemies":"Centurion and Healer","floor":31,"turns":4},{"damage":64,"enemies":"Champ","floor":33,"turns":10},{"damage":12,"enemies":"Orb Walker","floor":35,"turns":4},{"damage":0,"enemies":"3 Shapes","floor":36,"turns":2},{"damage":32,"enemies":"2 Orb Walkers","floor":37,"turns":5},{"damage":26,"enemies":"Writhing Mass","floor":39,"turns":7},{"damage":6,"enemies":"3 Darklings","floor":40,"turns":4},{"damage":9,"enemies":"Reptomancer","floor":41,"turns":7},{"damage":0,"enemies":"Jaw Worm Horde","floor":42,"turns":4},{"damage":1,"enemies":"Spire Growth","floor":45,"turns":4},{"damage":8,"enemies":"3 Darklings","floor":46,"turns":4},{"damage":35,"enemies":"Giant Head","floor":48,"turns":8},{"damage":49,"enemies":"Donu and Deca","floor":50,"turns":8}],"seed_played":"6511187504086949343","potions_obtained":[{"floor":3,"key":"Explosive Potion"},{"floor":4,"key":"Regen Potion"},{"floor":8,"key":"Regen Potion"},{"floor":11,"key":"Explosive Potion"},{"floor":12,"key":"Energy Potion"},{"floor":12,"key":"Regen Potion"},{"floor":16,"key":"FairyPotion"},{"floor":23,"key":"ColorlessPotion"},{"floor":25,"key":"GamblersBrew"},{"floor":29,"key":"Explosive Potion"},{"floor":37,"key":"Energy Potion"},{"floor":42,"key":"Poison Potion"},{"floor":45,"key":"DuplicationPotion"},{"floor":46,"key":"GhostInAJar"}],"is_trial":false,"path_per_floor":["M","?","M","M","M","E","R","E","T","R","E","?","M","E","R","B",null,"M","M","M","?","?","E","R","M","T","R","E","M","$","M","R","B",null,"M","M","?","?","M","M","E","M","T","R","M","M","R","E","R","B",null],"character_chosen":"THE_SILENT","items_purchased":["Oddly Smooth Stone","All Out Attack","Footwork","Flash of Steel","PanicButton","War Paint","Infinite Blades","Cloak And Dagger"],"campfire_rested":6,"item_purchase_floors":[0,0,0,0,30,30,30,30],"current_hp_per_floor":[53,53,53,53,53,30,53,13,13,36,65,65,54,54,54,29,79,76,76,70,55,49,27,43,47,47,47,39,31,31,29,55,3,55,43,47,19,19,1,20,15,17,17,48,51,47,47,20,51,12],"gold":458,"neow_bonus":"","is_daily":false,"chose_seed":false,"campfire_upgraded":3,"win_rate":0.0,"timestamp":1608788951,"path_taken":["M","?","M","M","M","E","R","E","T","R","E","?","?","E","R","BOSS","M","M","M","?","?","E","R","M","T","R","E","M","$","M","R","BOSS","M","M","?","?","M","M","E","M","T","R","?","M","R","E","R","BOSS"],"items_purchased_type":["Relic","Card","Card","Card","Card","Relic","Card","Card"],"build_version":"2020-12-22","purchased_purges":0,"victory":true,"max_hp_per_floor":[79,79,79,79,79,79,79,79,79,79,79,79,79,79,79,79,79,79,79,79,55,55,55,55,55,55,55,55,55,55,55,55,55,55,55,55,55,55,55,55,55,55,55,55,55,55,55,55,55,55],"relic_stats":{"Centennial Puzzle":[39],"Regal Pillow":40,"Happy Flower":[9],"counters":[110,525],"Pantograph":29,"Gambling Chip":[15],"HoveringKite":[19],"Art of War":[5],"War Paint":["Defend_G","PiercingWail"],"obtain_stats":[{"TwistedFunnel":0,"Ice Cream":38,"Mark of the Bloom":44,"Spirit Poop":48,"HoveringKite":17,"Bottled Tornado":19,"Centennial Puzzle":17,"HornCleat":26,"MealTicket":26,"Happy Flower":41,"Oddly Smooth Stone":29,"Tingsha":17,"Pen Nib":41,"Letter Opener":43,"War Paint":30,"Question Card":39,"OrangePellets":28,"SlaversCollar":17,"Shuriken":0,"Molten Egg 2":43,"Darkstone Periapt":17,"Lantern":0,"Regal Pillow":28,"Torii":8,"Singing Bowl":20,"SacredBark":34,"Mango":0,"Juzu Bracelet":45,"Ancient Tea Set":9,"PrismaticShard":0,"WristBlade":34,"Ninja Scroll":48,"Pantograph":28,"Gambling Chip":37,"Red Mask":22,"InkBottle":46,"Ring of the Snake":0,"The Specimen":7,"Golden Idol":4,"PreservedInsect":27,"Omamori":10,"Orichalcum":19,"White Beast Statue":45,"Mercury Hourglass":0,"Calling Bell":17,"Strange Spoon":38,"Bag of Marbles":40,"Art of War":9,"Bottled Lightning":9,"FossilizedHelix":23},{"TwistedFunnel":31,"Ice Cream":52,"Mark of the Bloom":53,"Spirit Poop":54,"HoveringKite":90,"Bottled Tornado":64,"Centennial Puzzle":40,"HornCleat":45,"MealTicket":68,"Happy Flower":105,"Oddly Smooth Stone":70,"Tingsha":40,"Pen Nib":53,"Letter Opener":53,"War Paint":97,"Question Card":75,"OrangePellets":46,"SlaversCollar":63,"Shuriken":31,"Molten Egg 2":106,"Darkstone Periapt":40,"Lantern":55,"Regal Pillow":96,"Torii":35,"Singing Bowl":41,"SacredBark":73,"Mango":80,"Juzu Bracelet":53,"Ancient Tea Set":35,"PrismaticShard":55,"WristBlade":49,"Ninja Scroll":109,"Pantograph":46,"Gambling Chip":102,"Red Mask":43,"InkBottle":53,"Ring of the Snake":0,"The Specimen":35,"Golden Idol":57,"PreservedInsect":69,"Omamori":59,"Orichalcum":64,"White Beast Statue":53,"Mercury Hourglass":31,"Calling Bell":40,"Strange Spoon":75,"Bag of Marbles":76,"Art of War":86,"Bottled Lightning":58,"FossilizedHelix":94},{"TwistedFunnel":122,"Ice Cream":212,"Mark of the Bloom":219,"Spirit Poop":221,"HoveringKite":426,"Bottled Tornado":283,"Centennial Puzzle":148,"HornCleat":171,"MealTicket":302,"Happy Flower":498,"Oddly Smooth Stone":311,"Tingsha":148,"Pen Nib":219,"Letter Opener":219,"War Paint":455,"Question Card":335,"OrangePellets":176,"SlaversCollar":278,"Shuriken":122,"Molten Egg 2":502,"Darkstone Periapt":148,"Lantern":236,"Regal Pillow":451,"Torii":135,"Singing Bowl":152,"SacredBark":328,"Mango":376,"Juzu Bracelet":219,"Ancient Tea Set":135,"PrismaticShard":236,"WristBlade":199,"Ninja Scroll":517,"Pantograph":176,"Gambling Chip":480,"Red Mask":159,"InkBottle":219,"Ring of the Snake":0,"The Specimen":135,"Golden Idol":241,"PreservedInsect":307,"Omamori":255,"Orichalcum":283,"White Beast Statue":219,"Mercury Hourglass":122,"Calling Bell":148,"Strange Spoon":335,"Bag of Marbles":341,"Art of War":403,"Bottled Lightning":250,"FossilizedHelix":442}],"Ring of the Snake":[111],"Mercury Hourglass":[441]},"card_choices":[{"not_picked":["Deadly Poison","Expertise"],"picked":"Blade Dance","floor":1},{"not_picked":["Distraction","Prepared"],"picked":"Caltrops","floor":3},{"not_picked":["Well Laid Plans","Acrobatics"],"picked":"Blade Dance","floor":4},{"not_picked":["Reflex","Heel Hook"],"picked":"Malaise","floor":5},{"not_picked":["Dagger Throw","Night Terror"],"picked":"Cloak And Dagger","floor":6},{"not_picked":["Flechettes","Dagger Spray"],"picked":"Glass Knife","floor":8},{"not_picked":["Escape Plan","Tactician"],"picked":"Dagger Spray","floor":11},{"not_picked":["Dodge and Roll","PiercingWail"],"picked":"Leg Sweep","floor":13},{"not_picked":["Sucker Punch","Bane"],"picked":"Slice","floor":14},{"not_picked":["Malaise","Grand Finale"],"picked":"A Thousand Cuts","floor":16},{"not_picked":["Underhanded Strike","Riddle With Holes"],"picked":"Outmaneuver+1","floor":18},{"not_picked":["Bouncing Flask","Quick Slash"],"picked":"All Out Attack","floor":19},{"not_picked":["Escape Plan","PiercingWail+1"],"picked":"Backflip+1","floor":20},{"not_picked":["Tactician","Prepared"],"picked":"PiercingWail","floor":23},{"not_picked":["Dagger Throw","Bane"],"picked":"Noxious Fumes+1","floor":25},{"not_picked":["Distraction","Catalyst"],"picked":"Glass Knife","floor":28},{"not_picked":["Underhanded Strike+1","Accuracy"],"picked":"PiercingWail","floor":29},{"not_picked":["Deflect+1","Concentrate"],"picked":"Cloak And Dagger+1","floor":31},{"not_picked":["Storm of Steel","Die Die Die"],"picked":"After Image","floor":33},{"not_picked":["Deadly Poison+1","Dagger Throw+1"],"picked":"Backflip+1","floor":35},{"not_picked":["Noxious Fumes+1","Cloak And Dagger"],"picked":"Blade Dance+1","floor":36},{"not_picked":["Acrobatics","Setup+1"],"picked":"Masterful Stab+1","floor":37},{"not_picked":["Noxious Fumes","Cloak And Dagger"],"picked":"Outmaneuver","floor":39},{"not_picked":["Underhanded Strike","Sucker Punch+1"],"picked":"Poisoned Stab","floor":40},{"not_picked":["Setup","After Image"],"picked":"Accuracy+1","floor":41},{"not_picked":["Prepared","Reflex"],"picked":"Choke","floor":42},{"not_picked":["Backflip+1","Escape Plan+1"],"picked":"Footwork+1","floor":45},{"not_picked":["Flying Knee+1","Expertise+1"],"picked":"Dodge and Roll+1","floor":46},{"not_picked":["Poisoned Stab+1","Heel Hook+1"],"picked":"Slice+1","floor":48}],"player_experience":164335,"relics_obtained":[{"floor":6,"key":"Mercury Hourglass"},{"floor":8,"key":"Lantern"},{"floor":9,"key":"Art of War"},{"floor":11,"key":"Pantograph"},{"floor":14,"key":"Bag of Marbles"},{"floor":23,"key":"FossilizedHelix"},{"floor":26,"key":"Centennial Puzzle"},{"floor":28,"key":"Regal Pillow"},{"floor":37,"key":"Gambling Chip"},{"floor":41,"key":"Happy Flower"},{"floor":43,"key":"Molten Egg 2"},{"floor":48,"key":"Ninja Scroll"}],"event_choices":[{"cards_removed":["Shame"],"damage_healed":0,"gold_gain":0,"player_choice":"Card Removal","damage_taken":0,"max_hp_gain":0,"max_hp_loss":0,"event_name":"The Cleric","floor":2,"gold_loss":50},{"damage_healed":0,"gold_gain":0,"player_choice":"Got Potions","damage_taken":0,"max_hp_gain":0,"max_hp_loss":0,"event_name":"Lab","floor":12,"gold_loss":0},{"damage_healed":0,"gold_gain":0,"player_choice":"Became a vampire","damage_taken":0,"max_hp_gain":0,"max_hp_loss":24,"event_name":"Vampires","floor":21,"gold_loss":0,"cards_obtained":["Bite","Bite","Bite","Bite","Bite"]},{"damage_healed":0,"gold_gain":0,"player_choice":"Joined the Cult","damage_taken":6,"max_hp_gain":0,"max_hp_loss":0,"event_name":"Nest","floor":22,"gold_loss":0,"cards_obtained":["RitualDagger"]},{"damage_healed":0,"gold_gain":0,"player_choice":"Fight","damage_taken":0,"max_hp_gain":0,"max_hp_loss":0,"event_name":"Mysterious Sphere","floor":37,"gold_loss":0},{"damage_healed":0,"gold_gain":0,"player_choice":"Ignored","damage_taken":0,"max_hp_gain":0,"max_hp_loss":0,"event_name":"The Moai Head","floor":38,"gold_loss":0}],"is_beta":false,"boss_relics":[{"not_picked":["Runic Dome","Astrolabe"],"picked":"HoveringKite"},{"not_picked":["Coffee Dripper","Busted Crown"],"picked":"SlaversCollar"}],"items_purged_floors":[],"is_endless":false,"potions_floor_spawned":[3,4,8,11,16,19,23,25,29,37,42,45,46],"ascension_level":1}}