{"host":"wha9hktbkslqvblg","time":1608793711,"event":{"mods":["BaseMod","Colored Map","Minty Spire (QoL Compilation)","Relic Stats","SuperFastMode","everything is the same but u backflip on backflip"],"gold_per_floor":[15,15,28,48,48,48,73,73,148,162,87,106,106,137,137,137,137],"floor_reached":16,"playtime":295,"items_purged":["Strike_R"],"score":204,"play_id":"2d945f69-06fb-4e26-9652-b4c62b65b5de","local_time":"20201224160831","is_ascension_mode":true,"campfire_choices":[{"data":"Body Slam","floor":6,"key":"SMITH"},{"data":"Entrench","floor":13,"key":"SMITH"},{"data":"Feel No Pain","floor":15,"key":"SMITH"}],"circlet_count":0,"master_deck":["AscendersBane","Strike_R","Strike_R","Strike_R","Defend_R","Defend_R","Defend_R","Bash","Cleave","Feel No Pain+1","Body Slam+1","Flame Barrier","Pommel Strike","Entrench+1"],"relics":["Burning Blood","Golden Idol","Potion Belt","Dream Catcher"],"acts_visited":["Exordium"],"potions_floor_usage":[14,16,16],"damage_taken":[{"damage":9,"enemies":"Jaw Worm","floor":1,"turns":4},{"damage":3,"enemies":"Cultist","floor":3,"turns":3},{"damage":7,"enemies":"Small Slimes","floor":4,"turns":4},{"damage":1,"enemies":"2 Fungi Beasts","floor":7,"turns":4},{"damage":6,"enemies":"Looter","floor":10,"turns":3},{"damage":15,"enemies":"Lots of Slimes","floor":12,"turns":3},{"damage":40,"enemies":"Lagavulin","floor":14,"turns":8},{"damage":18,"enemies":"Slime Boss","floor":16,"turns":5}],"seed_played":"-5080968741812803440","potions_obtained":[{"floor":3,"key":"Weak Potion"},{"floor":7,"key":"FearPotion"},{"floor":14,"key":"SneckoOil"}],"is_trial":false,"path_per_floor":["M","?","M","M","?","R","M","?","T","M","$","M","R","E","R","B"],"character_chosen":"IRONCLAD","items_purchased":[],"campfire_rested":0,"item_purchase_floors":[],"current_hp_per_floor":[65,65,68,67,67,67,68,68,68,68,68,59,59,25,25,7,7],"gold":137,"neow_bonus":"TRANSFORM_TWO_CARDS","is_daily":false,"chose_seed":false,"campfire_upgraded":3,"win_rate":0.0,"timestamp":1608793711,"path_taken":["M","?","M","M","?","R","?","?","T","M","$","M","R","E","R","BOSS"],"items_purchased_type":[],"build_version":"2020-12-22","purchased_purges":1,"victory":false,"max_hp_per_floor":[75,68,68,68,68,68,68,68,68,68,68,68,68,68,68,68,68],"relic_stats":{"Dream Catcher":0,"counters":[8,34],"Golden Idol":25,"obtain_stats":[{"Potion Belt":5,"Dream Catcher":14,"Golden Idol":2,"Burning Blood":0},{"Potion Belt":3,"Dream Catcher":7,"Golden Idol":1,"Burning Blood":0},{"Potion Belt":11,"Dream Catcher":29,"Golden Idol":4,"Burning Blood":0}],"Burning Blood":38},"card_choices":[{"not_picked":["Shrug It Off","Pummel"],"picked":"Body Slam","floor":1},{"not_picked":["Clothesline","Warcry"],"picked":"Flame Barrier","floor":3},{"not_picked":["Anger","Havoc"],"picked":"Uppercut","floor":4},{"not_picked":["Iron Wave","Cleave"],"picked":"Pommel Strike","floor":7},{"not_picked":["Brutality","Pommel Strike","Wild Strike"],"picked":"SKIP","floor":10},{"not_picked":["Body Slam","Pummel"],"picked":"Entrench","floor":12},{"not_picked":["Fiend Fire","Thunderclap","Warcry"],"picked":"SKIP","floor":14}],"player_experience":882074,"relics_obtained":[{"floor":14,"key":"Dream Catcher"}],"event_choices":[{"damage_healed":0,"gold_gain":0,"player_choice":"Lose Max HP","damage_taken":0,"relics_obtained":["Golden Idol"],"max_hp_gain":0,"max_hp_loss":7,"event_name":"Golden Idol","floor":2,"gold_loss":0},{"cards_removed":["Uppercut"],"damage_healed":0,"gold_gain":0,"player_choice":"Gave Card","damage_taken":0,"relics_obtained":["Potion Belt"],"max_hp_gain":0,"max_hp_loss":0,"event_name":"WeMeetAgain","floor":5,"gold_loss":0},{"damage_healed":0,"gold_gain":0,"player_choice":"Ignored","damage_taken":0,"max_hp_gain":0,"max_hp_loss":0,"event_name":"Liars Game","floor":8,"gold_loss":0}],"is_beta":false,"boss_relics":[],"items_purged_floors":[11],"is_endless":false,"potions_floor_spawned":[3,7,14],"killed_by":"Slime Boss","ascension_level":20}}