{"host":"w3q5ijqu8eoknil3","time":1608849826,"event":{"mods":["Alarm Clock","BaseMod","Block Reminder","Colored Map","Colored Powertips","Curses Come First","Minty Spire (QoL Compilation)","Quick Restart","Relic Stats","StSLib","ojb\u0027s Better Paths Mod","ojb\u0027s Info Mod","slay the spire mod where everything is the same but ironclad has a cowboy hat"],"gold_per_floor":[111,123,123,123,148,148,191,191,191,214,228,193,193,224,224,319,319,332,332,346,13,13,13,13],"floor_reached":23,"playtime":2385,"items_purged":[],"score":394,"play_id":"ad4a9bc2-63fa-43dd-9124-32cc2c9446dc","local_time":"20201224224346","is_ascension_mode":true,"campfire_choices":[{"data":"Second Wind","floor":6,"key":"SMITH"},{"floor":15,"key":"REST"}],"circlet_count":0,"master_deck":["AscendersBane","Bash","Pommel Strike","Second Wind+1","Heavy Blade","Cleave","Limit Break","Disarm","Flex","Reaper","Bludgeon","Whirlwind","Infernal Blade","Barricade","Warcry","Entrench","Fire Breathing","Inflame","Infernal Blade"],"relics":["Snecko Eye","Golden Idol","Pantograph","Strawberry","Juzu Bracelet","Whetstone","Ornamental Fan","Pandora\u0027s Box","PreservedInsect","Medical Kit"],"acts_visited":["Exordium","TheCity"],"potions_floor_usage":[11,14,16,20],"damage_taken":[{"damage":1,"enemies":"2 Louse","floor":1,"turns":3},{"damage":7,"enemies":"Jaw Worm","floor":2,"turns":2},{"damage":54,"enemies":"3 Sentries","floor":7,"turns":10},{"damage":4,"enemies":"Cultist","floor":10,"turns":2},{"damage":6,"enemies":"Looter","floor":11,"turns":3},{"damage":35,"enemies":"Gremlin Nob","floor":14,"turns":4},{"damage":27,"enemies":"The Guardian","floor":16,"turns":12},{"damage":46,"enemies":"3 Byrds","floor":18,"turns":6},{"damage":8,"enemies":"Spheric Guardian","floor":20,"turns":5},{"damage":29,"enemies":"Slavers","floor":23,"turns":1}],"seed_played":"-3273449564441607335","potions_obtained":[{"floor":7,"key":"ColorlessPotion"},{"floor":11,"key":"BloodPotion"},{"floor":14,"key":"Fire Potion"},{"floor":16,"key":"DuplicationPotion"}],"is_trial":false,"path_per_floor":["M","M","?","?","T","R","E","?","T","M","M","?","?","E","R","B",null,"M","?","M","$","?","E"],"character_chosen":"IRONCLAD","items_purchased":["PreservedInsect","Medical Kit"],"campfire_rested":1,"item_purchase_floors":[21,21],"current_hp_per_floor":[67,60,60,60,67,67,13,13,13,9,3,21,21,1,23,21,62,22,22,22,22,22,0,0],"gold":13,"neow_bonus":"BOSS_RELIC","is_daily":false,"chose_seed":false,"campfire_upgraded":1,"win_rate":0.0,"timestamp":1608849826,"path_taken":["M","M","?","?","?","R","E","?","T","M","M","?","?","E","R","BOSS","M","?","M","?","?","E"],"items_purchased_type":["Relic","Relic"],"build_version":"2020-12-22","purchased_purges":0,"victory":false,"max_hp_per_floor":[75,75,68,68,75,75,75,75,75,75,75,75,75,75,75,75,75,75,75,75,75,75,75,75],"relic_stats":{"counters":[10,48],"Golden Idol":48,"Ornamental Fan":[28],"Pantograph":25,"Snecko Eye":[71,81,74,75],"Pandora\u0027s Box":["Bludgeon","Whirlwind","Seeing Red","Infernal Blade","Barricade","Warcry","Entrench","Fire Breathing"],"PreservedInsect":41,"Juzu Bracelet":2,"Whetstone":["Strike_R","Strike_R"],"Medical Kit":[0],"obtain_stats":[{"Golden Idol":3,"Ornamental Fan":14,"Pantograph":4,"Strawberry":5,"Snecko Eye":0,"Pandora\u0027s Box":17,"PreservedInsect":21,"Juzu Bracelet":7,"Whetstone":9,"Medical Kit":21,"Burning Blood":0},{"Golden Idol":2,"Ornamental Fan":6,"Pantograph":2,"Strawberry":2,"Snecko Eye":0,"Pandora\u0027s Box":7,"PreservedInsect":9,"Juzu Bracelet":3,"Whetstone":3,"Medical Kit":9,"Burning Blood":0},{"Golden Idol":5,"Ornamental Fan":24,"Pantograph":5,"Strawberry":5,"Snecko Eye":0,"Pandora\u0027s Box":36,"PreservedInsect":47,"Juzu Bracelet":15,"Whetstone":15,"Medical Kit":47,"Burning Blood":0}]},"card_choices":[{"not_picked":["Clash","Blood for Blood"],"picked":"Pommel Strike","floor":1},{"not_picked":["Hemokinesis","Body Slam"],"picked":"Second Wind","floor":2},{"not_picked":["Clash","Body Slam"],"picked":"Heavy Blade","floor":7},{"not_picked":["Pommel Strike","Perfected Strike"],"picked":"Cleave","floor":10},{"not_picked":["Perfected Strike","Rampage"],"picked":"Limit Break","floor":11},{"not_picked":["Searing Blow","Warcry"],"picked":"Flex","floor":14},{"not_picked":["Barricade","Feed"],"picked":"Reaper","floor":16},{"not_picked":["Havoc","Sentinel"],"picked":"Inflame","floor":18},{"not_picked":["Headbutt","Sword Boomerang"],"picked":"Infernal Blade","floor":20}],"player_experience":944043,"relics_obtained":[{"floor":5,"key":"Strawberry"},{"floor":7,"key":"Juzu Bracelet"},{"floor":9,"key":"Whetstone"},{"floor":14,"key":"Ornamental Fan"}],"event_choices":[{"damage_healed":0,"gold_gain":0,"player_choice":"Lose Max HP","damage_taken":0,"relics_obtained":["Golden Idol"],"max_hp_gain":0,"max_hp_loss":7,"event_name":"Golden Idol","floor":3,"gold_loss":0},{"damage_healed":0,"gold_gain":0,"player_choice":"Box","damage_taken":0,"relics_obtained":["Pantograph"],"max_hp_gain":0,"max_hp_loss":0,"event_name":"Big Fish","floor":4,"gold_loss":0,"cards_obtained":["Regret"]},{"damage_healed":0,"gold_gain":0,"player_choice":"Ignored","damage_taken":0,"max_hp_gain":0,"max_hp_loss":0,"event_name":"Shining Light","floor":8,"gold_loss":0},{"damage_healed":18,"gold_gain":0,"player_choice":"Healed","damage_taken":0,"max_hp_gain":0,"max_hp_loss":0,"event_name":"The Cleric","floor":12,"gold_loss":35},{"damage_healed":0,"gold_gain":0,"cards_transformed":["Strike_R"],"player_choice":"Transformed","damage_taken":0,"max_hp_gain":0,"max_hp_loss":0,"event_name":"Transmorgrifier","floor":13,"gold_loss":0,"cards_obtained":["Disarm"]},{"cards_removed":["Regret"],"damage_healed":0,"gold_gain":0,"player_choice":"Removed Curses","damage_taken":0,"max_hp_gain":0,"max_hp_loss":0,"event_name":"Fountain of Cleansing","floor":19,"gold_loss":0},{"cards_removed":["Seeing Red"],"damage_healed":0,"gold_gain":0,"player_choice":"Purged","damage_taken":0,"max_hp_gain":0,"max_hp_loss":0,"event_name":"Purifier","floor":22,"gold_loss":0}],"is_beta":false,"boss_relics":[{"not_picked":["Empty Cage","Runic Dome"],"picked":"Pandora\u0027s Box"}],"items_purged_floors":[],"is_endless":false,"potions_floor_spawned":[7,11,14,16],"killed_by":"Slavers","ascension_level":20}}