{"host":"uflv0e3ja7hvnij7","time":1608843594,"event":{"mods":["Aspiration","BaseMod","Better Altar","Better Match","Better Note","Better Sensory Stone","Better Skull","Better Third Choice","Infinite Spire","Minty Spire (QoL Compilation)","Permanent Neow","StSLib"],"gold_per_floor":[360,373,203,213,233,233,262,262,332,432,449,479,479,490,490,591,591,611,293,311,327,204,229,239,249,326,342,372,372,401,416,416,518,518,535,635,646,662,439,466,486,159,159,174,187,67,87,87,87,87],"floor_reached":51,"playtime":2394,"items_purged":["Bash","Clumsy","Defend_R","Defend_R"],"score":1021,"play_id":"0c38c6e8-484f-46a1-a930-96599e019d63","local_time":"20201224155954","is_ascension_mode":true,"campfire_choices":[{"data":"Perfected Strike","floor":6,"key":"SMITH"},{"floor":15,"key":"REST"},{"data":"Berserk","floor":29,"key":"SMITH"},{"data":"Perfected Strike","floor":32,"key":"SMITH"},{"floor":49,"key":"REST"}],"circlet_count":0,"master_deck":["Strike_R","Strike_R","Strike_R","Strike_R","Strike_R+1","Defend_R","Defend_R+1","Perfected Strike+1","Perfected Strike+1","Bandage Up","Shrug It Off","Feed","Pommel Strike","Seeing Red","Perfected Strike+1","Wild Strike+1","Berserk+1","Wild Strike","Wild Strike","Twin Strike+1","Exhume","Wild Strike+1","Wild Strike+1","Wild Strike","Perfected Strike+1","Wild Strike","Secret Weapon"],"relics":["Burning Blood","Bag of Preparation","The Courier","Bronze Scales","aspiration:HummingbirdHeart","Sozu","aspiration:Lifesprig","Vajra","Akabeko","aspiration:Stabinomicon","Sundial","Dead Branch","Mummified Hand","Fusion Hammer","Lee\u0027s Waffle","Ginger","Bottled Tornado","DollysMirror","Pear"],"acts_visited":["Exordium","TheCity","TheBeyond"],"potions_floor_usage":[7,16,50],"damage_taken":[{"damage":1,"enemies":"Cultist","floor":1,"turns":3},{"damage":15,"enemies":"Small Slimes","floor":2,"turns":4},{"damage":6,"enemies":"2 Louse","floor":4,"turns":2},{"damage":12,"enemies":"Red Slaver","floor":5,"turns":4},{"damage":35,"enemies":"3 Sentries","floor":7,"turns":7},{"damage":1,"enemies":"Large Slime","floor":11,"turns":5},{"damage":27,"enemies":"Lagavulin","floor":12,"turns":5},{"damage":0,"enemies":"3 Louse","floor":14,"turns":3},{"damage":73,"enemies":"Slime Boss","floor":16,"turns":14},{"damage":25,"enemies":"Shell Parasite","floor":18,"turns":5},{"damage":0,"enemies":"Spheric Guardian","floor":20,"turns":3},{"damage":6,"enemies":"Snake Plant","floor":21,"turns":3},{"damage":43,"enemies":"Book of Stabbing","floor":23,"turns":5},{"damage":0,"enemies":"Sentry and Sphere","floor":24,"turns":3},{"damage":0,"enemies":"Snecko","floor":25,"turns":2},{"damage":0,"enemies":"Snake Plant","floor":27,"turns":2},{"damage":3,"enemies":"Slavers","floor":28,"turns":4},{"damage":11,"enemies":"Book of Stabbing","floor":30,"turns":3},{"damage":0,"enemies":"3 Cultists","floor":31,"turns":3},{"damage":16,"enemies":"Champ","floor":33,"turns":5},{"damage":0,"enemies":"Orb Walker","floor":35,"turns":1},{"damage":4,"enemies":"3 Shapes","floor":37,"turns":2},{"damage":14,"enemies":"Maw","floor":38,"turns":5},{"damage":4,"enemies":"Nemesis","floor":40,"turns":3},{"damage":0,"enemies":"Sphere and 2 Shapes","floor":41,"turns":2},{"damage":0,"enemies":"Jaw Worm Horde","floor":44,"turns":2},{"damage":8,"enemies":"4 Shapes","floor":45,"turns":2},{"damage":3,"enemies":"Maw","floor":47,"turns":3},{"damage":144,"enemies":"infinitespire:MassOfShapes","floor":50,"turns":8}],"seed_played":"-131283367734981820","potions_obtained":[{"floor":4,"key":"LiquidBronze"},{"floor":7,"key":"BloodPotion"},{"floor":11,"key":"BloodPotion"}],"is_trial":false,"path_per_floor":["M","M","$","M","M","R","E","?","T","?","M","E","?","M","R","B",null,"M","$","M","M","$","E","M","M","T","M","E","R","E","M","R","B",null,"M","?","M","M","$","E","M","$","T","M","M","$","M","?","R","B",null],"character_chosen":"IRONCLAD","items_purchased":["Bandage Up","aspiration:Lifesprig","Vajra","Akabeko","Lee\u0027s Waffle","Bottled Tornado","DollysMirror"],"campfire_rested":2,"item_purchase_floors":[3,19,19,22,39,42,42],"current_hp_per_floor":[80,71,71,75,73,73,48,32,32,32,41,24,24,34,58,11,80,61,61,74,78,78,45,58,67,67,77,87,87,89,98,98,92,98,101,101,101,97,108,108,108,108,118,118,119,119,121,121,121,11],"gold":87,"neow_bonus":"TWO_FIFTY_GOLD","is_daily":false,"chose_seed":false,"campfire_upgraded":3,"win_rate":0.0,"timestamp":1608843594,"path_taken":["M","M","$","M","?","R","E","?","T","?","?","E","?","M","R","BOSS","M","$","M","M","$","E","M","M","T","M","E","R","E","M","R","BOSS","M","?","M","M","$","E","M","?","T","?","M","$","M","?","R","BOSS"],"items_purchased_type":["Card","Relic","Relic","Relic","Relic","Relic","Relic"],"build_version":"2020-12-22","purchased_purges":4,"victory":true,"max_hp_per_floor":[80,80,80,80,80,80,80,80,80,80,80,80,80,80,80,80,80,80,80,83,83,83,83,86,89,89,89,92,92,95,98,98,98,98,101,101,101,101,108,108,108,108,118,118,121,121,121,121,121,121],"card_choices":[{"not_picked":["Shrug It Off","Clothesline"],"picked":"Perfected Strike","floor":1},{"not_picked":["Armaments","Headbutt"],"picked":"Perfected Strike","floor":2},{"not_picked":["True Grit","Pummel","Heavy Blade"],"picked":"SKIP","floor":4},{"not_picked":["Body Slam","Iron Wave","Hemokinesis"],"picked":"SKIP","floor":5},{"not_picked":["Clothesline","Fiend Fire"],"picked":"Shrug It Off","floor":7},{"not_picked":["Blood for Blood","Headbutt","Armaments"],"picked":"SKIP","floor":11},{"not_picked":["Whirlwind","Carnage","Sentinel"],"picked":"SKIP","floor":12},{"not_picked":["Armaments","Rampage","Seeing Red"],"picked":"SKIP","floor":14},{"not_picked":["Reaper","Fiend Fire"],"picked":"Feed","floor":16},{"not_picked":["Combust","Anger","Thunderclap"],"picked":"SKIP","floor":18},{"not_picked":["Rage","Power Through"],"picked":"Pommel Strike","floor":20},{"not_picked":["Carnage+1","Bloodletting"],"picked":"Seeing Red","floor":21},{"not_picked":["Bloodletting","Entrench"],"picked":"Perfected Strike+1","floor":23},{"not_picked":["Flex","True Grit"],"picked":"Wild Strike+1","floor":24},{"not_picked":["True Grit","Fire Breathing"],"picked":"Berserk","floor":25},{"not_picked":["Warcry+1","Body Slam+1","Infernal Blade"],"picked":"SKIP","floor":27},{"not_picked":["Flex+1","Twin Strike"],"picked":"Wild Strike","floor":28},{"not_picked":["True Grit+1","Immolate"],"picked":"Wild Strike","floor":30},{"not_picked":["Fire Breathing","Dropkick+1"],"picked":"Twin Strike+1","floor":31},{"not_picked":["Bludgeon","Corruption"],"picked":"Exhume","floor":33},{"not_picked":["Iron Wave+1","Spot Weakness+1","Disarm"],"picked":"SKIP","floor":35},{"not_picked":["Reckless Charge","Clothesline+1","Heavy Blade+1"],"picked":"SKIP","floor":37},{"not_picked":["Power Through","Flame Barrier"],"picked":"Wild Strike+1","floor":38},{"not_picked":["Searing Blow+1","Inflame+1"],"picked":"Wild Strike+1","floor":40},{"not_picked":["Sword Boomerang","Reckless Charge"],"picked":"Wild Strike","floor":41},{"not_picked":["Entrench+1","Thunderclap+1"],"picked":"Wild Strike","floor":44},{"not_picked":["Disarm+1","Thunderclap","Flex"],"picked":"SKIP","floor":45},{"not_picked":["Searing Blow+1","Clothesline","Warcry"],"picked":"SKIP","floor":47},{"not_picked":["Madness","Mind Blast"],"picked":"Secret Weapon","floor":48}],"player_experience":326652,"relics_obtained":[{"floor":7,"key":"Bag of Preparation"},{"floor":9,"key":"The Courier"},{"floor":12,"key":"Bronze Scales"},{"floor":13,"key":"aspiration:HummingbirdHeart"},{"floor":23,"key":"aspiration:Stabinomicon"},{"floor":26,"key":"Sundial"},{"floor":28,"key":"Dead Branch"},{"floor":30,"key":"Mummified Hand"},{"floor":40,"key":"Ginger"},{"floor":43,"key":"Pear"}],"event_choices":[{"damage_healed":48,"gold_gain":0,"player_choice":"Upgrade","damage_taken":16,"max_hp_gain":0,"max_hp_loss":80,"event_name":"betterThird:BetterShining","floor":8,"gold_loss":0,"cards_upgraded":["Strike_R","Defend_R"]},{"damage_healed":0,"gold_gain":100,"player_choice":"Gold","damage_taken":0,"max_hp_gain":0,"max_hp_loss":0,"event_name":"Wheel of Change","floor":10,"gold_loss":0},{"damage_healed":0,"gold_gain":100,"player_choice":"Pray","damage_taken":0,"max_hp_gain":0,"max_hp_loss":0,"event_name":"Golden Shrine","floor":36,"gold_loss":0},{"damage_healed":0,"gold_gain":3,"player_choice":"1","damage_taken":0,"max_hp_gain":0,"max_hp_loss":0,"event_name":"betterStone:BetterStone","floor":48,"gold_loss":0}],"is_beta":false,"boss_relics":[{"not_picked":["SacredBark","Cursed Key"],"picked":"Sozu"},{"not_picked":["aspiration:RunicSpoon","Mark of Pain"],"picked":"Fusion Hammer"}],"items_purged_floors":[3,19,39,46],"is_endless":false,"potions_floor_spawned":[4,7,11,18,21,23,25,33,38,41,44,45],"ascension_level":4}}