{"host":"czen9m7c7ttmirt2","time":1608782572,"event":{"mods":["AchievementEnabler","BaseMod","Better Third Choice","Colored Map","Colored Powertips","Conspire","Hubris","Minty Spire (QoL Compilation)","Replay The Spire","StSLib"],"gold_per_floor":[368,379,399,415,427,461,461,492,545,545,564,577,577,577,577,577,577],"floor_reached":16,"playtime":731,"items_purged":[],"score":131,"play_id":"c83b8da1-fadb-48ac-80cc-86020fba587e","local_time":"20201223220252","is_ascension_mode":true,"campfire_choices":[{"floor":7,"key":"REST"},{"floor":10,"key":"REST"},{"floor":15,"key":"REST"}],"circlet_count":0,"master_deck":["Strike_B","Strike_B","Strike_B","Strike_B","Defend_B","Defend_B","Defend_B","Defend_B","Zap","Dualcast","Defend_R","Strike_P","BootSequence","Streamline","ReplayGash","Tempest","Gash","Chaos","Conserve Battery","Coolheaded","Scrape","hubris:Lust"],"relics":["Cracked Core","Potion Belt","Frozen Egg 2","Happy Flower","ReplayTheSpireMod:Ring of Challenge","Ring of Peace","Golden Idol"],"acts_visited":["Exordium"],"potions_floor_usage":[5,16,16],"damage_taken":[{"damage":0,"enemies":"Cultist","floor":1,"turns":5},{"damage":3,"enemies":"conspire:RoseBush","floor":2,"turns":2},{"damage":2,"enemies":"Small Slimes","floor":3,"turns":2},{"damage":4,"enemies":"Red Slaver","floor":4,"turns":3},{"damage":8,"enemies":"conspire:2 RoseBushes","floor":5,"turns":5},{"damage":28,"enemies":"Gremlin Nob","floor":6,"turns":4},{"damage":30,"enemies":"3 Sentries","floor":8,"turns":6},{"damage":13,"enemies":"Exordium Thugs","floor":11,"turns":4},{"damage":1,"enemies":"3 Louse","floor":12,"turns":3},{"damage":47,"enemies":"Fading Forest","floor":16,"turns":10}],"seed_played":"-6559775791324711612","potions_obtained":[{"floor":2,"key":"ColorlessPotion"},{"floor":3,"key":"Block Potion"},{"floor":4,"key":"Elixir"}],"is_trial":false,"path_per_floor":["M","M","M","M","M","E","R","E","T","R","M","M","?","?","R","B"],"character_chosen":"DEFECT","items_purchased":[],"campfire_rested":3,"item_purchase_floors":[],"current_hp_per_floor":[75,72,70,66,58,30,52,22,22,44,31,30,30,12,34,0,0],"gold":577,"neow_bonus":"TWO_FIFTY_GOLD","is_daily":false,"chose_seed":false,"campfire_upgraded":0,"win_rate":0.0,"timestamp":1608782572,"path_taken":["M","M","M","?","M","E","R","E","T","R","M","M","?","?","R","BOSS"],"items_purchased_type":[],"build_version":"2020-12-22","purchased_purges":0,"victory":false,"max_hp_per_floor":[75,75,75,75,75,75,75,75,75,75,75,75,75,75,75,75,75],"card_choices":[{"not_picked":["Streamline","Reprogram"],"picked":"BootSequence","floor":1},{"not_picked":["Redo","Go for the Eyes"],"picked":"Streamline","floor":2},{"not_picked":["Gash","Stack"],"picked":"ReplayGash","floor":3},{"not_picked":["Stack","hubris:DoWhile"],"picked":"Tempest","floor":4},{"not_picked":["Redo","Conserve Battery"],"picked":"Gash","floor":5},{"not_picked":["Beam Cell","Go for the Eyes"],"picked":"Chaos","floor":6},{"not_picked":["Skim","Lockon"],"picked":"Conserve Battery","floor":8},{"not_picked":["ReplayTheSpireMod:System Scan","Hyperbeam"],"picked":"Coolheaded","floor":11},{"not_picked":["White Noise","Cold Snap"],"picked":"Scrape","floor":12}],"player_experience":186047,"relics_obtained":[{"floor":6,"key":"Potion Belt"},{"floor":8,"key":"Frozen Egg 2"},{"floor":9,"key":"Happy Flower"},{"floor":13,"key":"ReplayTheSpireMod:Ring of Challenge"},{"floor":13,"key":"Ring of Peace"}],"event_choices":[{"damage_healed":0,"gold_gain":0,"player_choice":"Take Damage","damage_taken":18,"relics_obtained":["Golden Idol"],"max_hp_gain":0,"max_hp_loss":0,"event_name":"Golden Idol","floor":14,"gold_loss":0}],"is_beta":false,"boss_relics":[],"items_purged_floors":[],"is_endless":false,"potions_floor_spawned":[2,3,4],"killed_by":"Fading Forest","ascension_level":3}}