{"host":"9dfaar78vv55a585","time":1608783304,"event":{"mods":["Aspiration","Bard","BaseMod","Beaked The Cultist","Better Third Choice","BetterRewards","Clockwork Mod","Conspire","DeckTracker","Energized Spire","Glutton Mod","Halation","Hermit","Hubris","Infinite Spire","KinomotoSakuraMod(????)","LagranYue(???·?)","Marisa????????","Mimic Mod","Minty Spire (QoL Compilation)","Permanent Neow","Reimu??????","Remilia??????","Replay The Spire","Shop Mod","Spicy Shops","Spikes Relics","StSLib","SuperFastMode","The Cursed","The Juggle","The Jungle","TheArtist","TheVacant","Trackpad","egg","vexMod"],"gold_per_floor":[113,113,44,44,44,44,74,74,154,164,181,194,212,229,229,324,324,335,155,168,168,128,128,128,128,161,161,177,188,163,163,163,259,259,272,324,324,27,43,43,43,43,74,87,121,81,99,111,111,111],"floor_reached":51,"playtime":1777,"items_purged":["theVacant:FranticBlow"],"score":900,"play_id":"210a6a8f-40a5-4bf3-8f06-09b59d651afa","local_time":"20201224041504","is_ascension_mode":false,"campfire_choices":[{"data":"theVacant:Release","floor":6,"key":"SMITH"},{"data":"theVacant:Crunch","floor":8,"key":"SMITH"},{"data":"theVacant:Threat","floor":15,"key":"SMITH"},{"data":"theVacant:ShutAway","floor":24,"key":"SMITH"},{"floor":32,"key":"REST"},{"data":"theVacant:EmbraceDarkness","floor":40,"key":"SMITH"},{"floor":49,"key":"REST"}],"circlet_count":0,"master_deck":["theVacant:VacantStarterStrike+1","theVacant:VacantStarterStrike","theVacant:VacantStarterStrike","theVacant:VacantStarterDefend","theVacant:VacantStarterDefend","theVacant:VacantStarterDefend+1","theVacant:VacantStarterDefend","theVacant:Release+1","theVacant:Crunch+1","theVacant:BellToll","theVacant:Release+1","theVacant:ReaperStrike","theVacant:CleanseSoul+1","theVacant:Whip+1","theVacant:Dig+1","theVacant:Fling","theVacant:Threat+1","theVacant:Anguish","theVacant:Jab","theVacant:DarkStrike+1","theVacant:ShutAway+1","theVacant:BrassMagnet","theVacant:BrassMagnet","hubris:EnhanceAbility","theVacant:Hex","theVacant:BrassMagnet+1","infinitespire:Execution","theVacant:MindBreak","theVacant:ShutAway","theVacant:Gloom","theVacant:Gloom","theVacant:EmbraceDarkness+1","theVacant:OnSecondThought+1","theVacant:VacantStarterStrike+1","theVacant:VacantStarterStrike+1","theVacant:VacantStarterStrike","theVacant:VacantStarterDefend","theVacant:VacantStarterDefend","theVacant:VacantStarterDefend+1","theVacant:VacantStarterDefend","theVacant:Release+1","theVacant:Crunch+1","theVacant:BellToll","theVacant:Release+1","theVacant:ReaperStrike","theVacant:CleanseSoul+1","theVacant:Whip","theVacant:Dig+1","theVacant:Fling","theVacant:Threat+1","theVacant:Anguish","theVacant:Jab","theVacant:DarkStrike+1","theVacant:ShutAway+1","theVacant:BrassMagnet","theVacant:BrassMagnet","hubris:EnhanceAbility","theVacant:Hex","theVacant:BrassMagnet+1","infinitespire:Execution","theVacant:MindBreak","theVacant:ShutAway","theVacant:Gloom","theVacant:Gloom","theVacant:EmbraceDarkness+1","theVacant:OnSecondThought+1","theVacant:Fling","theVacant:EmptyShield","theVacant:Acceptance+1","theVacant:TheAnvil","theVacant:LashOut"],"relics":["theVacant:BrassGoblet","LagranYue:RandomDrawCardRelic","Quantum Egg","hubris:FunFungus","infinitespire:EmpoweringShard","aspiration:PoetsPen_weak","ReplayTheSpireMod:ShopPack","halation:HeavySnake","Anchor","halation:PinkSoulGem","trackpad:ByrdBGone","Honey Jar","Blue Doll","trackpad:PocketGalaxy","hubris:GlazedTorus","infinitespire:Bottled Soul"],"acts_visited":["Exordium","Exordium","TheBeyond"],"potions_floor_usage":[29,33,33,33],"damage_taken":[{"damage":2,"enemies":"conspire:RoseBush","floor":1,"turns":3},{"damage":15,"enemies":"Replay:BlueRogue","floor":7,"turns":4},{"damage":0,"enemies":"Cultist","floor":10,"turns":2},{"damage":0,"enemies":"2 Louse","floor":11,"turns":2},{"damage":4,"enemies":"Blue Slaver","floor":12,"turns":2},{"damage":0,"enemies":"Lots of Slimes","floor":13,"turns":1},{"damage":0,"enemies":"3 Louse","floor":14,"turns":3},{"damage":20,"enemies":"Hexaghost","floor":16,"turns":6},{"damage":7,"enemies":"theJungle:GiantWrat","floor":18,"turns":3},{"damage":8,"enemies":"theJungle:MUSHROOMGANG","floor":20,"turns":1},{"damage":6,"enemies":"theJungle:Snecko_Cultist_And_Trap","floor":26,"turns":3},{"damage":9,"enemies":"theJungle:Snecko_Cultist_And_Trap","floor":28,"turns":4},{"damage":0,"enemies":"theJungle:Lyon","floor":29,"turns":2},{"damage":40,"enemies":"theJungle:TotemBoss","floor":33,"turns":6},{"damage":0,"enemies":"Orb Walker","floor":35,"turns":1},{"damage":3,"enemies":"3 Darklings","floor":39,"turns":2},{"damage":20,"enemies":"Spire Growth","floor":43,"turns":3},{"damage":0,"enemies":"Spire Growth","floor":44,"turns":1},{"damage":0,"enemies":"Nemesis","floor":45,"turns":1},{"damage":0,"enemies":"Maw","floor":47,"turns":3},{"damage":10,"enemies":"4 Shapes","floor":48,"turns":2},{"damage":0,"enemies":"conspire:OrnateMirror","floor":50,"turns":1}],"seed_played":"8834911440410120618","potions_obtained":[{"floor":12,"key":"AttackPotion"},{"floor":13,"key":"BlessingOfTheForge"},{"floor":14,"key":"Reflective Coating"},{"floor":27,"key":"DuplicationPotion"},{"floor":29,"key":"Ancient Potion"},{"floor":33,"key":"Reflective Coating"},{"floor":35,"key":"Regen Potion"},{"floor":39,"key":"PowerPotion"},{"floor":44,"key":"AttackPotion"}],"is_trial":false,"path_per_floor":["M","?","$","?","T","R","E","R","T","M","M","M","M","M","R","B",null,"M","$","M","AVR","$","?","R","?","MIM","?","M","M","?","?","R","B",null,"M","T","?","$","M","R","?","$","MIM","M","E","?","M","M","R","B",null],"character_chosen":"THE_VACANT","items_purchased":["theVacant:ReaperStrike","theVacant:BrassMagnet","ReplayTheSpireMod:ShopPack","theVacant:BrassMagnet","trackpad:PocketGalaxy","theVacant:Gloom","theVacant:EmbraceDarkness"],"campfire_rested":2,"item_purchase_floors":[3,19,19,22,38,38,38],"current_hp_per_floor":[78,78,78,78,78,78,63,63,63,63,63,59,59,59,59,39,80,73,73,65,65,65,65,65,46,43,43,38,38,38,38,62,23,80,80,80,76,76,73,73,73,73,53,53,53,53,53,43,65,65],"gold":111,"neow_bonus":"UPGRADE_CARD","is_daily":false,"chose_seed":false,"campfire_upgraded":5,"win_rate":0.0,"timestamp":1608783304,"path_taken":["M","?","?","?","?","R","E","R","T","M","M","M","M","M","R","BOSS","M","$","M","AVR","?","?","R","?","MIM","?","M","?","?","?","R","BOSS","M","?","?","$","M","R","?","$","MIM","?","E","?","?","M","R","BOSS"],"items_purchased_type":["Card","Card","Relic","Card","Relic","Card","Card"],"build_version":"2020-12-22","purchased_purges":1,"victory":true,"max_hp_per_floor":[80,80,80,80,80,80,80,80,80,80,80,80,80,80,80,80,80,80,80,80,80,80,80,80,80,80,80,80,80,80,80,80,80,80,80,80,76,76,76,76,76,76,76,76,76,76,76,76,76,76],"card_choices":[{"not_picked":["theVacant:FranticBlow","theVacant:Soothe"],"picked":"theVacant:BellToll","floor":1},{"not_picked":["theVacant:Spinshield","theVacant:Barrage"],"picked":"theVacant:Whip","floor":7},{"not_picked":["theVacant:ShriekingBlast","theVacant:Fortify"],"picked":"theVacant:Dig","floor":10},{"not_picked":["theVacant:Prevent","theVacant:FranticBlow"],"picked":"theVacant:Fling","floor":11},{"not_picked":["theVacant:Spinshield","theVacant:ShriekingBlast"],"picked":"theVacant:Threat","floor":12},{"not_picked":["theVacant:Dig","theVacant:TimeSkip"],"picked":"theVacant:Anguish","floor":13},{"not_picked":["theVacant:BattleScars","theVacant:Recover"],"picked":"theVacant:Jab","floor":14},{"not_picked":["theVacant:DeathSpiral","theVacant:FiendFrost"],"picked":"theVacant:DarkStrike","floor":16},{"not_picked":["theVacant:Dig+1","theVacant:Fling"],"picked":"theVacant:ShutAway","floor":18},{"not_picked":["Feint","Poisoned Strike"],"picked":"hubris:EnhanceAbility","floor":19},{"not_picked":["theVacant:FranticBlow","theVacant:CursedBlast"],"picked":"theVacant:Hex","floor":20},{"not_picked":["infinitespire:TheBestDefense","infinitespire:Oblivion"],"picked":"infinitespire:Execution","floor":25},{"not_picked":["theVacant:Anguish+1","theVacant:Carve+1","theVacant:FranticBlow"],"picked":"SKIP","floor":28},{"not_picked":["theVacant:BattleScars","theVacant:Anguish+1","theVacant:Whip+1"],"picked":"SKIP","floor":29},{"not_picked":["theVacant:Voidstone","theVacant:WhenDarknessComes"],"picked":"theVacant:MindBreak","floor":33},{"not_picked":["theVacant:FranticBlow+1","theVacant:Dig","theVacant:Fling"],"picked":"theVacant:ShutAway","floor":35},{"not_picked":["theVacant:Anguish+1","theVacant:Threat+1","theVacant:LichStrike+1"],"picked":"theVacant:OnSecondThought+1","floor":39},{"not_picked":["theVacant:Thoughtseize","theVacant:Acceptance","theVacant:ShriekingBlast"],"picked":"theVacant:Fling","floor":43},{"not_picked":["theVacant:Spinshield+1","theVacant:Enrage+1","theVacant:Soothe"],"picked":"theVacant:EmptyShield","floor":44},{"not_picked":["theVacant:EyePoke+1","theVacant:BrassMagnet","theVacant:SpiritOrb"],"picked":"theVacant:Acceptance+1","floor":45},{"not_picked":["theVacant:HolyWater","theVacant:Thoughtseize+1","theVacant:ShriekingBlast"],"picked":"theVacant:TheAnvil","floor":47},{"not_picked":["theVacant:GraveDigger+1","theVacant:FranticBlow+1","theVacant:Cower+1"],"picked":"theVacant:LashOut","floor":48}],"player_experience":90992,"relics_obtained":[{"floor":5,"key":"Quantum Egg"},{"floor":7,"key":"hubris:FunFungus"},{"floor":9,"key":"infinitespire:EmpoweringShard"},{"floor":26,"key":"trackpad:ByrdBGone"},{"floor":36,"key":"Blue Doll"},{"floor":43,"key":"hubris:GlazedTorus"},{"floor":45,"key":"infinitespire:Bottled Soul"}],"event_choices":[{"damage_healed":0,"gold_gain":0,"player_choice":"2 cards matched","damage_taken":0,"max_hp_gain":0,"max_hp_loss":0,"event_name":"Match and Keep!","floor":2,"gold_loss":0,"cards_obtained":["theVacant:Release","theVacant:FranticBlow"]},{"damage_healed":0,"gold_gain":0,"player_choice":"Got Potions","damage_taken":0,"max_hp_gain":0,"max_hp_loss":0,"event_name":"Lab","floor":27,"gold_loss":0},{"cards_removed":["theVacant:VacantStarterStrike"],"damage_healed":0,"gold_gain":0,"player_choice":"Card Removal","damage_taken":0,"max_hp_gain":0,"max_hp_loss":0,"event_name":"Wheel of Change","floor":31,"gold_loss":0},{"damage_healed":0,"gold_gain":0,"player_choice":"Max HP","damage_taken":0,"max_hp_gain":0,"max_hp_loss":4,"event_name":"Winding Halls","floor":37,"gold_loss":0},{"damage_healed":0,"gold_gain":0,"player_choice":"Upgraded Two","damage_taken":0,"max_hp_gain":0,"max_hp_loss":0,"event_name":"Designer","floor":46,"gold_loss":40,"cards_upgraded":["theVacant:Whip","theVacant:VacantStarterStrike"]}],"is_beta":false,"boss_relics":[{"not_picked":["vexMod:FluxCapacitor","infinitespire:Cupcake"],"picked":"aspiration:PoetsPen_weak"},{"not_picked":["halation:Yufonium","trackpad:Trackpad"],"picked":"Honey Jar"}],"items_purged_floors":[21],"is_endless":false,"potions_floor_spawned":[12,13,14,29,33,35,39,44],"ascension_level":0}}