{"host":"czen9m7c7ttmirt2","time":1608796662,"event":{"mods":["AchievementEnabler","BaseMod","Better Third Choice","Colored Map","Colored Powertips","Conspire","Hubris","Minty Spire (QoL Compilation)","Replay The Spire","StSLib"],"gold_per_floor":[110,120,140,140,140,140,240,268,318,336,354,374,374,392,392,491,491,505,515,614,629,629,629,629,629,679,691,711,711,711,728,728,740,740],"floor_reached":33,"playtime":1468,"items_purged":[],"score":314,"play_id":"53dd0382-be6c-47ac-9325-bb75c42feb22","local_time":"20201224015742","is_ascension_mode":true,"campfire_choices":[{"floor":6,"key":"RECALL"},{"floor":13,"key":"REST"},{"floor":15,"key":"REST"},{"data":"Time Bomb","floor":23,"key":"SMITH"},{"data":"Replay:DivineShield","floor":25,"key":"SMITH"},{"data":"hubris:PowerSurge","floor":30,"key":"SMITH"},{"floor":32,"key":"DIG"}],"circlet_count":0,"master_deck":["Strike_B+1","Strike_B+1","Strike_B+1","Defend_B+1","Defend_B+1","Defend_B+1","Defend_B+1","Zap","Dualcast","Ball Lightning","Go for the Eyes","Ball Lightning","Pot Of Greed+1","Pot Of Greed","Replay:DivineShield+1","Gash+1","Steam","Time Bomb+1","Hologram","Fusion","Cold Snap","Ball Lightning","Leap","Hologram+1","Pot Of Greed","Panic Button","ReplayTheSpireMod:Omega Cannon","Glacier+1","hubris:PowerSurge+1","Ball Lightning+1","Skim+1","Redo+1","Melter","Chill+1"],"relics":["Cracked Core","Smiling Mask","Grinning Jar","conspire:TopHat","Nuclear Battery","Prayer Wheel","hubris:BottledHeart","hubris:Towel","War Paint","MawBank"],"acts_visited":["Exordium","TheCity"],"potions_floor_usage":[8,28,28,33],"damage_taken":[{"damage":5,"enemies":"Cultist","floor":1,"turns":4},{"damage":2,"enemies":"2 Louse","floor":2,"turns":2},{"damage":0,"enemies":"Jaw Worm","floor":3,"turns":2},{"damage":18,"enemies":"3 Sentries","floor":8,"turns":4},{"damage":5,"enemies":"Large Slime","floor":10,"turns":5},{"damage":14,"enemies":"Gremlin Gang","floor":11,"turns":4},{"damage":8,"enemies":"3 Louse","floor":12,"turns":2},{"damage":6,"enemies":"Blue Slaver","floor":14,"turns":3},{"damage":30,"enemies":"The Guardian","floor":16,"turns":11},{"damage":17,"enemies":"Shell Parasite","floor":18,"turns":6},{"damage":16,"enemies":"3 Byrds","floor":19,"turns":4},{"damage":27,"enemies":"3 Cultists","floor":21,"turns":7},{"damage":0,"enemies":"Centurion and Healer","floor":27,"turns":8},{"damage":0,"enemies":"Snake Plant","floor":28,"turns":3},{"damage":0,"enemies":"Sentry and Sphere","floor":31,"turns":3},{"damage":15,"enemies":"Champ","floor":33,"turns":13}],"seed_played":"3377730991029477129","potions_obtained":[{"floor":2,"key":"Ancient Potion"},{"floor":3,"key":"Explosive Potion"},{"floor":11,"key":"Dexterity Potion"},{"floor":12,"key":"EssenceOfDarkness"}],"is_trial":false,"path_per_floor":["M","M","M","?","?","R","?","E","T","M","M","M","R","M","R","B",null,"M","M","?","M","?","R","?","R","T","M","M","?","R","M","R_BF","B"],"character_chosen":"DEFECT","items_purchased":[],"campfire_rested":2,"item_purchase_floors":[],"current_hp_per_floor":[70,68,68,47,47,47,47,29,29,24,10,2,24,18,40,10,75,58,42,42,15,1,1,1,1,1,1,1,1,1,1,1,0,0],"gold":740,"neow_bonus":"RANDOM_COMMON_RELIC","is_daily":false,"chose_seed":false,"campfire_upgraded":3,"win_rate":0.0,"timestamp":1608796662,"path_taken":["M","?","M","?","?","R","?","E","T","M","M","M","R","M","R","BOSS","M","?","?","M","?","R","?","R","T","M","M","?","R","M","R_BF","BOSS"],"items_purchased_type":[],"build_version":"2020-12-22","purchased_purges":0,"victory":false,"max_hp_per_floor":[75,75,75,75,75,75,75,75,75,75,75,75,75,75,75,75,75,75,75,75,75,1,1,1,1,1,1,1,1,1,1,1,1,1],"card_choices":[{"not_picked":["Panic Button","Coolheaded"],"picked":"Ball Lightning","floor":1},{"not_picked":["hubris:Ukulele","Beam Cell"],"picked":"Go for the Eyes","floor":2},{"not_picked":["Panic Button","ReplayTheSpireMod:System Scan"],"picked":"Ball Lightning","floor":3},{"not_picked":["Barrage","All For One"],"picked":"Steam","floor":8},{"not_picked":["Auto Shields","Redo"],"picked":"Time Bomb","floor":10},{"not_picked":["ReplayTheSpireMod:System Scan","Rebound"],"picked":"Hologram","floor":11},{"not_picked":["Double Energy","BasicCrystalCard"],"picked":"Fusion","floor":12},{"not_picked":["BasicCrystalCard","Rebound"],"picked":"Cold Snap","floor":14},{"not_picked":["Amplify","hubris:DoWhile"],"picked":"ReplayTheSpireMod:Fabricate Wheel","floor":16},{"not_picked":["Rebound","Consume"],"picked":"Ball Lightning","floor":18},{"not_picked":["Beam Cell","Stack"],"picked":"Leap","floor":18},{"not_picked":["Barrage","Steam"],"picked":"Hologram+1","floor":19},{"not_picked":["BasicCrystalCard","Time Bomb"],"picked":"Panic Button","floor":19},{"not_picked":["BasicCrystalCard","Panic Button"],"picked":"ReplayTheSpireMod:Omega Cannon","floor":21},{"not_picked":["Streamline","Barrage"],"picked":"Glacier+1","floor":21},{"not_picked":["Coolheaded+1","Sweeping Beam"],"picked":"hubris:PowerSurge","floor":27},{"not_picked":["Panic Button","Compile Driver"],"picked":"Ball Lightning+1","floor":27},{"not_picked":["Redo+1","Beam Cell"],"picked":"Skim+1","floor":28},{"not_picked":["Go for the Eyes","BasicCrystalCard"],"picked":"Redo+1","floor":28},{"not_picked":["Ball Lightning","Beam Cell+1"],"picked":"Melter","floor":31},{"not_picked":["Doom and Gloom","Streamline"],"picked":"Chill+1","floor":31}],"player_experience":193201,"relics_obtained":[{"floor":8,"key":"conspire:TopHat"},{"floor":26,"key":"War Paint"},{"floor":32,"key":"MawBank"}],"event_choices":[{"damage_healed":0,"gold_gain":100,"player_choice":"Gold","damage_taken":0,"max_hp_gain":0,"max_hp_loss":0,"event_name":"Wheel of Change","floor":7,"gold_loss":0},{"damage_healed":0,"gold_gain":99,"player_choice":"Steal","damage_taken":0,"max_hp_gain":0,"max_hp_loss":0,"event_name":"betterThird:BetterNest","floor":20,"gold_loss":0},{"damage_healed":0,"gold_gain":0,"player_choice":"Simplicity","damage_taken":0,"max_hp_gain":0,"max_hp_loss":6,"event_name":"betterThird:BetterWriting","floor":29,"gold_loss":0}],"is_beta":false,"boss_relics":[{"not_picked":["Replay:Ancient Bell","Replay:Bronze Core"],"picked":"Nuclear Battery"}],"items_purged_floors":[],"is_endless":false,"potions_floor_spawned":[2,3,11,12,18,27],"killed_by":"Champ","ascension_level":3}}