{"host":"0azimyi6n3ugndj4","time":1608833092,"event":{"mods":["2.2 Compatiblity","BaseMod","Bestiary","Conspire","Curses Come First","Defuse TimeMaze Blight","Hyrulean Relics","Infinite Spire","Minty Spire (QoL Compilation)","Relic Stats","Replay The Spire","StSLib","SuperFastMode","Uncapped","¡¼?Úª?ø«¡½REMEMod"],"gold_per_floor":[99,99,99,99,132,223,60,60,60,112,262,162,201,299,299,556,556,611,611,666,666,666,666,666,666],"floor_reached":24,"playtime":556,"items_purged":["Doubt"],"score":875,"play_id":"07a9f0a5-1494-4c93-acf6-1d2a075ca033","local_time":"20201225030452","daily_mods":["Draft","Hoarder","Insanity","Chimera","Specialized","Vintage","ControlledChaos","Allstar","Diverse","Colorless Cards","Heirloom","Time Dilation","Flight","Binary","Cursed Run","Elite Swarm","Lethality","Midas","Night Terrors","Terminal","Binary"],"is_ascension_mode":true,"campfire_choices":[],"circlet_count":0,"master_deck":["Demon Form","Wraith Form v2","Echo Form","DevaForm","AscendersBane","Bash","Survivor","Zap","Strike_R","Strike_G","Strike_B","Defend_R","Defend_G","Defend_P","Defragment","conspire:Charge","ReplayTheSpireMod:Strike From Hell","Replay:BluntJabs","Replay:AtTheReady","Dodge and Roll","REME_Repentance","Reflex","REME_DataAnalysis","Havoc","ThirdEye","Survey Options","Replay:DivineShield","Perfected Strike","Heavy Blade","Second Wind","Rage","ReplayTheSpireMod:Shiv Toss","Protect","Deflect","FlyingSleeves","Compile Driver","Swivel","Replay:BluntJabs","Seeing Red","Tantrum","ReplayTheSpireMod:LeadingStrike","Underhanded Strike+1","Protect","Havoc","ThirdEye","REME_Repentance","Crescendo","Aggregate","Replay:BluntJabs","Shrug It Off","Burning Pact","ReplayTheSpireMod:Uncanny Aura","Clothesline","FlyingSleeves+1","Backflip","Compile Driver","Havoc","True Grit","Specialist","FlurryOfBlows","Specialist","Madness","REME_Repentance","Crippling Poison","Crippling Poison","Crippling Poison","Crippling Poison","Crippling Poison","Crippling Poison","Crippling Poison","Crippling Poison","Crippling Poison","Crippling Poison","Crippling Poison","Crippling Poison","Crippling Poison","Crippling Poison","Crippling Poison","Eviscerate","Eviscerate","Eviscerate","Stack","Stack","Stack","FlurryOfBlows","FlurryOfBlows","FlurryOfBlows","Replay:Undeath\u0027s Touch","Replay:Undeath\u0027s Touch","Replay:Undeath\u0027s Touch","Shrug It Off","Shrug It Off","Shrug It Off","Replay:Undeath\u0027s Touch","Replay:Undeath\u0027s Touch","Replay:Undeath\u0027s Touch","Leap","Leap","Leap","Abandon","Abandon","Abandon","Dodge and Roll","Dodge and Roll","Dodge and Roll","Redo","Redo","Redo","FlurryOfBlows","FlurryOfBlows","FlurryOfBlows","Hidden Blade","Hidden Blade","Hidden Blade","Cloak And Dagger","Cloak And Dagger","Cloak And Dagger","Seeing Red","Seeing Red","Seeing Red","REME_Repentance","REME_Repentance","REME_Repentance","Double Tap","Double Tap","Double Tap","Reboot+1","Reboot+1","Reboot+1","Judgement","Judgement","Judgement","Pot Of Greed","Pot Of Greed","Pot Of Greed","Pot Of Greed","Pot Of Greed","Pot Of Greed","Pot Of Greed","Pot Of Greed","Pot Of Greed","Pot Of Greed","Pot Of Greed","Pot Of Greed","Pot Of Greed","Pot Of Greed","Pot Of Greed","Pot Of Greed","Pot Of Greed","Pot Of Greed","Pot Of Greed","Pot Of Greed","Pot Of Greed","Pot Of Greed","Pot Of Greed","Pot Of Greed","Pot Of Greed","Pot Of Greed","Pot Of Greed","Pot Of Greed","Pot Of Greed","Pot Of Greed","Pot Of Greed","Pot Of Greed","Pot Of Greed","Pot Of Greed","Pot Of Greed","Pot Of Greed","Doubt","Doubt","Ghostly","Ghostly","Ghostly","Voices","Voices","Voices","Replay:AtTheReady","Replay:AtTheReady","Replay:AtTheReady","Thinking Ahead+1","Thinking Ahead+1","Thinking Ahead+1","Cold Snap+1","Cold Snap+1","Cold Snap+1","Skim+1","Skim+1","Skim+1"],"relics":["Snecko Eye","Unceasing Top","Busted Crown","Ring of Chaos","replay:Trail_Library","REME_ComplimentaryCards","Thread and Needle","Golden Idol","Chameleon Ring","zeldaRelics:CourageTriforce","Replay:Baseball","Grinning Jar","Whetstone","zeldaRelics:MasterSword","infinitespire:Beetle Shell","Ancient Tea Set","infinitespire:Satchel","Astrolabe","MutagenicStrength"],"acts_visited":["Exordium","TheCity"],"potions_floor_usage":[20,24,24,24,24],"damage_taken":[{"damage":0,"enemies":"Small Slimes","floor":5,"turns":1},{"damage":5,"enemies":"Gremlin Nob","floor":6,"turns":3},{"damage":0,"enemies":"2 Louse","floor":10,"turns":2},{"damage":0,"enemies":"Jaw Worm","floor":13,"turns":3},{"damage":7,"enemies":"3 Sentries","floor":14,"turns":4},{"damage":0,"enemies":"Slime Boss","floor":16,"turns":3},{"damage":0,"enemies":"Chosen","floor":18,"turns":11},{"damage":27,"enemies":"Shell Parasite","floor":20,"turns":7},{"damage":23,"enemies":"Gremlin Leader","floor":24,"turns":6}],"seed_played":"167786378433658679","potions_obtained":[{"floor":8,"key":"conspire:TimeTravelPotion"},{"floor":8,"key":"FearPotion"},{"floor":10,"key":"Adrenaline Potion"},{"floor":23,"key":"EntropicBrew"}],"is_trial":true,"path_per_floor":["?","$","?","?","M","E","$","R","T","M","?","?","M","E","R","B",null,"M","?","M","AVR","?","R","E"],"character_chosen":"IRONCLAD","items_purchased":["Replay:Baseball"],"campfire_rested":0,"item_purchase_floors":[7],"current_hp_per_floor":[68,68,68,44,44,39,39,39,39,39,39,39,39,32,32,32,37,36,35,20,20,20,20,0,0],"gold":666,"neow_bonus":"","is_daily":false,"chose_seed":false,"campfire_upgraded":0,"win_rate":0.0,"timestamp":1608833092,"path_taken":["?","$","?","?","?","E","$","R","T","M","?","?","M","E","R","BOSS","M","?","M","AVR","?","R","E"],"items_purchased_type":["Relic"],"build_version":"2020-12-22","purchased_purges":1,"victory":false,"max_hp_per_floor":[73,72,71,70,69,68,67,66,65,64,63,62,61,60,59,58,37,36,35,34,33,32,31,31,31],"relic_stats":{"Busted Crown":8,"counters":[9,40],"Golden Idol":53,"Astrolabe":["Thinking Ahead","Cold Snap","Skim"],"Snecko Eye":[99,79,96,96],"Whetstone":["FlyingSleeves","Underhanded Strike"],"obtain_stats":[{"Golden Idol":4,"Astrolabe":21,"Thread and Needle":0,"Ring of Chaos":0,"infinitespire:Beetle Shell":18,"Whetstone":13,"Ancient Tea Set":20,"zeldaRelics:CourageTriforce":14,"Replay:Baseball":7,"Busted Crown":0,"Chameleon Ring":5,"MutagenicStrength":22,"Snecko Eye":0,"infinitespire:Satchel":21,"zeldaRelics:MasterSword":17,"zeldaRelics:CouragePiece":6,"Grinning Jar":10,"Unceasing Top":0,"replay:Trail_Library":0,"REME_ComplimentaryCards":0},{"Golden Idol":0,"Astrolabe":8,"Thread and Needle":0,"Ring of Chaos":0,"infinitespire:Beetle Shell":7,"Whetstone":4,"Ancient Tea Set":8,"zeldaRelics:CourageTriforce":5,"Replay:Baseball":2,"Busted Crown":0,"Chameleon Ring":1,"MutagenicStrength":8,"Snecko Eye":0,"infinitespire:Satchel":8,"zeldaRelics:MasterSword":6,"zeldaRelics:CouragePiece":2,"Grinning Jar":3,"Unceasing Top":0,"replay:Trail_Library":0,"REME_ComplimentaryCards":0},{"Golden Idol":0,"Astrolabe":34,"Thread and Needle":0,"Ring of Chaos":0,"infinitespire:Beetle Shell":27,"Whetstone":9,"Ancient Tea Set":34,"zeldaRelics:CourageTriforce":13,"Replay:Baseball":4,"Busted Crown":0,"Chameleon Ring":1,"MutagenicStrength":34,"Snecko Eye":0,"infinitespire:Satchel":34,"zeldaRelics:MasterSword":16,"zeldaRelics:CouragePiece":4,"Grinning Jar":6,"Unceasing Top":0,"replay:Trail_Library":0,"REME_ComplimentaryCards":0}],"Unceasing Top":[8]},"card_choices":[{"not_picked":["ReplayTheSpireMod:Speed Training","JustLucky"],"picked":"Eviscerate","floor":0},{"not_picked":["Replay:Sssssssssshield","Ball Lightning"],"picked":"Stack","floor":0},{"not_picked":["Warcry","Doom and Gloom"],"picked":"FlurryOfBlows","floor":0},{"not_picked":["Twin Strike","Crescendo"],"picked":"Replay:Undeath\u0027s Touch","floor":0},{"not_picked":["Gash","Replay:Undeath\u0027s Touch"],"picked":"Shrug It Off","floor":0},{"not_picked":["Worship","Flex"],"picked":"Replay:Undeath\u0027s Touch","floor":0},{"not_picked":["Clash","Consecrate"],"picked":"Leap","floor":0},{"not_picked":["Flying Knee","Rage"],"picked":"Abandon","floor":0},{"not_picked":["PathToVictory","ClearTheMind"],"picked":"Dodge and Roll","floor":0},{"not_picked":["Clash","Twin Strike"],"picked":"Redo","floor":0},{"not_picked":["FTL","Blade Dance"],"picked":"FlurryOfBlows","floor":0},{"not_picked":["Replay:ManipulateFuture","Halt"],"picked":"Hidden Blade","floor":0},{"not_picked":["Steam","Tantrum"],"picked":"Cloak And Dagger","floor":0},{"not_picked":["Power Through","Cold Snap"],"picked":"Seeing Red","floor":0},{"not_picked":["Poisoned Stab","Chaos"],"picked":"REME_Repentance","floor":0}],"player_experience":1501725,"relics_obtained":[{"floor":5,"key":"Chameleon Ring"},{"floor":6,"key":"zeldaRelics:CouragePiece"},{"floor":9,"key":"zeldaRelics:CouragePiece"},{"floor":10,"key":"Grinning Jar"},{"floor":13,"key":"Whetstone"},{"floor":14,"key":"zeldaRelics:CouragePiece"},{"floor":18,"key":"infinitespire:Beetle Shell"},{"floor":20,"key":"Ancient Tea Set"}],"event_choices":[{"damage_healed":0,"gold_gain":0,"cards_transformed":["Eruption"],"player_choice":"Change","damage_taken":0,"max_hp_gain":0,"max_hp_loss":0,"event_name":"Living Wall","floor":3,"gold_loss":0,"cards_obtained":["Judgement"]},{"damage_healed":0,"gold_gain":0,"player_choice":"Take Damage","damage_taken":24,"relics_obtained":["Golden Idol"],"max_hp_gain":0,"max_hp_loss":0,"event_name":"Golden Idol","floor":4,"gold_loss":0},{"damage_healed":0,"gold_gain":150,"player_choice":"AGREE","damage_taken":0,"max_hp_gain":0,"max_hp_loss":0,"event_name":"Liars Game","floor":11,"gold_loss":0,"cards_obtained":["Doubt"]},{"damage_healed":0,"gold_gain":0,"player_choice":"Argue","damage_taken":0,"max_hp_gain":0,"max_hp_loss":0,"event_name":"conspire:LoneGhost","floor":12,"gold_loss":0},{"damage_healed":0,"gold_gain":0,"player_choice":"Ignored","damage_taken":0,"max_hp_gain":0,"max_hp_loss":0,"event_name":"Vampires","floor":19,"gold_loss":0},{"damage_healed":0,"gold_gain":0,"player_choice":"Inject Mutagens","damage_taken":0,"relics_obtained":["MutagenicStrength"],"max_hp_gain":0,"max_hp_loss":0,"event_name":"Drug Dealer","floor":22,"gold_loss":0}],"is_beta":false,"boss_relics":[{"not_picked":["conspire:RoyalGoblet","Replay:Ancient Bell"],"picked":"zeldaRelics:MasterSword"}],"items_purged_floors":[21],"is_endless":false,"potions_floor_spawned":[10,13],"killed_by":"Gremlin Leader","ascension_level":20}}