{"host":"Rich","time":1608780272,"event":{"mods":["AchievementEnabler","BaseMod","Highlight Path","Minty Spire (QoL Compilation)","Relic Stats"],"gold_per_floor":[113,62,112,125,125,125,154,154,154,171,171,171,188,215,215,292,292,309,309,309,309,320,320,356,356,382,410,23,67,79,105,105,188,188,208,34,61,79,88,131,153,153,153,153,195,209,209,243,243,243,243,243,243,41,83,83],"floor_reached":57,"playtime":2284,"items_purged":["Strike_R+1","Strike_R+1"],"score":3198,"play_id":"4ab6233e-707e-4de7-9b9f-df159a130d75","local_time":"20201223222432","is_ascension_mode":true,"campfire_choices":[{"data":"Twin Strike","floor":6.0,"key":"SMITH"},{"data":"Sword Boomerang","floor":8.0,"key":"SMITH"},{"data":"1","floor":12.0,"key":"LIFT"},{"data":"2","floor":15.0,"key":"LIFT"},{"data":"3","floor":23.0,"key":"LIFT"},{"data":"Demon Form","floor":25.0,"key":"SMITH"},{"data":"Feel No Pain","floor":32.0,"key":"SMITH"},{"data":"True Grit","floor":44.0,"key":"SMITH"},{"floor":47.0,"key":"RECALL"},{"data":"Shockwave","floor":49.0,"key":"SMITH"},{"data":"Demon Form","floor":53.0,"key":"SMITH"}],"circlet_count":0,"master_deck":["AscendersBane","Strike_R+1","Defend_R+1","Defend_R+1","Defend_R+1","Defend_R+1","Bash","Twin Strike+1","Pommel Strike","Shockwave+1","Sword Boomerang+1","Corruption","Shrug It Off","Exhume","Reaper","Iron Wave","RitualDagger","Seeing Red","Demon Form+1","Cleave","Shrug It Off","Feel No Pain+1","Demon Form+1","Sentinel","Feel No Pain","Clothesline","Madness","Madness","Discovery","Ghostly Armor+1","True Grit+1","Shockwave+1","Shrug It Off","Feel No Pain","Shrug It Off","Intimidate","Twin Strike+1"],"relics":["Burning Blood","NeowsBlessing","Vajra","Girya","Bronze Scales","Snecko Eye","CeramicFish","Happy Flower","Bottled Lightning","HornCleat","Bag of Marbles","SlaversCollar","Boot","Smiling Mask","Regal Pillow","Ice Cream","Centennial Puzzle"],"acts_visited":["Exordium","TheCity","TheBeyond","TheEnding"],"potions_floor_usage":[55,55,56],"damage_taken":[{"damage":0.0,"enemies":"2 Louse","floor":1.0,"turns":1.0},{"damage":0.0,"enemies":"Cultist","floor":4.0,"turns":1.0},{"damage":0.0,"enemies":"3 Sentries","floor":7.0,"turns":2.0},{"damage":7.0,"enemies":"Jaw Worm","floor":10.0,"turns":2.0},{"damage":10.0,"enemies":"Red Slaver","floor":13.0,"turns":2.0},{"damage":0.0,"enemies":"Gremlin Nob","floor":14.0,"turns":2.0},{"damage":43.0,"enemies":"Hexaghost","floor":16.0,"turns":7.0},{"damage":0.0,"enemies":"3 Byrds","floor":18.0,"turns":2.0},{"damage":8.0,"enemies":"Shell Parasite","floor":22.0,"turns":5.0},{"damage":0.0,"enemies":"Gremlin Leader","floor":24.0,"turns":7.0},{"damage":0.0,"enemies":"Snecko","floor":27.0,"turns":2.0},{"damage":6.0,"enemies":"Slavers","floor":29.0,"turns":2.0},{"damage":0.0,"enemies":"Snake Plant","floor":30.0,"turns":2.0},{"damage":5.0,"enemies":"Gremlin Leader","floor":31.0,"turns":3.0},{"damage":0.0,"enemies":"Collector","floor":33.0,"turns":5.0},{"damage":1.0,"enemies":"3 Shapes","floor":35.0,"turns":3.0},{"damage":0.0,"enemies":"Orb Walker","floor":37.0,"turns":3.0},{"damage":0.0,"enemies":"Giant Head","floor":40.0,"turns":4.0},{"damage":14.0,"enemies":"Jaw Worm Horde","floor":41.0,"turns":3.0},{"damage":2.0,"enemies":"Nemesis","floor":45.0,"turns":6.0},{"damage":1.0,"enemies":"Writhing Mass","floor":46.0,"turns":6.0},{"damage":21.0,"enemies":"Mind Bloom Boss Battle","floor":48.0,"turns":6.0},{"damage":6.0,"enemies":"Donu and Deca","floor":50.0,"turns":6.0},{"damage":3.0,"enemies":"Awakened One","floor":51.0,"turns":7.0},{"damage":84,"enemies":"Shield and Spear","floor":55,"turns":7},{"damage":67,"enemies":"The Heart","floor":56,"turns":7}],"seed_played":"119397975070976165","potions_obtained":[{"floor":4.0,"key":"Strength Potion"},{"floor":7.0,"key":"SkillPotion"},{"floor":22.0,"key":"Strength Potion"},{"floor":24.0,"key":"CultistPotion"},{"floor":37.0,"key":"Swift Potion"},{"floor":40.0,"key":"DuplicationPotion"},{"floor":45.0,"key":"FearPotion"},{"floor":48.0,"key":"SmokeBomb"},{"floor":55,"key":"Swift Potion"}],"is_trial":false,"path_per_floor":["M","$","?","M","?","R","E","R","T","M","?","R","M","E","R","B",null,"M","?","?","?","M","R","E","R","T","M","$","E","M","E","R","B",null,"M","$","M","?","?","E","M","T","T","R","E","M","R","?","R","B","B",null,"R","$","E","B",null],"character_chosen":"IRONCLAD","items_purchased":["Pommel Strike","Shrug It Off","Bottled Lightning","Feel No Pain","Feel No Pain","Shrug It Off","Intimidate","BloodPotion"],"campfire_rested":0,"item_purchase_floors":[2,28,28,36,54,54,54,54],"current_hp_per_floor":[74,74,67,73,73,73,75,75,75,74,74,74,70,75,75,38,66,75,75,69,69,75,75,75,75,75,75,75,75,75,75,75,75,75,75,75,75,61,61,67,60,60,60,60,64,75,75,75,75,75,75,75,75,75,75,62],"gold":83,"neow_bonus":"THREE_ENEMY_KILL","is_daily":false,"chose_seed":false,"campfire_upgraded":7,"win_rate":0.0,"timestamp":1608780272,"path_taken":["M","$","?","?","?","R","E","R","T","?","?","R","M","E","R","BOSS","M","?","?","?","M","R","E","R","T","M","?","E","M","E","R","BOSS","M","$","M","?","?","E","M","?","T","R","E","M","R","?","R","BOSS","BOSS","R","$","E","BOSS"],"items_purchased_type":["Card","Card","Relic","Card","Card","Card","Card","Potion"],"build_version":"2020-12-18","purchased_purges":2,"victory":true,"max_hp_per_floor":[75,75,75,75,75,75,75,75,75,75,75,75,75,75,75,75,75,75,75,75,75,75,75,75,75,75,75,75,75,75,75,75,75,75,75,75,75,75,75,75,75,75,75,75,75,75,75,75,75,75,75,75,75,75,75,75],"relic_stats":{"Regal Pillow":0,"Centennial Puzzle":[3],"Happy Flower":[24],"counters":[26,103],"Bronze Scales":[371],"CeramicFish":171,"Snecko Eye":[169,149,143,160],"Boot":[35],"Smiling Mask":0,"obtain_stats":[{"Ice Cream":48,"Girya":9,"Regal Pillow":45,"NeowsBlessing":0,"Happy Flower":26,"CeramicFish":24,"Vajra":7,"Boot":40,"Smiling Mask":43,"Burning Blood":0,"SlaversCollar":34,"Centennial Puzzle":55,"HornCleat":29,"Bronze Scales":14,"Snecko Eye":17,"Bag of Marbles":31,"Bottled Lightning":28},{"Ice Cream":22,"Girya":3,"Regal Pillow":20,"NeowsBlessing":0,"Happy Flower":10,"CeramicFish":10,"Vajra":3,"Boot":18,"Smiling Mask":19,"Burning Blood":0,"SlaversCollar":15,"Centennial Puzzle":25,"HornCleat":12,"Bronze Scales":6,"Snecko Eye":7,"Bag of Marbles":14,"Bottled Lightning":11},{"Ice Cream":76,"Girya":4,"Regal Pillow":64,"NeowsBlessing":0,"Happy Flower":31,"CeramicFish":31,"Vajra":4,"Boot":55,"Smiling Mask":58,"Burning Blood":0,"SlaversCollar":45,"Centennial Puzzle":96,"HornCleat":35,"Bronze Scales":10,"Snecko Eye":17,"Bag of Marbles":40,"Bottled Lightning":33}],"Burning Blood":83},"card_choices":[{"not_picked":["Armaments","Flex"],"picked":"Twin Strike","floor":1.0},{"not_picked":["Heavy Blade","Sword Boomerang"],"picked":"Shockwave","floor":4.0},{"not_picked":["Shrug It Off","Metallicize"],"picked":"Sword Boomerang","floor":7.0},{"not_picked":["Pommel Strike","Headbutt"],"picked":"Corruption","floor":10.0},{"not_picked":["Intimidate","Flex"],"picked":"Shrug It Off","floor":13.0},{"not_picked":["Warcry","Pommel Strike"],"picked":"Exhume","floor":14.0},{"not_picked":["Offering","Immolate"],"picked":"Reaper","floor":16.0},{"not_picked":["Pommel Strike","Twin Strike"],"picked":"Iron Wave","floor":18.0},{"not_picked":["Clothesline","Iron Wave"],"picked":"Seeing Red","floor":22.0},{"not_picked":["Armaments+1","Ghostly Armor"],"picked":"Demon Form","floor":24.0},{"not_picked":["Hemokinesis","Anger"],"picked":"Cleave","floor":27.0},{"not_picked":["Carnage","True Grit"],"picked":"Feel No Pain","floor":29.0},{"not_picked":["Combust+1","Carnage+1","Iron Wave"],"picked":"SKIP","floor":30.0},{"not_picked":["Clash","Sword Boomerang","Dropkick"],"picked":"SKIP","floor":31.0},{"not_picked":["Fiend Fire","Offering"],"picked":"Demon Form","floor":33.0},{"not_picked":["Anger","Armaments"],"picked":"Sentinel","floor":35.0},{"not_picked":["Anger","Perfected Strike"],"picked":"Clothesline","floor":37.0},{"not_picked":["PanicButton","Blind"],"picked":"Discovery","floor":39.0},{"not_picked":["Seeing Red","Perfected Strike"],"picked":"Ghostly Armor+1","floor":40.0},{"not_picked":["Evolve","Pommel Strike+1"],"picked":"True Grit","floor":41.0},{"not_picked":["Intimidate","Fiend Fire"],"picked":"Shockwave+1","floor":45.0},{"not_picked":["Wild Strike","Inflame","Cleave"],"picked":"SKIP","floor":46.0},{"not_picked":["Sentinel","Rampage"],"picked":"Shrug It Off","floor":48.0},{"not_picked":["Havoc","Fire Breathing"],"picked":"Twin Strike+1","floor":55}],"player_experience":1929423,"relics_obtained":[{"floor":7.0,"key":"Vajra"},{"floor":9.0,"key":"Girya"},{"floor":14.0,"key":"Bronze Scales"},{"floor":24.0,"key":"CeramicFish"},{"floor":26.0,"key":"Happy Flower"},{"floor":29.0,"key":"HornCleat"},{"floor":31.0,"key":"Bag of Marbles"},{"floor":40.0,"key":"Boot"},{"floor":43.0,"key":"Smiling Mask"},{"floor":45.0,"key":"Regal Pillow"},{"floor":48.0,"key":"Ice Cream"},{"floor":55,"key":"Centennial Puzzle"}],"event_choices":[{"damage_healed":0.0,"max_hp_gain":0.0,"max_hp_loss":0.0,"gold_gain":50.0,"event_name":"FaceTrader","player_choice":"Touch","floor":3.0,"gold_loss":0.0,"damage_taken":7.0},{"cards_removed":["Strike_R"],"damage_healed":0.0,"max_hp_gain":0.0,"max_hp_loss":0.0,"gold_gain":0.0,"event_name":"Bonfire Elementals","player_choice":"Offered Basic","floor":5.0,"gold_loss":0.0,"damage_taken":0.0},{"cards_removed":["Strike_R"],"damage_healed":0.0,"max_hp_gain":0.0,"max_hp_loss":0.0,"gold_gain":0.0,"event_name":"Living Wall","player_choice":"Forget","floor":11.0,"gold_loss":0.0,"damage_taken":0.0},{"damage_healed":0.0,"max_hp_gain":0.0,"max_hp_loss":0.0,"gold_gain":0.0,"event_name":"Back to Basics","player_choice":"Simplicity","floor":19.0,"gold_loss":0.0,"damage_taken":0.0,"cards_upgraded":["Strike_R","Strike_R","Strike_R","Defend_R","Defend_R","Defend_R","Defend_R"]},{"damage_healed":0.0,"max_hp_gain":0.0,"max_hp_loss":0.0,"gold_gain":0.0,"event_name":"Nest","player_choice":"Joined the Cult","floor":20.0,"gold_loss":0.0,"damage_taken":6.0,"cards_obtained":["RitualDagger"]},{"damage_healed":0.0,"max_hp_gain":0.0,"max_hp_loss":0.0,"gold_gain":0.0,"event_name":"Ghosts","player_choice":"Ignored","floor":21.0,"gold_loss":0.0,"damage_taken":0.0},{"damage_healed":0.0,"max_hp_gain":0.0,"max_hp_loss":0.0,"gold_gain":0.0,"event_name":"Winding Halls","player_choice":"Embrace Madness","floor":38.0,"gold_loss":0.0,"damage_taken":14.0,"cards_obtained":["Madness","Madness"]},{"damage_healed":0.0,"max_hp_gain":0.0,"max_hp_loss":0.0,"gold_gain":0.0,"event_name":"SensoryStone","player_choice":"Memory 1","floor":39.0,"gold_loss":0.0,"damage_taken":0.0},{"damage_healed":0.0,"max_hp_gain":0.0,"max_hp_loss":0.0,"gold_gain":0.0,"event_name":"MindBloom","player_choice":"Fight","floor":48.0,"gold_loss":0.0,"damage_taken":0.0}],"is_beta":true,"boss_relics":[{"not_picked":["Busted Crown","Sozu"],"picked":"Snecko Eye"},{"not_picked":["SacredBark","Pandora\u0027s Box"],"picked":"SlaversCollar"}],"items_purged_floors":[28,36],"is_endless":false,"potions_floor_spawned":[4,7,13,22,24,37,40,45,48,55],"ascension_level":20}}