{"host":"sc0o2qwpf9j16a4i","time":1608847284,"event":{"mods":["AchievementEnabler","BaseMod","BetterRewards","Block Reminder","Colored Map","Colored Powertips","Custom Start","Highlight Path","Minty Spire (QoL Compilation)","Relic Stats"],"gold_per_floor":[111,127,147,147,162,162,187,206,232,245,277,277,39,64,64,141,141,156,156,156,156],"floor_reached":20,"playtime":780,"items_purged":["LessonLearned"],"score":340,"play_id":"02aa2271-7648-4dff-9c6a-4d9869c111a0","local_time":"20201225000124","daily_mods":["Draft","Purple Cards","DeadlyEvents","Elite Swarm"],"is_ascension_mode":true,"campfire_choices":[{"data":"Inflame","floor":6.0,"key":"SMITH"},{"data":"Body Slam","floor":12.0,"key":"SMITH"},{"data":"Apotheosis","floor":15.0,"key":"SMITH"}],"circlet_count":0,"master_deck":["AscendersBane","Anger+1","Swivel","SashWhip","Protect","FollowUp","Protect","Disarm","Fire Breathing","BowlingBash","Sword Boomerang","Body Slam+1","Headbutt","Body Slam","Clothesline","WindmillStrike+1","Inflame+1","ReachHeaven","BattleHymn","Wish","Worship","Apotheosis+1","Limit Break","Reaper","Ghostly","Ghostly","Ghostly"],"relics":["Burning Blood","Paper Frog","Happy Flower","Whetstone","Omamori","Philosopher\u0027s Stone"],"acts_visited":["Exordium","TheCity"],"potions_floor_usage":[],"damage_taken":[{"damage":5.0,"enemies":"2 Louse","floor":1.0,"turns":2.0},{"damage":4.0,"enemies":"Cultist","floor":2.0,"turns":3.0},{"damage":9.0,"enemies":"Jaw Worm","floor":3.0,"turns":2.0},{"damage":11.0,"enemies":"3 Louse","floor":5.0,"turns":2.0},{"damage":20.0,"enemies":"3 Sentries","floor":7.0,"turns":6.0},{"damage":2.0,"enemies":"Gremlin Gang","floor":8.0,"turns":4.0},{"damage":0.0,"enemies":"Large Slime","floor":10.0,"turns":5.0},{"damage":6.0,"enemies":"Gremlin Nob","floor":11.0,"turns":3.0},{"damage":24.0,"enemies":"3 Sentries","floor":14.0,"turns":5.0},{"damage":8,"enemies":"Hexaghost","floor":16,"turns":8},{"damage":48,"enemies":"2 Thieves","floor":18,"turns":3},{"damage":27,"enemies":"3 Byrds","floor":20,"turns":2}],"seed_played":"4789342773368642995","potions_obtained":[{"floor":2.0,"key":"Weak Potion"},{"floor":3.0,"key":"BlessingOfTheForge"},{"floor":5.0,"key":"CultistPotion"},{"floor":16,"key":"PowerPotion"}],"is_trial":true,"path_per_floor":["M","M","M","?","M","R","E","M","T","M","E","R","$","E","R","B",null,"M","?","M"],"character_chosen":"IRONCLAD","items_purchased":["Apotheosis"],"campfire_rested":0,"item_purchase_floors":[13],"current_hp_per_floor":[69,71,68,68,63,63,49,53,53,59,59,59,59,41,41,39,66,24,24,0,0],"gold":156,"neow_bonus":"","is_daily":false,"chose_seed":false,"campfire_upgraded":3,"win_rate":0.0,"timestamp":1608847284,"path_taken":["M","M","M","?","M","R","E","M","T","M","E","R","$","E","R","BOSS","M","?","M"],"items_purchased_type":["Card"],"build_version":"2020-12-22","purchased_purges":1,"victory":false,"max_hp_per_floor":[75,75,75,75,75,75,75,75,75,75,75,75,75,75,75,75,75,75,37,37,37],"relic_stats":{"Happy Flower":[8],"counters":[12,45],"Whetstone":["WindmillStrike","Anger"],"obtain_stats":[{"Happy Flower":9,"Philosopher\u0027s Stone":17,"Omamori":14,"Whetstone":11,"Burning Blood":0,"Paper Frog":7},{"Happy Flower":6,"Philosopher\u0027s Stone":10,"Omamori":9,"Whetstone":8,"Burning Blood":0,"Paper Frog":5},{"Happy Flower":19,"Philosopher\u0027s Stone":40,"Omamori":32,"Whetstone":27,"Burning Blood":0,"Paper Frog":15}],"Burning Blood":66},"card_choices":[{"not_picked":["Study","Warcry"],"picked":"Anger","floor":0.0},{"not_picked":["Wild Strike","Headbutt"],"picked":"Swivel","floor":0.0},{"not_picked":["Swivel","Pummel"],"picked":"SashWhip","floor":0.0},{"not_picked":["Burning Pact","Searing Blow"],"picked":"Protect","floor":0.0},{"not_picked":["Burning Pact","Dropkick"],"picked":"FollowUp","floor":0.0},{"not_picked":["BowlingBash","Evaluate"],"picked":"Protect","floor":0.0},{"not_picked":["Nirvana","Crescendo"],"picked":"Havoc","floor":0.0},{"not_picked":["ClearTheMind","Swivel"],"picked":"Disarm","floor":0.0},{"not_picked":["Shrug It Off","Study"],"picked":"Fire Breathing","floor":0.0},{"not_picked":["Anger","Shrug It Off"],"picked":"BowlingBash","floor":0.0},{"not_picked":["Seeing Red","Fasting2"],"picked":"Sword Boomerang","floor":0.0},{"not_picked":["Perfected Strike","Second Wind"],"picked":"Body Slam","floor":0.0},{"not_picked":["EmptyBody","Consecrate"],"picked":"Headbutt","floor":0.0},{"not_picked":["Fasting2","Sever Soul"],"picked":"Body Slam","floor":0.0},{"not_picked":["EmptyFist","SashWhip"],"picked":"Clothesline","floor":0.0},{"not_picked":["Clash","Wild Strike"],"picked":"WindmillStrike","floor":1.0},{"not_picked":["Thunderclap","Prostrate"],"picked":"Inflame","floor":2.0},{"not_picked":["Evaluate","Body Slam"],"picked":"ReachHeaven","floor":3.0},{"not_picked":["FearNoEvil","Carnage"],"picked":"BattleHymn","floor":5.0},{"not_picked":["Berserk","Brilliance"],"picked":"Wish","floor":7.0},{"not_picked":["FearNoEvil","Protect","EmptyMind"],"picked":"SKIP","floor":8.0},{"not_picked":["Pummel","Feel No Pain"],"picked":"Worship","floor":10.0},{"not_picked":["Devotion","Bludgeon"],"picked":"LessonLearned","floor":11.0},{"not_picked":["Double Tap","DeusExMachina"],"picked":"Limit Break","floor":14.0},{"not_picked":["DevaForm","Omniscience"],"picked":"Reaper","floor":16},{"not_picked":["Perfected Strike","Metallicize","Tantrum"],"picked":"SKIP","floor":18}],"player_experience":357682,"relics_obtained":[{"floor":7.0,"key":"Paper Frog"},{"floor":9.0,"key":"Happy Flower"},{"floor":11.0,"key":"Whetstone"},{"floor":14.0,"key":"Omamori"}],"event_choices":[{"cards_removed":["Havoc"],"damage_healed":0.0,"max_hp_gain":0.0,"max_hp_loss":0.0,"gold_gain":0.0,"event_name":"Purifier","player_choice":"Purged","floor":4.0,"gold_loss":0.0,"damage_taken":0.0},{"damage_healed":0,"gold_gain":0,"player_choice":"Became a Ghost","damage_taken":0,"max_hp_gain":0,"max_hp_loss":38,"event_name":"Ghosts","floor":19,"gold_loss":0,"cards_obtained":["Ghostly","Ghostly","Ghostly"]}],"is_beta":false,"boss_relics":[{"not_picked":["Runic Pyramid","Empty Cage"],"picked":"Philosopher\u0027s Stone"}],"items_purged_floors":[13],"is_endless":false,"potions_floor_spawned":[2,3,5,7,16],"killed_by":"3 Byrds","ascension_level":15}}