{"host":"qxeepl7ydvsgmfdb","time":1608791697,"event":{"mods":["AchievementEnabler","BaseMod","Colored Powertips","Minty Spire (QoL Compilation)","Quick Restart","slay the spire mod where everything is the same but ironclad has a cowboy hat"],"gold_per_floor":[109,109,14,37,56,85,85,104,152,166,176,176,194,96,96,191,191,207,207,64,64,64,64,77,112,112,112,112],"floor_reached":27,"playtime":780,"items_purged":[],"score":282,"play_id":"b340cf66-a8a8-464d-9ba5-ec43d362c5c8","local_time":"20201224013457","is_ascension_mode":true,"campfire_choices":[{"data":"Metallicize","floor":7.0,"key":"SMITH"},{"data":"Cleave","floor":12.0,"key":"SMITH"},{"data":"Flex","floor":15.0,"key":"SMITH"},{"data":"Demon Form","floor":23.0,"key":"SMITH"}],"circlet_count":0,"master_deck":["Strike_R","Strike_R","Strike_R","Strike_R","Strike_R","Defend_R","Defend_R","Defend_R","Defend_R","Bash","Flex+1","Cleave","Metallicize+1","Flex+1","Cleave+1","Demon Form+1","Armaments+1"],"relics":["Burning Blood","NeowsBlessing","Blood Vial","Bag of Marbles","Happy Flower","SacredBark","Dead Branch","MealTicket","Darkstone Periapt","Shuriken"],"acts_visited":["Exordium","TheCity"],"potions_floor_usage":[],"damage_taken":[{"damage":0.0,"enemies":"Jaw Worm","floor":1.0,"turns":1.0},{"damage":0.0,"enemies":"Cultist","floor":5.0,"turns":1.0},{"damage":0.0,"enemies":"Gremlin Nob","floor":6.0,"turns":1.0},{"damage":5.0,"enemies":"2 Louse","floor":8.0,"turns":3.0},{"damage":4.0,"enemies":"Looter","floor":10.0,"turns":3.0},{"damage":21.0,"enemies":"Blue Slaver","floor":11.0,"turns":5.0},{"damage":0.0,"enemies":"Large Slime","floor":13.0,"turns":3.0},{"damage":68.0,"enemies":"Slime Boss","floor":16.0,"turns":13.0},{"damage":28.0,"enemies":"Shell Parasite","floor":18.0,"turns":4.0},{"damage":35.0,"enemies":"2 Thieves","floor":24.0,"turns":4.0},{"damage":47.0,"enemies":"Slavers","floor":25.0,"turns":6.0},{"damage":15,"enemies":"Snecko","floor":27,"turns":3}],"seed_played":"-4682884586770831023","potions_obtained":[{"floor":1.0,"key":"BlessingOfTheForge"},{"floor":13.0,"key":"Energy Potion"}],"is_trial":false,"path_per_floor":["M","?","$","T","M","E","R","M","T","M","M","R","M","$","R","B",null,"M","?","$","?","$","R","M","E","T","M"],"character_chosen":"IRONCLAD","items_purchased":["Fruit Juice","EntropicBrew","MealTicket"],"campfire_rested":0,"item_purchase_floors":[3,14,20],"current_hp_per_floor":[80,80,85,85,85,85,85,85,85,85,70,70,78,78,78,18,85,63,63,63,63,78,78,51,12,12,0,0],"gold":112,"neow_bonus":"THREE_ENEMY_KILL","is_daily":false,"chose_seed":false,"campfire_upgraded":4,"win_rate":0.0,"timestamp":1608791697,"path_taken":["M","?","$","?","?","E","R","M","T","M","M","R","?","$","R","BOSS","M","?","$","?","?","R","M","E","T","M"],"items_purchased_type":["Potion","Potion","Relic"],"build_version":"2020-12-22","purchased_purges":0,"victory":false,"max_hp_per_floor":[80,80,85,85,85,85,85,85,85,85,85,85,85,85,85,85,85,85,85,85,85,85,85,85,85,85,85,85],"card_choices":[{"not_picked":["Ghostly Armor","Second Wind"],"picked":"Flex","floor":1.0},{"not_picked":["Headbutt","Sword Boomerang"],"picked":"Cleave","floor":5.0},{"not_picked":["Body Slam","Sword Boomerang"],"picked":"Metallicize","floor":6.0},{"not_picked":["Cleave","Spot Weakness"],"picked":"Flex","floor":8.0},{"not_picked":["Twin Strike","Warcry"],"picked":"Cleave","floor":10.0},{"not_picked":["Headbutt","Whirlwind","Disarm"],"picked":"SKIP","floor":11.0},{"not_picked":["Blood for Blood","Body Slam","Clothesline"],"picked":"SKIP","floor":13.0},{"not_picked":["Corruption","Bludgeon"],"picked":"Demon Form","floor":16.0},{"not_picked":["Feel No Pain+1","Infernal Blade"],"picked":"Armaments+1","floor":18.0},{"not_picked":["Sever Soul+1","True Grit","Twin Strike"],"picked":"SKIP","floor":24.0},{"not_picked":["Evolve","Clash","Double Tap"],"picked":"SKIP","floor":25.0}],"player_experience":351866,"relics_obtained":[{"floor":4.0,"key":"Blood Vial"},{"floor":6.0,"key":"Bag of Marbles"},{"floor":9.0,"key":"Happy Flower"},{"floor":25.0,"key":"Darkstone Periapt"},{"floor":26.0,"key":"Shuriken"}],"event_choices":[{"damage_healed":0.0,"max_hp_gain":0.0,"max_hp_loss":0.0,"gold_gain":0.0,"event_name":"Accursed Blacksmith","player_choice":"Forge","floor":2.0,"gold_loss":0.0,"damage_taken":0.0,"cards_upgraded":["Flex"]},{"damage_healed":0.0,"max_hp_gain":0.0,"max_hp_loss":0.0,"gold_gain":0.0,"event_name":"The Mausoleum","player_choice":"Opened","floor":19.0,"gold_loss":0.0,"damage_taken":0.0,"relics_obtained":["Dead Branch"]},{"damage_healed":0.0,"max_hp_gain":0.0,"max_hp_loss":0.0,"gold_gain":0.0,"event_name":"Ghosts","player_choice":"Ignored","floor":21.0,"gold_loss":0.0,"damage_taken":0.0}],"is_beta":false,"boss_relics":[{"not_picked":["Ectoplasm","Cursed Key"],"picked":"SacredBark"}],"items_purged_floors":[],"is_endless":false,"potions_floor_spawned":[1,13,24],"killed_by":"Snecko","ascension_level":2}}