{"host":"c2og1cp357bgjv9b","time":1608790424,"event":{"mods":["BaseMod","Colored Map","Minty Spire (QoL Compilation)","Replay The Spire","StSLib"],"gold_per_floor":[115,128,187,199,55,55,85,85,85,10,22,32,32,51,51,51,51],"floor_reached":16,"playtime":711,"items_purged":["Strike_R"],"score":92,"play_id":"b279d0e4-8eb4-4f6c-b75d-7701e7751108","local_time":"20201224141344","is_ascension_mode":false,"campfire_choices":[{"data":"Whirlwind","floor":6,"key":"SMITH"},{"data":"Bash","floor":8,"key":"SMITH"},{"floor":15,"key":"DIG"}],"circlet_count":0,"master_deck":["Strike_R","Strike_R","Strike_R","Strike_R","Defend_R","Defend_R","Defend_R","Defend_R","Bash+1","Whirlwind+1","Dropkick","Sentinel","Dual Wield","Dropkick"],"relics":["Burning Blood","CaptainsWheel","TheAbacus","Odd Mushroom","ReplayTheSpireMod:TigerMarble","ReplayTheSpireMod:Ninjato"],"acts_visited":["Exordium"],"potions_floor_usage":[7,16],"damage_taken":[{"damage":1,"enemies":"Cultist","floor":1,"turns":3},{"damage":6,"enemies":"2 Louse","floor":2,"turns":2},{"damage":5,"enemies":"Jaw Worm","floor":4,"turns":5},{"damage":0,"enemies":"The Mushroom Lair","floor":7,"turns":2},{"damage":0,"enemies":"Exordium Wildlife","floor":11,"turns":3},{"damage":0,"enemies":"Gremlin Gang","floor":12,"turns":1},{"damage":7,"enemies":"Blue Slaver","floor":14,"turns":2},{"damage":72,"enemies":"Hexaghost","floor":16,"turns":9}],"seed_played":"7341554109626126323","potions_obtained":[{"floor":1,"key":"ColorlessPotion"},{"floor":2,"key":"SteroidPotion"},{"floor":3,"key":"Flashbang"},{"floor":3,"key":"BlessingOfTheForge"},{"floor":3,"key":"Explosive Potion"},{"floor":12,"key":"SteroidPotion"}],"is_trial":false,"path_per_floor":["M","M","?","M","$","R","?","R","T","$","M","M","$","M","R_BF","B"],"character_chosen":"IRONCLAD","items_purchased":["TheAbacus"],"campfire_rested":0,"item_purchase_floors":[5],"current_hp_per_floor":[72,72,54,55,55,55,61,61,61,61,67,72,72,71,71,0,0],"gold":51,"neow_bonus":"ONE_RARE_RELIC","is_daily":false,"chose_seed":false,"campfire_upgraded":2,"win_rate":0.0,"timestamp":1608790424,"path_taken":["M","M","?","?","?","R","?","R","T","$","M","M","?","?","R_BF","BOSS"],"items_purchased_type":["Relic"],"build_version":"2020-12-22","purchased_purges":1,"victory":false,"max_hp_per_floor":[72,72,72,72,72,72,72,72,72,72,72,72,72,72,72,72,72],"card_choices":[{"not_picked":["Abandon","Warcry"],"picked":"Whirlwind","floor":1},{"not_picked":["Replay:Undeath\u0027s Touch","Anger"],"picked":"Dropkick","floor":2},{"not_picked":["ReplayReversal","Iron Wave"],"picked":"Sentinel","floor":3},{"not_picked":["Searing Blow","ReplayTheSpireMod:LeadingStrike","Clash"],"picked":"SKIP","floor":4},{"not_picked":["Run Through","Searing Blow"],"picked":"Dual Wield","floor":7},{"not_picked":["Armaments","Iron Wave"],"picked":"Dropkick","floor":11},{"not_picked":["Clash","Anger","Life Link"],"picked":"SKIP","floor":12},{"not_picked":["Barricade","Havoc","Body Slam"],"picked":"SKIP","floor":14}],"player_experience":112247,"relics_obtained":[{"floor":7,"key":"Odd Mushroom"},{"floor":9,"key":"ReplayTheSpireMod:TigerMarble"},{"floor":15,"key":"ReplayTheSpireMod:Ninjato"}],"event_choices":[{"damage_healed":0,"gold_gain":0,"player_choice":"Fought Mushrooms","damage_taken":0,"max_hp_gain":0,"max_hp_loss":0,"event_name":"Mushrooms","floor":7,"gold_loss":0}],"is_beta":false,"boss_relics":[],"items_purged_floors":[10],"is_endless":false,"potions_floor_spawned":[1,2,12],"killed_by":"Hexaghost","ascension_level":0}}