{"host":"hqvh779b89tfrjxy","time":1608824637,"event":{"mods":["Act Like it!","BaseMod","Better Third Choice","Downfall","Elementarium","Filter the Spire","GifTheSpireLib","Minty Spire (QoL Compilation)","Replay The Spire","Spicy Shops","StSLib"],"gold_per_floor":[116,116,133,133,89,121,121,71,71,71,101,115,147,164,164,269,269,269,269],"floor_reached":18,"playtime":593,"items_purged":[],"score":254,"play_id":"9a599762-8ca1-4d51-9652-f47928f1e7fd","local_time":"20201224164357","is_ascension_mode":true,"campfire_choices":[{"data":"Cleave","floor":7,"key":"SMITH"},{"data":"Shrug It Off","floor":10,"key":"SMITH"},{"data":"Rampage","floor":15,"key":"SMITH"}],"circlet_count":0,"master_deck":["Strike_R","Strike_R","Strike_R","Defend_R","Defend_R","Defend_R","Defend_R","Bash","Cleave+1","Shrug It Off+1","Rampage+1","Feed"],"relics":["Burning Blood","NeowsBlessing","betterThird:SlimedRelic","Snack Pack","ReplayTheSpireMod:Shallot","MealTicket","Magic Flower","Philosopher\u0027s Stone"],"acts_visited":["Exordium","TheCity"],"potions_floor_usage":[16],"damage_taken":[{"damage":0,"enemies":"Jaw Worm","floor":1,"turns":1},{"damage":0,"enemies":"Small Slimes","floor":3,"turns":1},{"damage":0,"enemies":"3 Sentries","floor":6,"turns":2},{"damage":26,"enemies":"Gremlin Nob","floor":11,"turns":4},{"damage":0,"enemies":"2 Louse","floor":12,"turns":2},{"damage":8,"enemies":"3 Sentries","floor":13,"turns":6},{"damage":0,"enemies":"2 Fungi Beasts","floor":14,"turns":3},{"damage":61,"enemies":"Hexaghost","floor":16,"turns":14},{"damage":0,"enemies":"3 Byrds","floor":18,"turns":1}],"seed_played":"-8285370232152406976","potions_obtained":[{"floor":11,"key":"Regen Potion"},{"floor":12,"key":"Toxic Potion"},{"floor":13,"key":"hexamod:EctoCoolerPotion"}],"is_trial":false,"path_per_floor":["M","?","M","?","?","E","R","?","T","R","E","M","E","M","R","B",null,"M"],"character_chosen":"IRONCLAD","items_purchased":[],"campfire_rested":0,"item_purchase_floors":[],"current_hp_per_floor":[80,80,80,80,69,75,75,75,75,75,59,65,65,74,74,22,66,66,66],"gold":269,"neow_bonus":"THREE_ENEMY_KILL","is_daily":false,"chose_seed":false,"campfire_upgraded":3,"win_rate":0.0,"timestamp":1608824637,"path_taken":["M","?","M","?","?","E","R","?","T","R","E","M","E","?","R","BOSS","M"],"items_purchased_type":[],"build_version":"2020-12-22","purchased_purges":0,"victory":false,"max_hp_per_floor":[80,80,80,80,80,80,80,80,80,80,80,80,80,80,80,80,80,80,80],"card_choices":[{"not_picked":["Sword Boomerang","Thunderclap"],"picked":"Cleave","floor":1},{"not_picked":["Armaments","Run Through"],"picked":"Shrug It Off","floor":3},{"not_picked":["Sword Boomerang","Defy Death","Wild Strike"],"picked":"SKIP","floor":6},{"not_picked":["Rampage","Thunderclap","True Grit"],"picked":"SKIP","floor":11},{"not_picked":["Thunderclap","Run Through","Heavy Blade"],"picked":"SKIP","floor":12},{"not_picked":["Dark Embrace","Run Through","Clash"],"picked":"SKIP","floor":13},{"not_picked":["Cleave","Rampage","Whirlwind"],"picked":"SKIP","floor":14},{"not_picked":["Bludgeon","Offering"],"picked":"Feed","floor":16}],"player_experience":173222,"relics_obtained":[{"floor":6,"key":"Snack Pack"},{"floor":9,"key":"ReplayTheSpireMod:Shallot"},{"floor":11,"key":"MealTicket"},{"floor":13,"key":"Magic Flower"}],"event_choices":[{"damage_healed":0,"gold_gain":0,"cards_transformed":["Strike_R"],"player_choice":"Change","damage_taken":0,"max_hp_gain":0,"max_hp_loss":0,"event_name":"Living Wall","floor":4,"gold_loss":0,"cards_obtained":["Rampage"]},{"damage_healed":0,"gold_gain":0,"player_choice":"Slimed","damage_taken":11,"max_hp_gain":0,"max_hp_loss":0,"event_name":"betterThird:BetterGoop","floor":5,"gold_loss":44},{"cards_removed":["Strike_R"],"damage_healed":0,"gold_gain":0,"player_choice":"Card Removal","damage_taken":0,"max_hp_gain":0,"max_hp_loss":0,"event_name":"The Cleric","floor":8,"gold_loss":50}],"is_beta":false,"boss_relics":[{"not_picked":["Snecko Eye","Ring of Chaos"],"picked":"Philosopher\u0027s Stone"}],"items_purged_floors":[],"is_endless":false,"potions_floor_spawned":[11,12,13],"killed_by":"3 Byrds","ascension_level":5}}