{"host":"6wux4armhsntp4yb","time":1608845544,"event":{"mods":["BaseMod","Colored Map","DeckTracker","Minty Spire (QoL Compilation)","Relic Stats"],"gold_per_floor":[118,128,145,70,84,84,111,111,111,121,183,183,183,183,183,257,257,272,34,34,48,61,61,91,91,116,133,166,180,180,209,209,283,283,303,355,355,367,392,425,425,458,484,315,335,346,371,193,193,193,193,193,193,37,68,68],"floor_reached":57,"playtime":6451,"items_purged":["Strike_G"],"score":3061,"play_id":"ec916809-143e-4e8f-b11e-85cd6c4894c5","local_time":"20201225063224","is_ascension_mode":true,"campfire_choices":[{"data":"Burst","floor":6.0,"key":"SMITH"},{"data":"Footwork","floor":8.0,"key":"SMITH"},{"data":"Well Laid Plans","floor":12.0,"key":"SMITH"},{"data":"Neutralize","floor":15.0,"key":"SMITH"},{"floor":23.0,"key":"REST"},{"data":"Body Slam","floor":25.0,"key":"SMITH"},{"floor":30.0,"key":"REST"},{"data":"Calculated Gamble","floor":32.0,"key":"SMITH"},{"data":"Dagger Throw","floor":41,"key":"PURGE"},{"floor":49,"key":"RECALL"},{"data":"Blur","floor":53,"key":"SMITH"}],"circlet_count":0,"master_deck":["AscendersBane","Defend_G","Defend_G","Defend_G+1","Defend_G","Defend_G","Survivor+1","Neutralize+1","Corpse Explosion","Backstab","Burst+1","Well Laid Plans+1","Blur+1","Footwork+1","Venomology","Calculated Gamble+1","Seeing Red+1","Body Slam+1","Reboot","Coolheaded+1","Outmaneuver+1","True Grit+1","Exhume+1","Forethought+1","Master of Strategy+1","Bandage Up+1","JustLucky+1","Entrench+1","Seek+1","Night Terror+1","Feel No Pain+1","Concentrate+1","Footwork+1","Deep Breath+1","Deflect+1","Exhume+1"],"relics":["Ring of the Serpent","Centennial Puzzle","MealTicket","Question Card","PrismaticShard","Incense Burner","Ancient Tea Set","Toxic Egg 2","Unceasing Top","SlaversCollar","Ice Cream","Peace Pipe","Frozen Egg 2","Bronze Scales","TheAbacus","Akabeko","War Paint"],"acts_visited":["Exordium","TheCity","TheBeyond","TheEnding"],"potions_floor_usage":[36,39,39,40,40,40,42,45,45,46,46,50,51,51,55,56,56,56],"damage_taken":[{"damage":0.0,"enemies":"Cultist","floor":1.0,"turns":3.0},{"damage":2.0,"enemies":"Jaw Worm","floor":2.0,"turns":4.0},{"damage":0.0,"enemies":"2 Louse","floor":3.0,"turns":3.0},{"damage":0.0,"enemies":"2 Fungi Beasts","floor":5.0,"turns":1.0},{"damage":8.0,"enemies":"Gremlin Nob","floor":7.0,"turns":3.0},{"damage":4.0,"enemies":"Gremlin Gang","floor":10.0,"turns":2.0},{"damage":16.0,"enemies":"Lagavulin Event","floor":11.0,"turns":10.0},{"damage":4.0,"enemies":"The Guardian","floor":16.0,"turns":14.0},{"damage":26.0,"enemies":"2 Thieves","floor":18.0,"turns":5.0},{"damage":0.0,"enemies":"Shell Parasite","floor":21.0,"turns":10.0},{"damage":0.0,"enemies":"3 Cultists","floor":22.0,"turns":2.0},{"damage":23.0,"enemies":"Gremlin Leader","floor":24.0,"turns":12.0},{"damage":4.0,"enemies":"Snake Plant","floor":27.0,"turns":5.0},{"damage":13.0,"enemies":"Book of Stabbing","floor":28.0,"turns":7.0},{"damage":6.0,"enemies":"Shelled Parasite and Fungi","floor":29.0,"turns":7.0},{"damage":5.0,"enemies":"Gremlin Leader","floor":31.0,"turns":4.0},{"damage":0.0,"enemies":"Collector","floor":33.0,"turns":9.0},{"damage":0.0,"enemies":"3 Darklings","floor":35.0,"turns":3.0},{"damage":7,"enemies":"2 Orb Walkers","floor":36,"turns":4},{"damage":11,"enemies":"3 Shapes","floor":38,"turns":2},{"damage":5,"enemies":"Mind Bloom Boss Battle","floor":39,"turns":6},{"damage":0,"enemies":"Reptomancer","floor":40,"turns":8},{"damage":0,"enemies":"Nemesis","floor":42,"turns":3},{"damage":0,"enemies":"3 Darklings","floor":45,"turns":4},{"damage":7,"enemies":"Spire Growth","floor":46,"turns":5},{"damage":0,"enemies":"Time Eater","floor":50,"turns":8},{"damage":10,"enemies":"Donu and Deca","floor":51,"turns":6},{"damage":6,"enemies":"Shield and Spear","floor":55,"turns":5},{"damage":2,"enemies":"The Heart","floor":56,"turns":9}],"seed_played":"-613057994857234192","potions_obtained":[{"floor":5.0,"key":"Strength Potion"},{"floor":11.0,"key":"CultistPotion"},{"floor":16.0,"key":"Fire Potion"},{"floor":18.0,"key":"ColorlessPotion"},{"floor":29.0,"key":"Dexterity Potion"},{"floor":31.0,"key":"EssenceOfSteel"},{"floor":33.0,"key":"Dexterity Potion"},{"floor":35.0,"key":"FearPotion"},{"floor":36,"key":"AttackPotion"},{"floor":39,"key":"DuplicationPotion"},{"floor":45,"key":"Energy Potion"}],"is_trial":false,"path_per_floor":["M","M","M","?","M","R","E","R","T","M","?","R","?","?","R","B",null,"M","$","?","M","M","R","E","R","T","M","E","M","R","E","R","B",null,"M","?","?","M","?","E","R","E","T","$","M","M","T","$","R","B","B",null,"R","$","E","B",null],"character_chosen":"THE_SILENT","items_purchased":["PrismaticShard","TheAbacus","Concentrate+1","Footwork+1","Deep Breath+1","Deflect+1"],"campfire_rested":2,"item_purchase_floors":[19,44,48,48,54,54],"current_hp_per_floor":[59,57,57,57,57,57,49,49,49,45,29,29,22,22,22,18,50,24,39,30,30,30,48,25,25,25,21,8,2,20,15,15,15,49,49,42,32,39,60,60,60,60,60,60,60,53,53,60,60,60,56,59,59,60,60,60],"gold":68,"neow_bonus":"TRANSFORM_TWO_CARDS","is_daily":false,"chose_seed":false,"campfire_upgraded":7,"win_rate":0.0,"timestamp":1608845544,"path_taken":["M","M","M","?","M","R","E","R","T","M","?","R","?","?","R","BOSS","M","$","?","?","M","R","E","R","T","M","E","?","R","E","R","BOSS","M","?","?","M","?","E","R","E","T","$","M","M","?","$","R","BOSS","BOSS","R","$","E","BOSS"],"items_purchased_type":["Relic","Relic","Card","Card","Card","Card"],"build_version":"2020-12-22","purchased_purges":1,"victory":true,"max_hp_per_floor":[60,60,60,60,60,60,60,60,60,60,60,60,60,60,60,60,60,60,60,60,60,60,60,60,60,60,60,60,60,60,60,60,60,60,60,60,60,60,60,60,60,60,60,60,60,60,60,60,60,60,60,60,60,60,60,60],"relic_stats":{"Peace Pipe":1,"Centennial Puzzle":[48],"TheAbacus":[108],"counters":[29,164],"Bronze Scales":[192],"MealTicket":23,"War Paint":["Defend_G","Survivor"],"Question Card":22,"obtain_stats":[{"Ice Cream":36,"Incense Burner":24,"Frozen Egg 2":40,"War Paint":55,"Question Card":11,"PrismaticShard":19,"Ancient Tea Set":26,"Akabeko":47,"Peace Pipe":39,"SlaversCollar":34,"Centennial Puzzle":7,"TheAbacus":44,"Bronze Scales":42,"MealTicket":9,"Toxic Egg 2":28,"Ring of the Serpent":17,"Unceasing Top":31,"Ring of the Snake":0},{"Ice Cream":19,"Incense Burner":12,"Frozen Egg 2":22,"War Paint":28,"Question Card":7,"PrismaticShard":9,"Ancient Tea Set":12,"Akabeko":25,"Peace Pipe":21,"SlaversCollar":17,"Centennial Puzzle":5,"TheAbacus":23,"Bronze Scales":23,"MealTicket":5,"Toxic Egg 2":14,"Ring of the Serpent":8,"Unceasing Top":16,"Ring of the Snake":0},{"Ice Cream":108,"Incense Burner":69,"Frozen Egg 2":124,"War Paint":155,"Question Card":26,"PrismaticShard":45,"Ancient Tea Set":69,"Akabeko":136,"Peace Pipe":116,"SlaversCollar":101,"Centennial Puzzle":14,"TheAbacus":127,"Bronze Scales":127,"MealTicket":14,"Toxic Egg 2":81,"Ring of the Serpent":40,"Unceasing Top":92,"Ring of the Snake":0}],"Unceasing Top":[170]},"card_choices":[{"not_picked":["Quick Slash","Dodge and Roll"],"picked":"Dagger Throw","floor":1.0},{"not_picked":["Backflip","Footwork"],"picked":"Burst","floor":2.0},{"not_picked":["Catalyst","Slice"],"picked":"Well Laid Plans","floor":3.0},{"not_picked":["Leg Sweep","Accuracy"],"picked":"Blur","floor":5.0},{"not_picked":["Deadly Poison","Deflect"],"picked":"Footwork","floor":7.0},{"not_picked":["Blade Dance","Dagger Throw","Phantasmal Killer"],"picked":"SKIP","floor":10.0},{"not_picked":["Night Terror","Burst","A Thousand Cuts"],"picked":"Venomology","floor":16.0},{"not_picked":["Acrobatics","Sucker Punch","Flying Knee+1","Backflip"],"picked":"SKIP","floor":18.0},{"not_picked":["Consecrate+1","EmptyFist+1","SandsOfTime"],"picked":"Calculated Gamble","floor":21.0},{"not_picked":["PiercingWail","Impatience","Shockwave"],"picked":"Seeing Red+1","floor":22.0},{"not_picked":["Twin Strike","Dramatic Entrance","Deadly Poison"],"picked":"Body Slam","floor":24.0},{"not_picked":["Protect","Sucker Punch","Dagger Spray"],"picked":"Reboot","floor":27.0},{"not_picked":["Blood for Blood","Shrug It Off+1","Fission+1"],"picked":"Coolheaded+1","floor":28.0},{"not_picked":["CutThroughFate","Power Through+1","Battle Trance+1"],"picked":"Outmaneuver+1","floor":29.0},{"not_picked":["Flying Knee","Warcry+1","Whirlwind"],"picked":"True Grit+1","floor":31.0},{"not_picked":["Feed","Barricade","Demon Form"],"picked":"Exhume+1","floor":33.0},{"not_picked":["Sucker Punch","Compile Driver","Sweeping Beam+1","Leap+1"],"picked":"SKIP","floor":35.0},{"not_picked":["Magnetism","Flash of Steel","Purity+1"],"picked":"Forethought+1","floor":37},{"not_picked":["Panacea+1","Transmutation+1","Discovery+1"],"picked":"Master of Strategy+1","floor":37},{"not_picked":["Dark Shackles+1","Flash of Steel","The Bomb+1"],"picked":"Bandage Up+1","floor":37},{"not_picked":["BowlingBash","Protect+1","Static Discharge"],"picked":"JustLucky+1","floor":38},{"not_picked":["Second Wind+1","Conclude","Protect+1"],"picked":"Entrench+1","floor":39},{"not_picked":["Gash","Conclude","Barrage+1"],"picked":"Seek+1","floor":40},{"not_picked":["Flying Knee","FlyingSleeves","BowlingBash","Warcry+1"],"picked":"SKIP","floor":42},{"not_picked":["Wild Strike","Prostrate+1","PathToVictory+1"],"picked":"Night Terror+1","floor":45},{"not_picked":["Expertise+1","Armaments+1","Flex+1"],"picked":"Feel No Pain+1","floor":46},{"not_picked":["Twin Strike","Dagger Spray+1","Outmaneuver+1"],"picked":"Exhume+1","floor":55}],"player_experience":5700229,"relics_obtained":[{"floor":7.0,"key":"Centennial Puzzle"},{"floor":9.0,"key":"MealTicket"},{"floor":11.0,"key":"Question Card"},{"floor":24.0,"key":"Incense Burner"},{"floor":26.0,"key":"Ancient Tea Set"},{"floor":28.0,"key":"Toxic Egg 2"},{"floor":31.0,"key":"Unceasing Top"},{"floor":36,"key":"Ice Cream"},{"floor":39,"key":"Peace Pipe"},{"floor":40,"key":"Frozen Egg 2"},{"floor":42,"key":"Bronze Scales"},{"floor":47,"key":"Akabeko"},{"floor":55,"key":"War Paint"}],"event_choices":[{"cards_removed":["Strike_G"],"damage_healed":0.0,"max_hp_gain":0.0,"max_hp_loss":0.0,"gold_gain":0.0,"event_name":"The Cleric","player_choice":"Card Removal","floor":4.0,"gold_loss":75.0,"damage_taken":0.0},{"damage_healed":0.0,"max_hp_gain":0.0,"max_hp_loss":0.0,"gold_gain":0.0,"event_name":"Dead Adventurer","player_choice":"Searched \u00271\u0027 times","floor":11.0,"gold_loss":0.0,"damage_taken":0.0},{"cards_removed":["Strike_G"],"damage_healed":0.0,"max_hp_gain":0.0,"max_hp_loss":0.0,"gold_gain":0.0,"event_name":"Golden Wing","player_choice":"Card Removal","floor":13.0,"gold_loss":0.0,"damage_taken":7.0},{"damage_healed":0.0,"max_hp_gain":0.0,"max_hp_loss":0.0,"gold_gain":0.0,"event_name":"Liars Game","player_choice":"Ignored","floor":14.0,"gold_loss":0.0,"damage_taken":0.0},{"damage_healed":0.0,"max_hp_gain":0.0,"max_hp_loss":0.0,"gold_gain":0.0,"event_name":"Wheel of Change","player_choice":"Damaged","floor":20.0,"gold_loss":0.0,"damage_taken":9.0},{"damage_healed":0,"gold_gain":0,"player_choice":"Fight","damage_taken":0,"max_hp_gain":0,"max_hp_loss":0,"event_name":"Mysterious Sphere","floor":36,"gold_loss":0},{"damage_healed":0,"gold_gain":0,"player_choice":"Memory 3","damage_taken":10,"max_hp_gain":0,"max_hp_loss":0,"event_name":"SensoryStone","floor":37,"gold_loss":0},{"damage_healed":0,"gold_gain":0,"player_choice":"Fight","damage_taken":0,"max_hp_gain":0,"max_hp_loss":0,"event_name":"MindBloom","floor":39,"gold_loss":0}],"is_beta":false,"boss_relics":[{"not_picked":["Snecko Eye","Sozu"],"picked":"Ring of the Serpent"},{"not_picked":["Busted Crown","WristBlade"],"picked":"SlaversCollar"}],"items_purged_floors":[19],"is_endless":false,"potions_floor_spawned":[5,11,16,18,29,31,33,35,36,38,39,45],"ascension_level":20}}