{"host":"2i1pijcp2h7bc3zy","time":1608852589,"event":{"mods":["2.2 Compatiblity","Abigail Mod","Aspiration","Bartender","BaseMod","Beaked The Cultist","BetterRewards","CapriCore","Colored Map","Defuse TimeMaze Blight","Friendly Minions","Gold Saver","Hubris","Infinite Spire","Koishi","Magitek Elite","Minty Spire (QoL Compilation)","Permanent Neow","Random Character Button","Relic Filter","Relic Sorter","Remilia??????","Reorder Act Four","Replay The Spire","Shade Mod","Shop Mod","StSLib","The Administrix","The Immortal","The Necromancer","The Senshi","The Servant 0.9.4","The Witch","TheSwordswoman","????"],"gold_per_floor":[1075,1075,1091,860,878,903,903,923,923,923,943,974,1049,1049,1049,1154,1154,1170,1170,1170,1170,1170,1170,1170],"floor_reached":23,"playtime":1009,"items_purged":["Shade:Strike_Shade"],"score":297,"play_id":"f692f122-5e86-464a-aa59-2b3a251b9cbf","local_time":"20201224162949","is_ascension_mode":false,"campfire_choices":[{"data":"Shade:PressTheAttack","floor":7,"key":"SMITH"},{"data":"Shade:GraveStillness","floor":10,"key":"SMITH"},{"data":"Shade:LyeBath","floor":15,"key":"SMITH"}],"circlet_count":0,"master_deck":["Shade:Strike_Shade+1","Shade:Defend_Shade","Shade:Defend_Shade+1","Shade:Defend_Shade","Shade:Defend_Shade","Shade:AnimateDead","Shade:CarefulCut","Shade:GraveStillness+1","Shade:FingerOfDeath","Shade:PressTheAttack+1","Shade:AblativeArmor","Shade:PressTheAttack","Shade:LyeBath+1","Shade:Frenzy","Shade:LichForm","Shade:OpenGraves"],"relics":["Shade:YorickSkull","Oddly Smooth Stone","hubris:TenFootPole","GremlinMask","Philosopher\u0027s Stone","Nloth\u0027s Gift","Blood Vial","hubris:EvacipatedBox"],"acts_visited":["Exordium","TheCity"],"potions_floor_usage":[6,8],"damage_taken":[{"damage":0,"enemies":"Small Slimes","floor":1,"turns":3},{"damage":0,"enemies":"Jaw Worm","floor":3,"turns":4},{"damage":0,"enemies":"2 Louse","floor":5,"turns":2},{"damage":4,"enemies":"Gremlin Nob","floor":6,"turns":4},{"damage":0,"enemies":"Exordium Thugs","floor":8,"turns":3},{"damage":0,"enemies":"Gremlin Gang","floor":11,"turns":4},{"damage":13,"enemies":"Lagavulin","floor":12,"turns":7},{"damage":14,"enemies":"Fading Forest","floor":16,"turns":11},{"damage":11,"enemies":"Spheric Guardian","floor":18,"turns":4},{"damage":32,"enemies":"Slavers","floor":23,"turns":3}],"seed_played":"5546201972235824821","potions_obtained":[{"floor":3,"key":"Flashbang"},{"floor":5,"key":"SteroidPotion"},{"floor":16,"key":"Ancient Potion"}],"is_trial":false,"path_per_floor":["M","?","M","$","M","E","R","M","T","R","M","E","?","?","R","B",null,"M","?","$","?","?","E"],"character_chosen":"SHADE","items_purchased":["Oddly Smooth Stone","Blood Vial","hubris:EvacipatedBox"],"campfire_rested":0,"item_purchase_floors":[4,20,20],"current_hp_per_floor":[65,52,52,52,52,48,48,48,48,48,48,35,30,30,30,26,65,54,54,25,25,25,0,0],"gold":1170,"neow_bonus":"","is_daily":false,"chose_seed":false,"campfire_upgraded":3,"win_rate":0.0,"timestamp":1608852589,"path_taken":["M","?","M","$","M","E","R","M","T","R","M","E","?","?","R","BOSS","M","?","?","?","?","E"],"items_purchased_type":["Relic","Relic","Relic"],"build_version":"2020-12-22","purchased_purges":1,"victory":false,"max_hp_per_floor":[65,65,65,65,65,65,65,65,65,65,65,65,65,65,65,65,65,65,65,65,65,65,65,65],"card_choices":[{"not_picked":["Shade:AblativeArmor","Shade:ExtraLimbs"],"picked":"Shade:GraveStillness","floor":1},{"not_picked":["Shade:FeralStrike","Shade:Doomsay"],"picked":"Shade:FingerOfDeath","floor":3},{"not_picked":["Shade:GreyBargain","Shade:FeralStrike","Shade:Brains"],"picked":"SKIP","floor":5},{"not_picked":["Shade:Premonition","Shade:GreyBargain"],"picked":"Shade:PressTheAttack","floor":6},{"not_picked":["Shade:CoffinDance","Shade:WallOfFlesh","Shade:ClawBack"],"picked":"SKIP","floor":8},{"not_picked":["Shade:ExtraLimbs","Shade:BoneShards"],"picked":"Shade:PressTheAttack","floor":11},{"not_picked":["Shade:OminousRitual","Shade:Brains"],"picked":"Shade:LyeBath","floor":12},{"not_picked":["Shade:SoulPierce","Shade:Putrefaction"],"picked":"Shade:LichForm","floor":16},{"not_picked":["Shade:Brains","Shade:WallOfFlesh"],"picked":"Shade:OpenGraves","floor":18}],"player_experience":1706728,"relics_obtained":[{"floor":6,"key":"hubris:TenFootPole"}],"event_choices":[{"damage_healed":0,"gold_gain":0,"player_choice":"Entered Light","damage_taken":13,"max_hp_gain":0,"max_hp_loss":0,"event_name":"Shining Light","floor":2,"gold_loss":0,"cards_upgraded":["Shade:Strike_Shade","Shade:Defend_Shade"]},{"damage_healed":0,"gold_gain":75,"player_choice":"Gather Gold","damage_taken":11,"max_hp_gain":0,"max_hp_loss":0,"event_name":"World of Goop","floor":13,"gold_loss":0},{"damage_healed":0,"gold_gain":0,"player_choice":"Trade","damage_taken":0,"relics_obtained":["GremlinMask"],"max_hp_gain":0,"max_hp_loss":0,"event_name":"FaceTrader","floor":14,"gold_loss":0},{"damage_healed":0,"gold_gain":0,"player_choice":"Traded Relic","damage_taken":0,"relics_obtained":["Nloth\u0027s Gift"],"max_hp_gain":0,"max_hp_loss":0,"event_name":"N\u0027loth","floor":19,"relics_lost":["Replay:PocketPolymizer"],"gold_loss":0},{"damage_healed":0,"gold_gain":0,"player_choice":"Ignored","damage_taken":0,"max_hp_gain":0,"max_hp_loss":0,"event_name":"Ghosts","floor":21,"gold_loss":0}],"is_beta":false,"boss_relics":[{"not_picked":["Replay:Ancient Bell","Fusion Hammer"],"picked":"Philosopher\u0027s Stone"}],"items_purged_floors":[4],"is_endless":false,"potions_floor_spawned":[3,5,16],"killed_by":"Slavers","ascension_level":0}}