{"host":"m1ntkrf87179kmo6","time":1608840046,"event":{"mods":["BaseMod","Better Third Choice","Minty Spire (QoL Compilation)","Shade Mod","StSLib"],"gold_per_floor":[211,179,179,194,48,74,74,74,74,88,102,102,122,141,141,238,238,255,43,43,43,63,94,94,94,94,110,110,121,138,158,158,260,260,260,260,260,260,260,260,110,120,120,139,149,149,159,209,209,209,209,209,37,37,37],"floor_reached":54,"playtime":4313,"items_purged":["Shade:ExtraLimbs"],"score":659,"play_id":"4b6832e4-9816-4a16-956e-faa73f995d14","local_time":"20201224160046","is_ascension_mode":false,"campfire_choices":[{"floor":7.0,"key":"REST"},{"floor":12.0,"key":"RECALL"},{"floor":15.0,"key":"REST"},{"floor":25.0,"key":"REST"},{"floor":32.0,"key":"REST"},{"data":"Shade:Putrefaction","floor":40,"key":"SMITH"},{"floor":46,"key":"REST"},{"floor":49,"key":"REST"},{"data":"Shade:AnimateDead","floor":52,"key":"SMITH"}],"circlet_count":0,"master_deck":["Shade:Strike_Shade+1","Shade:Strike_Shade+1","Shade:Strike_Shade+1","Shade:Strike_Shade+1","Shade:Defend_Shade+1","Shade:Defend_Shade+1","Shade:Defend_Shade+1","Shade:Defend_Shade+1","Shade:AnimateDead+1","Shade:CarefulCut","Shade:GreyBargain","Shade:Carnophage","Shade:AncientSpear","Shade:Bite_Shade","Shade:FleshLikeOak","Shade:ClawBack","Shade:OpenGraves","Shade:Excise","Shade:Premonition","Shade:ExtraLimbs","Shade:Putrefaction+1","Shade:OpenGraves","Madness","Madness","Shade:Brains","Shade:Bite_Shade","Shade:FuneraryArmor+1"],"relics":["Shade:YorickPolishedSkull","betterThird:SlimedRelic","Art of War","Blue Candle","Strawberry","Nunchaku","Prayer Wheel","MutagenicStrength","Juzu Bracelet","Busted Crown","Blood Vial","White Beast Statue","Shade:Thing"],"acts_visited":["Exordium","TheCity","TheBeyond","TheEnding"],"potions_floor_usage":[35,45,45,45,45,47,47,48,50,53],"damage_taken":[{"damage":0.0,"enemies":"Small Slimes","floor":1.0,"turns":3.0},{"damage":0.0,"enemies":"2 Louse","floor":4.0,"turns":3.0},{"damage":31.0,"enemies":"3 Sentries","floor":6.0,"turns":13.0},{"damage":0.0,"enemies":"Jaw Worm","floor":10.0,"turns":3.0},{"damage":0.0,"enemies":"2 Fungi Beasts","floor":11.0,"turns":3.0},{"damage":3.0,"enemies":"Blue Slaver","floor":13.0,"turns":4.0},{"damage":5.0,"enemies":"3 Louse","floor":14.0,"turns":4.0},{"damage":25.0,"enemies":"The Guardian","floor":16.0,"turns":15.0},{"damage":5.0,"enemies":"3 Byrds","floor":18.0,"turns":5.0},{"damage":4.0,"enemies":"2 Thieves","floor":22.0,"turns":4.0},{"damage":29.0,"enemies":"Book of Stabbing","floor":23.0,"turns":6.0},{"damage":24.0,"enemies":"Cultist and Chosen","floor":27.0,"turns":7.0},{"damage":8.0,"enemies":"Snake Plant","floor":29.0,"turns":4.0},{"damage":0.0,"enemies":"Centurion and Healer","floor":30.0,"turns":9.0},{"damage":2.0,"enemies":"Sentry and Sphere","floor":31.0,"turns":5.0},{"damage":46.0,"enemies":"Collector","floor":33.0,"turns":12.0},{"damage":0,"enemies":"3 Darklings","floor":35,"turns":1},{"damage":14,"enemies":"3 Shapes","floor":42,"turns":8},{"damage":34,"enemies":"Jaw Worm Horde","floor":44,"turns":7},{"damage":5,"enemies":"4 Shapes","floor":45,"turns":4},{"damage":0,"enemies":"Transient","floor":47,"turns":5},{"damage":0,"enemies":"Mind Bloom Boss Battle","floor":48,"turns":7},{"damage":96,"enemies":"Time Eater","floor":50,"turns":20},{"damage":84,"enemies":"Shield and Spear","floor":54,"turns":5}],"seed_played":"321988546089351295","potions_obtained":[{"floor":4.0,"key":"Ancient Potion"},{"floor":13.0,"key":"Strength Potion"},{"floor":16.0,"key":"SkillPotion"},{"floor":23.0,"key":"Block Potion"},{"floor":29.0,"key":"PowerPotion"},{"floor":31.0,"key":"SmokeBomb"},{"floor":33.0,"key":"EntropicBrew"},{"floor":44,"key":"AttackPotion"},{"floor":45,"key":"BlessingOfTheForge"},{"floor":47,"key":"AttackPotion"},{"floor":48,"key":"Regen Potion"}],"is_trial":false,"path_per_floor":["M","?","?","M","$","E","R","?","T","M","M","R","M","M","R","B",null,"M","$","?","?","M","E","?","R","T","M","T","M","M","M","R","B",null,"M","?","$","?","?","R","$","M","T","M","M","R","M","?","R","B",null,"R","$","E"],"character_chosen":"SHADE","items_purchased":["Art of War","Shade:Bite_Shade","Nunchaku","Blood Vial","Fruit Juice"],"campfire_rested":6,"item_purchase_floors":[5,19,19,41,53],"current_hp_per_floor":[65,54,59,59,59,28,49,49,56,56,56,56,53,48,71,46,77,72,72,72,72,68,41,41,64,64,44,44,38,42,42,65,25,77,77,77,77,67,67,67,67,55,55,27,24,47,51,57,77,12,77,77,82,0,0],"gold":37,"neow_bonus":"HUNDRED_GOLD","is_daily":false,"chose_seed":false,"campfire_upgraded":2,"win_rate":0.0,"timestamp":1608840046,"path_taken":["M","?","?","M","?","E","R","?","T","?","M","R","M","M","R","BOSS","M","$","?","?","M","E","?","R","T","?","?","M","M","M","R","BOSS","M","?","$","?","?","R","$","M","T","M","M","R","M","?","R","BOSS","R","$","E"],"items_purchased_type":["Relic","Card","Relic","Relic","Potion"],"build_version":"2020-12-22","purchased_purges":1,"victory":false,"max_hp_per_floor":[65,65,70,70,70,70,70,70,77,77,77,77,77,77,77,77,77,77,77,77,77,77,77,77,77,77,77,77,77,77,77,77,77,77,77,77,77,77,77,77,77,77,77,77,77,77,77,77,77,77,77,77,82,82,82],"card_choices":[{"not_picked":["Shade:Frenzy","Shade:ClawBack"],"picked":"Shade:GreyBargain","floor":1.0},{"not_picked":["Shade:BoneShards","Shade:WallOfFlesh","Shade:GraveStillness"],"picked":"SKIP","floor":4.0},{"not_picked":["Shade:DangerousRitual","Shade:CloudOfShrapnel"],"picked":"Shade:ExtraLimbs","floor":6.0},{"not_picked":["Shade:Trample","Shade:SkeletonHug","Shade:FeralStrike"],"picked":"SKIP","floor":10.0},{"not_picked":["Shade:CommandSoldier","Shade:LichForm","Shade:PotionOfRestlessness"],"picked":"SKIP","floor":11.0},{"not_picked":["Shade:FleshToFlesh","Shade:SanguineRitual"],"picked":"Shade:Carnophage","floor":13.0},{"not_picked":["Shade:BoneShards","Shade:LyeBath"],"picked":"Shade:AncientSpear","floor":14.0},{"not_picked":["Shade:SkeletonHug","Shade:PressTheAttack","Shade:FleshOffering"],"picked":"SKIP","floor":18.0},{"not_picked":["Shade:AncientSpear+1","Shade:CommandSoldier"],"picked":"Shade:FleshLikeOak","floor":22.0},{"not_picked":["Shade:Awaken","Shade:GoDigging"],"picked":"Shade:ClawBack","floor":23.0},{"not_picked":["Shade:Carnophage+1","Shade:GraveStillness"],"picked":"Shade:OpenGraves","floor":27.0},{"not_picked":["Shade:FuneraryJewels","Shade:Doomsay"],"picked":"Shade:Excise","floor":27.0},{"not_picked":["Shade:FingerOfDeath","Shade:OminousRitual","Shade:SpontaneousRitual"],"picked":"SKIP","floor":29.0},{"not_picked":["Shade:GraveStillness","Shade:Awaken","Shade:FleshOffering"],"picked":"SKIP","floor":29.0},{"not_picked":["Shade:Patience+1","Shade:AncientSpear"],"picked":"Shade:Premonition","floor":30.0},{"not_picked":["Shade:BoneShards","Shade:FingerOfDeath"],"picked":"Shade:ExtraLimbs","floor":30.0},{"not_picked":["Shade:Trample+1","Shade:FeralStrike","Shade:SpontaneousRitual"],"picked":"SKIP","floor":31.0},{"not_picked":["Shade:DangerousRitual","Shade:BoneShards","Shade:SelfBurial"],"picked":"SKIP","floor":31.0},{"not_picked":["Shade:Consume","Shade:OneIsEnough"],"picked":"Shade:Putrefaction","floor":33.0},{"not_picked":[],"picked":"Shade:Brains","floor":42},{"not_picked":["Shade:AncientSpear"],"picked":"SKIP","floor":42},{"not_picked":["Shade:FingerOfDeath+1"],"picked":"SKIP","floor":44},{"not_picked":["Shade:GoDigging"],"picked":"SKIP","floor":44},{"not_picked":["Shade:LyeBath"],"picked":"SKIP","floor":45},{"not_picked":["Shade:Patience+1"],"picked":"SKIP","floor":45},{"not_picked":[],"picked":"Shade:Bite_Shade","floor":47},{"not_picked":["Shade:SkeletonArmy+1"],"picked":"SKIP","floor":47},{"not_picked":[],"picked":"Shade:FuneraryArmor+1","floor":48}],"player_experience":1106635,"relics_obtained":[{"floor":6.0,"key":"Blue Candle"},{"floor":9.0,"key":"Strawberry"},{"floor":23.0,"key":"Prayer Wheel"},{"floor":28.0,"key":"Juzu Bracelet"},{"floor":43,"key":"White Beast Statue"},{"floor":48,"key":"Shade:Thing"}],"event_choices":[{"damage_healed":0.0,"max_hp_gain":0.0,"max_hp_loss":0.0,"gold_gain":0.0,"event_name":"betterThird:BetterGoop","player_choice":"Slimed","floor":2.0,"gold_loss":32.0,"damage_taken":11.0},{"damage_healed":0.0,"max_hp_gain":5.0,"max_hp_loss":0.0,"gold_gain":0.0,"event_name":"Big Fish","player_choice":"Donut","floor":3.0,"gold_loss":0.0,"damage_taken":0.0},{"damage_healed":0.0,"max_hp_gain":0.0,"max_hp_loss":0.0,"gold_gain":0.0,"event_name":"Golden Wing","player_choice":"Ignored","floor":8.0,"gold_loss":0.0,"damage_taken":0.0},{"damage_healed":0.0,"max_hp_gain":0.0,"max_hp_loss":0.0,"gold_gain":0.0,"event_name":"Vampires","player_choice":"Ignored","floor":20.0,"gold_loss":0.0,"damage_taken":0.0},{"damage_healed":0.0,"max_hp_gain":0.0,"max_hp_loss":8.0,"gold_gain":0.0,"event_name":"betterThird:BetterWriting","player_choice":"Simplicity","floor":21.0,"gold_loss":0.0,"damage_taken":0.0},{"damage_healed":0.0,"max_hp_gain":0.0,"max_hp_loss":0.0,"gold_gain":0.0,"event_name":"Drug Dealer","player_choice":"Inject Mutagens","floor":24.0,"gold_loss":0.0,"damage_taken":0.0,"relics_obtained":["MutagenicStrength"]},{"damage_healed":0,"gold_gain":0,"player_choice":"Copied","damage_taken":0,"max_hp_gain":0,"max_hp_loss":0,"event_name":"Duplicator","floor":36,"gold_loss":0,"cards_obtained":["Shade:OpenGraves"]},{"damage_healed":0,"gold_gain":0,"player_choice":"Embrace Madness","damage_taken":10,"max_hp_gain":0,"max_hp_loss":0,"event_name":"Winding Halls","floor":38,"gold_loss":0,"cards_obtained":["Madness","Madness"]},{"damage_healed":0,"gold_gain":0,"player_choice":"Ignored","damage_taken":0,"max_hp_gain":0,"max_hp_loss":0,"event_name":"Mysterious Sphere","floor":39,"gold_loss":0},{"damage_healed":0,"gold_gain":0,"player_choice":"Fight","damage_taken":0,"max_hp_gain":0,"max_hp_loss":0,"event_name":"MindBloom","floor":48,"gold_loss":0}],"is_beta":false,"boss_relics":[{"not_picked":["Tiny House","Fusion Hammer"],"picked":"Shade:YorickPolishedSkull"},{"not_picked":["SlaversCollar","Astrolabe"],"picked":"Busted Crown"}],"items_purged_floors":[53],"is_endless":false,"potions_floor_spawned":[4,13,16,23,29,31,33,44,45,47,48],"killed_by":"Shield and Spear","ascension_level":0}}