{"host":"2461dio7vetlq1z3","time":1608797933,"event":{"mods":["2.2 Compatiblity","AchievementEnabler","Aspiration","BaseMod","Better Third Choice","Hermit","Marisa????????","Minty Spire (QoL Compilation)","Relic Stats","Spicy Shops","StSLib","The Runesmith","Waifu the Spire"],"gold_per_floor":[114,39,39,0,0,35,35,61,61,86,11,11,45,62,62,140,140,155,155,186,205,223,248,23,23,23,57,57,83,83,83,83,156,156,173,173,74,84,132,163,188,188,269,279,310,310,532,180,180,180,180,180,180,58,84,84],"floor_reached":57,"playtime":3471,"items_purged":["Strike_R","Strike_R","Strike_R","Clothesline"],"score":3147,"play_id":"0b9eb2e2-62d0-469e-92a5-c7ff64578dca","local_time":"20201224091853","is_ascension_mode":true,"campfire_choices":[{"data":"Enlightenment","floor":7,"key":"SMITH"},{"data":"Bash","floor":12,"key":"SMITH"},{"data":"Inflame","floor":15,"key":"SMITH"},{"data":"Second Wind","floor":25,"key":"SMITH"},{"data":"Battle Trance","floor":30,"key":"SMITH"},{"data":"Whirlwind","floor":32,"key":"SMITH"},{"floor":42,"key":"RECALL"},{"data":"Offering","floor":46,"key":"SMITH"},{"data":"Clothesline","floor":49,"key":"SMITH"},{"data":"Double Tap","floor":53,"key":"SMITH"}],"circlet_count":0,"master_deck":["AscendersBane","Defend_R+1","Defend_R","Defend_R","Defend_R+1","Bash+1","Clothesline+1","Enlightenment+1","Battle Trance+1","Inflame+1","Offering+1","Whirlwind+1","Corruption+1","True Grit","Second Wind+1","Shrug It Off","Battle Trance+1","Double Tap+1","Metallicize+1","Inflame+1","Demon Form+1","Heavy Blade+1","Dark Embrace+1","Infinite Blades+1","Flame Barrier+1","Inflame+1","Cloak And Dagger+1","Backflip","Berserk+1","Footwork+1","Noxious Fumes+1"],"relics":["Burning Blood","NeowsBlessing","Pear","aspiration:StickyExplosives_weak","Dead Branch","Bottled Lightning","Darkstone Periapt","Runic Cube","Red Mask","Frozen Egg 2","Question Card","Pantograph","Red Skull","aspiration:SilentSkillbook","CatCart","aspiration:Lifesprig","Magic Flower","Sundial","Toy Ornithopter"],"acts_visited":["Exordium","TheCity","TheBeyond","TheEnding"],"potions_floor_usage":[10,16,22,50,56,56],"damage_taken":[{"damage":0,"enemies":"Small Slimes","floor":1,"turns":1},{"damage":0,"enemies":"3 Sentries","floor":6,"turns":2},{"damage":0,"enemies":"Gremlin Nob","floor":8,"turns":1},{"damage":11,"enemies":"3 Sentries","floor":10,"turns":6},{"damage":6,"enemies":"Gremlin Nob","floor":13,"turns":3},{"damage":0,"enemies":"2 Louse","floor":14,"turns":2},{"damage":12,"enemies":"Hexaghost","floor":16,"turns":6},{"damage":8,"enemies":"Chosen","floor":18,"turns":3},{"damage":7,"enemies":"Masked Bandits","floor":20,"turns":2},{"damage":0,"enemies":"3 Byrds","floor":21,"turns":5},{"damage":0,"enemies":"3 Cultists","floor":22,"turns":3},{"damage":14,"enemies":"Gremlin Leader","floor":23,"turns":4},{"damage":0,"enemies":"Book of Stabbing","floor":27,"turns":4},{"damage":9,"enemies":"Gremlin Leader","floor":29,"turns":4},{"damage":12,"enemies":"Automaton","floor":33,"turns":11},{"damage":6,"enemies":"Orb Walker","floor":35,"turns":4},{"damage":3,"enemies":"3 Shapes","floor":38,"turns":3},{"damage":9,"enemies":"Orin","floor":39,"turns":5},{"damage":18,"enemies":"Reptomancer","floor":40,"turns":3},{"damage":6,"enemies":"Mind Bloom Boss Battle","floor":41,"turns":3},{"damage":14,"enemies":"Spire Growth","floor":44,"turns":5},{"damage":6,"enemies":"Giant Head","floor":45,"turns":4},{"damage":64,"enemies":"Time Eater","floor":50,"turns":8},{"damage":21,"enemies":"Awakened One","floor":51,"turns":5},{"damage":31,"enemies":"Shield and Spear","floor":55,"turns":5},{"damage":131,"enemies":"The Heart","floor":56,"turns":6}],"seed_played":"609224813367576670","potions_obtained":[{"floor":1,"key":"AttackPotion"},{"floor":10,"key":"GamblersBrew"},{"floor":13,"key":"EssenceOfSteel"},{"floor":14,"key":"Dexterity Potion"},{"floor":18,"key":"ColorlessPotion"},{"floor":21,"key":"ElixirPotion"},{"floor":22,"key":"Dexterity Potion"},{"floor":38,"key":"DuplicationPotion"},{"floor":40,"key":"Regen Potion"}],"is_trial":false,"path_per_floor":["M","?","?","?","?","E","R","E","T","E","$","R","E","M","R","B",null,"M","?","?","M","M","E","$","R","T","E","$","E","R","?","R","B",null,"M","?","$","M","?","E","?","R","T","M","E","R","?","$","R","B","B",null,"R","$","E","B",null],"character_chosen":"IRONCLAD","items_purchased":["Dark Embrace+1","Backflip","Berserk+1","Footwork+1","ElixirPotion"],"campfire_rested":0,"item_purchase_floors":[37,48,48,54,54],"current_hp_per_floor":[74,74,51,57,50,66,66,72,72,67,67,67,67,73,73,67,85,83,83,82,88,91,83,83,83,83,89,89,86,86,86,86,85,90,90,90,90,91,88,76,91,91,91,86,89,89,89,89,89,44,70,86,86,86,64,78],"gold":84,"neow_bonus":"THREE_ENEMY_KILL","is_daily":false,"chose_seed":false,"campfire_upgraded":9,"win_rate":0.0,"timestamp":1608797933,"path_taken":["M","?","?","?","?","E","R","E","T","E","$","R","E","M","R","BOSS","M","?","?","M","M","E","$","R","T","E","$","E","R","?","R","BOSS","M","?","?","?","?","E","?","R","T","M","E","R","?","$","R","BOSS","BOSS","R","$","E","BOSS"],"items_purchased_type":["Card","Card","Card","Card","Potion"],"build_version":"2020-12-22","purchased_purges":4,"victory":true,"max_hp_per_floor":[75,75,75,81,81,91,91,91,91,91,91,91,91,91,91,91,91,91,91,91,91,91,91,91,91,91,91,91,91,91,91,91,91,91,91,91,91,91,91,91,91,91,91,91,91,91,91,91,91,91,91,91,91,91,91,91],"relic_stats":{"Darkstone Periapt":0,"counters":[26,107],"Sundial":[6],"Dead Branch":[466],"Pantograph":87,"Magic Flower":[64],"Question Card":11,"obtain_stats":[{"Darkstone Periapt":13,"aspiration:Lifesprig":40,"Pear":6,"NeowsBlessing":0,"Dead Branch":9,"Magic Flower":41,"Frozen Egg 2":23,"Question Card":26,"Burning Blood":0,"aspiration:StickyExplosives_weak":8,"Sundial":45,"Pantograph":27,"aspiration:SilentSkillbook":34,"Red Mask":20,"Bottled Lightning":10,"CatCart":39,"Red Skull":29,"Toy Ornithopter":55,"Runic Cube":17},{"Darkstone Periapt":5,"aspiration:Lifesprig":19,"Pear":2,"NeowsBlessing":0,"Dead Branch":3,"Magic Flower":20,"Frozen Egg 2":12,"Question Card":12,"Burning Blood":0,"aspiration:StickyExplosives_weak":3,"Sundial":22,"Pantograph":13,"aspiration:SilentSkillbook":15,"Red Mask":9,"Bottled Lightning":4,"CatCart":18,"Red Skull":14,"Toy Ornithopter":25,"Runic Cube":7},{"Darkstone Periapt":13,"aspiration:Lifesprig":72,"Pear":3,"NeowsBlessing":0,"Dead Branch":4,"Magic Flower":75,"Frozen Egg 2":38,"Question Card":38,"Burning Blood":0,"aspiration:StickyExplosives_weak":4,"Sundial":83,"Pantograph":42,"aspiration:SilentSkillbook":57,"Red Mask":26,"Bottled Lightning":10,"CatCart":69,"Red Skull":46,"Toy Ornithopter":101,"Runic Cube":21}],"Burning Blood":169,"Toy Ornithopter":15,"Runic Cube":[69]},"card_choices":[{"not_picked":["Reckless Charge","Havoc"],"picked":"Clothesline","floor":1},{"not_picked":["Warcry","Shrug It Off"],"picked":"Clothesline","floor":6},{"not_picked":["Entrench","Evolve"],"picked":"Battle Trance","floor":8},{"not_picked":["Reckless Charge","Berserk"],"picked":"Inflame","floor":10},{"not_picked":["Thunderclap","Feel No Pain"],"picked":"Offering","floor":13},{"not_picked":["Sentinel","Armaments"],"picked":"Whirlwind","floor":14},{"not_picked":["Reaper","Double Tap"],"picked":"Corruption","floor":16},{"not_picked":["Clash","Flex"],"picked":"True Grit","floor":18},{"not_picked":["Pommel Strike","True Grit"],"picked":"Shrug It Off","floor":21},{"not_picked":["Pommel Strike","Dropkick"],"picked":"Battle Trance+1","floor":22},{"not_picked":["Reckless Charge","Clothesline"],"picked":"Double Tap","floor":23},{"not_picked":["Wild Strike","Rampage","Headbutt"],"picked":"Metallicize+1","floor":27},{"not_picked":["Searing Blow","Rampage+1","Clothesline","Cleave"],"picked":"SKIP","floor":29},{"not_picked":["Offering","Feed","Double Tap"],"picked":"Demon Form+1","floor":33},{"not_picked":["Underhanded Strike","Terror","Anger","Quick Slash"],"picked":"Heavy Blade+1","floor":35},{"not_picked":["Choke+1","Dagger Throw","Pommel Strike+1","Caltrops+1"],"picked":"Infinite Blades+1","floor":38},{"not_picked":["Outmaneuver+1","Die Die Die","Calculated Gamble","Storm of Steel"],"picked":"Flame Barrier+1","floor":40},{"not_picked":["Underhanded Strike","Riddle With Holes","Wild Strike","Disarm+1"],"picked":"Inflame+1","floor":44},{"not_picked":["Armaments","Reflex","Iron Wave","Bouncing Flask"],"picked":"Cloak And Dagger+1","floor":45},{"not_picked":["True Grit","Calculated Gamble","Dropkick","Disarm"],"picked":"Noxious Fumes+1","floor":55}],"player_experience":1002638,"relics_obtained":[{"floor":6,"key":"Pear"},{"floor":8,"key":"aspiration:StickyExplosives_weak"},{"floor":9,"key":"Dead Branch"},{"floor":10,"key":"Bottled Lightning"},{"floor":13,"key":"Darkstone Periapt"},{"floor":20,"key":"Red Mask"},{"floor":23,"key":"Frozen Egg 2"},{"floor":26,"key":"Question Card"},{"floor":27,"key":"Pantograph"},{"floor":29,"key":"Red Skull"},{"floor":39,"key":"CatCart"},{"floor":40,"key":"aspiration:Lifesprig"},{"floor":41,"key":"Magic Flower"},{"floor":45,"key":"Sundial"},{"floor":55,"key":"Toy Ornithopter"}],"event_choices":[{"cards_removed":["Strike_R"],"damage_healed":0,"gold_gain":0,"player_choice":"Card Removal","damage_taken":0,"max_hp_gain":0,"max_hp_loss":0,"event_name":"The Cleric","floor":2,"gold_loss":75},{"damage_healed":74,"gold_gain":0,"player_choice":"Upgrade","damage_taken":23,"max_hp_gain":0,"max_hp_loss":75,"event_name":"betterThird:BetterShining","floor":3,"gold_loss":0,"cards_upgraded":["Defend_R","Defend_R"]},{"damage_healed":0,"gold_gain":0,"player_choice":"RENOUNCE","damage_taken":39,"max_hp_gain":0,"max_hp_loss":0,"event_name":"betterThird:BetterSerpent","floor":4,"gold_loss":39,"cards_obtained":["Enlightenment"]},{"cards_removed":["Strike_R"],"damage_healed":0,"gold_gain":0,"player_choice":"Card Removal","damage_taken":7,"max_hp_gain":0,"max_hp_loss":0,"event_name":"Golden Wing","floor":5,"gold_loss":0},{"damage_healed":0,"gold_gain":0,"player_choice":"Read","damage_taken":0,"max_hp_gain":0,"max_hp_loss":0,"event_name":"The Library","floor":19,"gold_loss":0,"cards_obtained":["Second Wind"]},{"damage_healed":0,"gold_gain":0,"player_choice":"Fought Bandits","damage_taken":0,"max_hp_gain":0,"max_hp_loss":0,"event_name":"Masked Bandits","floor":20,"gold_loss":0},{"damage_healed":0,"gold_gain":0,"player_choice":"Copied","damage_taken":0,"max_hp_gain":0,"max_hp_loss":0,"event_name":"Duplicator","floor":31,"gold_loss":0,"cards_obtained":["Inflame"]},{"damage_healed":0,"gold_gain":0,"player_choice":"Upgraded","damage_taken":0,"max_hp_gain":0,"max_hp_loss":0,"event_name":"Upgrade Shrine","floor":36,"gold_loss":0,"cards_upgraded":["Corruption"]},{"damage_healed":0,"gold_gain":0,"player_choice":"Fight","damage_taken":0,"max_hp_gain":0,"max_hp_loss":0,"event_name":"OrinTheCat","floor":39,"gold_loss":0},{"damage_healed":0,"gold_gain":0,"player_choice":"Fight","damage_taken":0,"max_hp_gain":0,"max_hp_loss":0,"event_name":"MindBloom","floor":41,"gold_loss":0},{"damage_healed":0,"gold_gain":222,"player_choice":"Wore Mask","damage_taken":0,"max_hp_gain":0,"max_hp_loss":0,"event_name":"Tomb of Lord Red Mask","floor":47,"gold_loss":0}],"is_beta":false,"boss_relics":[{"not_picked":["Velvet Choker","SacredBark"],"picked":"Runic Cube"},{"not_picked":["Runic Pyramid","aspiration:MobileForge"],"picked":"aspiration:SilentSkillbook"}],"items_purged_floors":[11,24,24,48],"is_endless":false,"potions_floor_spawned":[1,10,13,14,18,20,21,22,33,38,40,45],"ascension_level":20}}