{"host":"od099uxc49ip1k8b","time":1608827967,"event":{"mods":["Act Like it!","BaseMod","Downfall","Gensokyo","Hermit","Marisa????????","Minty Spire (QoL Compilation)","Remilia??????","StSLib","The Animator","The Cursed","The Servant 0.9.4"],"gold_per_floor":[109,127,93,93,116,116,116,116],"floor_reached":7,"playtime":2819,"items_purged":[],"score":41,"play_id":"0b89a587-6ac8-4ca5-b785-16faf349f1bd","local_time":"20201224113927","is_ascension_mode":false,"campfire_choices":[{"floor":6,"key":"RECALL"}],"circlet_count":0,"master_deck":["animator:Strike_Konosuba","animator:Defend_Konosuba","animator:Strike","animator:Strike","animator:Strike","animator:Defend","animator:Defend","animator:Defend","animator:Kazuma","animator:Aqua","animator:Kuribayashi","animator:Entoma","animator:CowGirl"],"relics":["animator:LivingPicture","animator:TheMissingPiece"],"acts_visited":["Exordium"],"potions_floor_usage":[],"damage_taken":[{"damage":0,"enemies":"2 Louse","floor":1,"turns":5},{"damage":7,"enemies":"Small Slimes","floor":2,"turns":7},{"damage":22,"enemies":"Jaw Worm","floor":5,"turns":11},{"damage":22,"enemies":"Lagavulin","floor":7,"turns":6}],"seed_played":"6298164426605967295","potions_obtained":[{"floor":2,"key":"LiquidMemories"}],"is_trial":false,"path_per_floor":["M","M","?","?","M","R","E"],"character_chosen":"THE_ANIMATOR","items_purchased":[],"campfire_rested":0,"item_purchase_floors":[],"current_hp_per_floor":[72,65,65,70,50,50,30,30],"gold":116,"neow_bonus":"TEN_PERCENT_HP_BONUS","is_daily":false,"chose_seed":false,"campfire_upgraded":0,"win_rate":0.0,"timestamp":1608827967,"path_taken":["M","M","?","?","M","R","E"],"items_purchased_type":[],"build_version":"2020-12-22","purchased_purges":0,"victory":false,"max_hp_per_floor":[72,72,72,77,77,77,77,77],"card_choices":[{"not_picked":["animator:PandorasActor","animator:Hakurou"],"picked":"animator:Kuribayashi","floor":1},{"not_picked":["animator:Mitsurugi","animator:DolaRiku"],"picked":"animator:Entoma","floor":2},{"not_picked":["animator:Mikaela","animator:TukaLunaMarceau"],"picked":"animator:CowGirl","floor":5}],"player_experience":30107,"relics_obtained":[],"event_choices":[{"damage_healed":0,"gold_gain":0,"player_choice":"Left Gold","damage_taken":0,"max_hp_gain":0,"max_hp_loss":0,"event_name":"World of Goop","floor":3,"gold_loss":34},{"damage_healed":0,"gold_gain":0,"player_choice":"Donut","damage_taken":0,"max_hp_gain":5,"max_hp_loss":0,"event_name":"Big Fish","floor":4,"gold_loss":0}],"is_beta":false,"boss_relics":[],"items_purged_floors":[],"is_endless":false,"potions_floor_spawned":[2],"killed_by":"Lagavulin","ascension_level":0}}