{"host":"3z9xbwjeimmg738z","time":1608786897,"event":{"mods":["2.2 Compatiblity","Act Like it!","AlwaysNeverKeys","Aspiration","Bard","Bartender","BaseMod","Beaked The Cultist","Better Altar","Better Match","Better Note","Better Sensory Stone","Better Skull","Better Third Choice","CapriCore","ChefMod","Colored Powertips","Defuse TimeMaze Blight","Dio Mod","Displayed Cursed Tome","Emptier Cage","Faster Ascension Climbing","Fiend Mod","Gensokyo","GifTheSpireLib","Hallownest","Hubris","JesterMod","KinomotoSakuraMod(????)","Koishi","Mari Mod (Legacy)","Mari\u0027s V1 Patch","Marisa????????","Minty Spire (QoL Compilation)","Pale of the Ancients","Permanent Neow","Replay The Spire","Robot Space Explorer","Shop Mod","StSLib","Stuff the Spire","The Accelerator","The Immortal","The Marked","The Mystic","The Servant 0.9.4","TheArtist","Uncapped","Wandering Minibosses","vexMod"],"gold_per_floor":[88,13,13,13,13,21,21],"floor_reached":6,"playtime":265,"items_purged":[],"score":34,"play_id":"86787cbe-04f8-42a6-9ea1-dad2cef2af52","local_time":"20201223211457","daily_mods":["ControlledChaos"],"is_ascension_mode":true,"campfire_choices":[],"circlet_count":0,"master_deck":["Fiend:FiendDemonSlash","Fiend:FiendDemonSlash","Fiend:FiendDemonSlash","Fiend:FiendDemonSlash","Fiend:FiendDemonSlash","Fiend:FiendFortify","Fiend:FiendFortify","Fiend:FiendFortify","Fiend:FiendFortify","Fiend:FiendConsume","Fiend:FiendSalvage","Fiend:FiendMeditate+1"],"relics":["Fiend:FiendTotem","Frozen Eye","aspiration:BabyByrd"],"acts_visited":["Exordium"],"potions_floor_usage":[],"damage_taken":[{"damage":19,"enemies":"Cultist","floor":1,"turns":5},{"damage":74,"enemies":"Lagavulin","floor":6,"turns":7}],"seed_played":"-7673033806435542251","potions_obtained":[],"is_trial":true,"path_per_floor":["M","?","?","?","$","E"],"character_chosen":"THE_FIEND","items_purchased":[],"campfire_rested":0,"item_purchase_floors":[],"current_hp_per_floor":[53,53,53,58,58,0,0],"gold":21,"neow_bonus":"","is_daily":false,"chose_seed":false,"campfire_upgraded":0,"win_rate":0.0,"timestamp":1608786897,"path_taken":["M","?","?","?","$","E"],"items_purchased_type":[],"build_version":"2020-12-22","purchased_purges":0,"victory":false,"max_hp_per_floor":[72,72,72,77,77,77,77],"card_choices":[{"not_picked":["Fiend:FiendBloodlust","Fiend:FiendDemonicContract"],"picked":"Fiend:FiendSalvage","floor":1},{"not_picked":["Fiend:FiendVaccine+1","Fiend:FiendMeatPaste+1"],"picked":"Fiend:FiendMeditate+1","floor":2}],"player_experience":407411,"relics_obtained":[],"event_choices":[{"damage_healed":0,"gold_gain":0,"player_choice":"2","damage_taken":0,"max_hp_gain":0,"max_hp_loss":0,"event_name":"betterMatch:BetterMatch","floor":2,"gold_loss":0,"cards_obtained":["betterMatch:CommonCard"]},{"damage_healed":0,"gold_gain":0,"player_choice":"Donut","damage_taken":0,"max_hp_gain":5,"max_hp_loss":0,"event_name":"Big Fish","floor":4,"gold_loss":0}],"is_beta":false,"boss_relics":[],"items_purged_floors":[],"is_endless":false,"potions_floor_spawned":[],"killed_by":"Lagavulin","ascension_level":1}}