{"host":"Charlie","time":1608806510,"event":{"mods":["Aspiration","BaseMod","Better Match","Better Skull","Better Third Choice","BetterRewards","ChefMod","Colored Map","Colored Powertips","Conspire","Curses Come First","Downfall","Ekko","Friendly Minions","Halation","Hermit","Hubris","Infinite Spire","Luminous","Melee Mod","Minty Spire (QoL Compilation)","Quick Restart","Rare Cards Sparkle","Relic Stats","Robot Space Explorer","Shade Mod","Spicy Shops","StSLib","SuperFastMode","Synergy Search","The Animator","The Blue Laboratory","The Cursed","The Dragon Tamer","The Factory","The Gatherer","The Jungle","The Marked","The Necromancer","Unceasing Turn Reminder","vexMod"],"gold_per_floor":[133,168,168,68,68,98,132,132,155,207,54,54,24,51,51,221,221,255,255,255,24,64,64,156,167,194,210,229,229,229,229,229,428,428,471,526,526,556,52,52,52,52],"floor_reached":41,"playtime":1741,"items_purged":["hermit:Purgatory"],"score":438,"play_id":"beed3341-e0a5-4a87-9175-7ac7ab982ba0","local_time":"20201224024150","is_ascension_mode":true,"campfire_choices":[{"data":"Malaise","floor":8,"key":"SMITH"},{"floor":15,"key":"REST"},{"data":"hermit:RoundhouseKick","floor":23,"key":"SMITH"},{"floor":30,"key":"REST"},{"data":"hermit:Malice","floor":32,"key":"SMITH"},{"data":"hermit:DeadOrAlive","floor":40,"key":"SMITH"}],"circlet_count":0,"master_deck":["hermit:Strike_Hermit","hermit:Strike_Hermit","hermit:Defend_Hermit","hermit:Defend_Hermit","hermit:Defend_Hermit","hermit:Snapshot","hermit:Covet","hermit:DeadOrAlive+1","hermit:Brawl","hermit:Malice+1","conspire:SpireCoStock","conspire:SpireCoStock","Choke","Malaise+1","Die Die Die","hermit:RoundhouseKick+1","CurseOfTheBell","Shame","Writhe","hermit:Horror","hermit:RoundhouseKick","Cold Snap+1"],"relics":["hermit:Momento","hubris:Icosahedron","aspiration:ChemicalBlood","Nunchaku","hubris:AstralHammer","Vajra","Calling Bell","hubris:ToyBattleship","The Courier","vexMod:RedPlottingStone","Strawberry","TheAbacus","HandDrill","hubris:FunFungus","Ancient Tea Set","aspiration:DefectSkillbook","Calipers","Art of War","hubris:Reverence","Bronze Scales"],"acts_visited":["Exordium","TheCity","TheBeyond"],"potions_floor_usage":[6,10,16,16,16,22,25,27,27,28,33,36,36,38,41,41],"damage_taken":[{"damage":7,"enemies":"Small Slimes","floor":1,"turns":5},{"damage":4,"enemies":"2 Louse","floor":2,"turns":3},{"damage":22,"enemies":"Lagavulin","floor":6,"turns":7},{"damage":1,"enemies":"Cultist","floor":7,"turns":4},{"damage":31,"enemies":"3 Sentries","floor":10,"turns":6},{"damage":3,"enemies":"Red Slaver","floor":14,"turns":3},{"damage":4,"enemies":"Slime Boss","floor":16,"turns":6},{"damage":28,"enemies":"Spheric Guardian","floor":18,"turns":5},{"damage":5,"enemies":"Chosen","floor":22,"turns":4},{"damage":9,"enemies":"Gremlin Leader","floor":24,"turns":7},{"damage":38,"enemies":"Sentry and Sphere","floor":25,"turns":5},{"damage":0,"enemies":"Snake Plant","floor":27,"turns":2},{"damage":7,"enemies":"Snecko","floor":28,"turns":5},{"damage":16,"enemies":"Collector","floor":33,"turns":8},{"damage":33,"enemies":"Orb Walker","floor":35,"turns":4},{"damage":30,"enemies":"2 Orb Walkers","floor":36,"turns":4},{"damage":38,"enemies":"3 Darklings","floor":38,"turns":4},{"damage":41,"enemies":"Nemesis","floor":41,"turns":4}],"seed_played":"3924192587682517830","potions_obtained":[{"floor":1,"key":"infinitespire:BlackPotion"},{"floor":6,"key":"sneckomod:MuddlingPotion"},{"floor":13,"key":"Fire Potion"},{"floor":13,"key":"hexamod:EctoCoolerPotion"},{"floor":18,"key":"BlessingOfTheForge"},{"floor":25,"key":"blueLaboratory:RecallPotion"},{"floor":25,"key":"blueLaboratory:PyrophylliteBrew"},{"floor":28,"key":"blueLaboratory:HummingbirdPotion"},{"floor":36,"key":"SkillPotion"},{"floor":38,"key":"sneckomod:MuddlingPotion"}],"is_trial":false,"path_per_floor":["M","M","?","?","?","E","M","R","T","E","$","?","?","M","R","B",null,"M","?","?","$","M","R","E","M","T","M","M","?","R","?","R","B",null,"M","?","?","M","$","R","E"],"character_chosen":"HERMIT","items_purchased":["Vajra","TheAbacus","HandDrill","Art of War","hubris:Reverence","Bronze Scales"],"campfire_rested":2,"item_purchase_floors":[11,21,21,39,39,39],"current_hp_per_floor":[68,64,64,64,64,42,41,41,41,10,10,10,10,7,29,25,75,47,47,54,54,49,49,40,8,8,8,3,3,29,58,58,45,87,55,27,76,38,38,38,0,0],"gold":52,"neow_bonus":"ONE_RANDOM_RARE_CARD","is_daily":false,"chose_seed":false,"campfire_upgraded":4,"win_rate":0.0,"timestamp":1608806510,"path_taken":["M","M","?","?","?","E","M","R","T","E","$","?","?","?","R","BOSS","M","?","?","$","M","R","E","M","T","M","M","?","R","?","R","BOSS","M","?","?","M","$","R","E"],"items_purchased_type":["Relic","Relic","Relic","Relic","Relic","Relic"],"build_version":"2020-12-18","purchased_purges":1,"victory":false,"max_hp_per_floor":[75,75,75,75,75,75,75,75,75,75,75,75,75,75,75,75,75,75,75,82,82,82,82,82,87,87,87,87,87,87,87,87,87,87,87,87,76,76,76,76,76,76],"relic_stats":{"Nunchaku":[11],"TheAbacus":[78],"counters":[18,86],"Bronze Scales":[10],"HandDrill":[20],"Art of War":[0],"obtain_stats":[{"Calipers":36,"Vajra":11,"The Courier":17,"Ancient Tea Set":26,"Calling Bell":17,"Nunchaku":9,"hubris:Icosahedron":3,"TheAbacus":21,"aspiration:DefectSkillbook":34,"hubris:AstralHammer":10,"vexMod:RedPlottingStone":17,"Strawberry":20,"Bronze Scales":39,"hubris:FunFungus":24,"hubris:ToyBattleship":17,"HandDrill":21,"Art of War":39,"hermit:Momento":0,"aspiration:ChemicalBlood":6,"hubris:Reverence":39},{"Calipers":16,"Vajra":5,"The Courier":7,"Ancient Tea Set":11,"Calling Bell":7,"Nunchaku":4,"hubris:Icosahedron":2,"TheAbacus":8,"aspiration:DefectSkillbook":14,"hubris:AstralHammer":5,"vexMod:RedPlottingStone":7,"Strawberry":8,"Bronze Scales":17,"hubris:FunFungus":10,"hubris:ToyBattleship":7,"HandDrill":8,"Art of War":17,"hermit:Momento":0,"aspiration:ChemicalBlood":3,"hubris:Reverence":17},{"Calipers":78,"Vajra":25,"The Courier":34,"Ancient Tea Set":55,"Calling Bell":34,"Nunchaku":19,"hubris:Icosahedron":8,"TheAbacus":39,"aspiration:DefectSkillbook":70,"hubris:AstralHammer":25,"vexMod:RedPlottingStone":34,"Strawberry":39,"Bronze Scales":82,"hubris:FunFungus":50,"hubris:ToyBattleship":34,"HandDrill":39,"Art of War":82,"hermit:Momento":0,"aspiration:ChemicalBlood":15,"hubris:Reverence":82}]},"card_choices":[{"not_picked":["hermit:WideOpen","hermit:Dive"],"picked":"hermit:Brawl","floor":1},{"not_picked":["hermit:GhostlyPresence","hermit:Grudge"],"picked":"hermit:Malice","floor":2},{"not_picked":["hermit:Enervate","hermit:WideOpen"],"picked":"hermit:Purgatory","floor":6},{"not_picked":["hermit:TrackingShot","hermit:ShadowCloak","hermit:Combo"],"picked":"SKIP","floor":7},{"not_picked":["hermit:TrackingShot","hermit:Glare","hermit:ShadowCloak"],"picked":"SKIP","floor":10},{"not_picked":["hermit:Deadeye","hermit:Feint","hermit:Reprieve"],"picked":"SKIP","floor":14},{"not_picked":["hermit:Reprieve","hermit:Purgatory"],"picked":"hermit:RoundhouseKick","floor":16},{"not_picked":["hermit:Snipe","hermit:SprayPray+1","hermit:Determination"],"picked":"SKIP","floor":18},{"not_picked":["hermit:Horror","hermit:LowProfile","hermit:LoneWolf"],"picked":"SKIP","floor":22},{"not_picked":["hermit:HoleUp","hermit:PistolWhip"],"picked":"hermit:Horror","floor":24},{"not_picked":["hermit:PistolWhip","hermit:Headshot","hermit:TakeAim"],"picked":"SKIP","floor":25},{"not_picked":["hermit:Manifest","hermit:LowProfile","hermit:Maintenance"],"picked":"SKIP","floor":27},{"not_picked":["hermit:HoleUp","hermit:Headshot","hermit:Maintenance"],"picked":"SKIP","floor":28},{"not_picked":["hermit:EternalForm","hermit:DeadOrAlive"],"picked":"hermit:RoundhouseKick","floor":33},{"not_picked":["Barrage","hermit:CalledShot+1","hermit:ShadowCloak","hermit:ItchyTrigger"],"picked":"SKIP","floor":35},{"not_picked":["Go for the Eyes+1","hermit:Manifest","hermit:HoleUp"],"picked":"Cold Snap+1","floor":38}],"player_experience":445237,"relics_obtained":[{"floor":6,"key":"aspiration:ChemicalBlood"},{"floor":9,"key":"Nunchaku"},{"floor":10,"key":"hubris:AstralHammer"},{"floor":17,"key":"hubris:ToyBattleship"},{"floor":17,"key":"The Courier"},{"floor":17,"key":"vexMod:RedPlottingStone"},{"floor":24,"key":"hubris:FunFungus"},{"floor":26,"key":"Ancient Tea Set"},{"floor":36,"key":"Calipers"}],"event_choices":[{"damage_healed":0,"gold_gain":0,"player_choice":"Invest 2","damage_taken":0,"max_hp_gain":0,"max_hp_loss":0,"event_name":"conspire:Investor","floor":4,"gold_loss":0},{"damage_healed":0,"gold_gain":0,"player_choice":"Disagree","damage_taken":0,"max_hp_gain":0,"max_hp_loss":0,"event_name":"conspire:LoneGhost","floor":12,"gold_loss":0},{"damage_healed":0,"gold_gain":0,"player_choice":"Bought 2 Potions","damage_taken":0,"max_hp_gain":0,"max_hp_loss":0,"event_name":"The Woman in Blue","floor":13,"gold_loss":0},{"damage_healed":0,"gold_gain":0,"player_choice":"Opened","damage_taken":0,"relics_obtained":["Strawberry"],"max_hp_gain":0,"max_hp_loss":0,"event_name":"The Mausoleum","floor":20,"gold_loss":0,"cards_obtained":["Writhe"]},{"damage_healed":29,"gold_gain":0,"player_choice":"Heal","damage_taken":0,"max_hp_gain":0,"max_hp_loss":0,"event_name":"The Library","floor":31,"gold_loss":0},{"damage_healed":0,"gold_gain":0,"player_choice":"Fight","damage_taken":0,"max_hp_gain":0,"max_hp_loss":0,"event_name":"Mysterious Sphere","floor":36,"gold_loss":0},{"damage_healed":76,"gold_gain":0,"player_choice":"Heal","damage_taken":0,"max_hp_gain":0,"max_hp_loss":11,"event_name":"The Moai Head","floor":37,"gold_loss":0}],"is_beta":true,"boss_relics":[{"not_picked":["hubris:RunicObelisk","Cursed Key"],"picked":"Calling Bell"},{"not_picked":["hubris:BlackHole","halation:CatFaceCupcake"],"picked":"aspiration:DefectSkillbook"}],"items_purged_floors":[39],"is_endless":false,"potions_floor_spawned":[1,6,18,25,28,36,38],"killed_by":"Nemesis","ascension_level":1}}