{"host":"wkq136ike0ligh15","time":1608768773,"event":{"mods":["Bard","BaseMod","Clockwork Mod","Minty Spire (QoL Compilation)","StSLib"],"gold_per_floor":[117,292,303,303,15,43,43,60,111,13,0,0,0,0],"floor_reached":13,"playtime":285,"items_purged":[],"score":106,"play_id":"cc5fc67f-748f-4da7-8c90-894624a4b734","local_time":"20201223191253","is_ascension_mode":false,"campfire_choices":[{"data":"Doubt","floor":7,"key":"PURGE"}],"circlet_count":0,"master_deck":["Clockwork:Strike","Clockwork:Strike","Clockwork:Strike","Clockwork:Strike","Clockwork:Shield+1","Clockwork:Shield","Clockwork:Shield","Clockwork:Shield","Clockwork:Tinker","Clockwork:WarmUp","Clockwork:CogShield","Clockwork:CogToss","Clockwork:AdaptiveCannon","Clockwork:CraftBloodPhial","Clockwork:CogBarrier","Clockwork:ForgeStrike","Clockwork:CogToss+1"],"relics":["Clockwork:MomentumEngine","NeowsBlessing","Bronze Scales","Peace Pipe","Frozen Egg 2","Juzu Bracelet"],"acts_visited":["Exordium"],"potions_floor_usage":[],"damage_taken":[{"damage":0,"enemies":"Jaw Worm","floor":1,"turns":1},{"damage":0,"enemies":"2 Louse","floor":3,"turns":1},{"damage":0,"enemies":"3 Sentries","floor":6,"turns":2},{"damage":0,"enemies":"Small Slimes","floor":8,"turns":5},{"damage":0,"enemies":"Looter","floor":11,"turns":5},{"damage":15,"enemies":"Gremlin Nob","floor":13,"turns":4}],"seed_played":"499652184824824267","potions_obtained":[{"floor":8,"key":"GamblersBrew"}],"is_trial":false,"path_per_floor":["M","?","M","?","$","E","R","M","T","$","M","?","E"],"character_chosen":"CLOCKWORK","items_purchased":["Peace Pipe","Clockwork:CogBarrier","Clockwork:ForgeStrike"],"campfire_rested":0,"item_purchase_floors":[5,10,10],"current_hp_per_floor":[85,85,85,78,78,78,78,78,78,78,80,63,48,48],"gold":0,"neow_bonus":"THREE_ENEMY_KILL","is_daily":false,"chose_seed":false,"campfire_upgraded":0,"win_rate":0.0,"timestamp":1608768773,"path_taken":["M","?","M","?","$","E","R","M","T","$","M","?","E"],"items_purchased_type":["Relic","Card","Card"],"build_version":"2020-12-22","purchased_purges":0,"victory":false,"max_hp_per_floor":[85,85,85,85,85,85,85,85,85,85,85,85,85,85],"card_choices":[{"not_picked":["Clockwork:Minimalism","Clockwork:ChargingShield"],"picked":"Clockwork:CogShield","floor":1},{"not_picked":["Clockwork:RitualDaggerMk0","Clockwork:AdaptiveShield"],"picked":"Clockwork:CogToss","floor":3},{"not_picked":["Clockwork:StasisBreak","Clockwork:SystemScan"],"picked":"Clockwork:AdaptiveCannon","floor":6},{"not_picked":["Clockwork:Improve","Clockwork:SmithsMallet"],"picked":"Clockwork:CraftBloodPhial","floor":8},{"not_picked":["Clockwork:OccamsRazor+1","Clockwork:Friction"],"picked":"Clockwork:CogToss","floor":11}],"player_experience":223932,"relics_obtained":[{"floor":6,"key":"Frozen Egg 2"},{"floor":9,"key":"Juzu Bracelet"}],"event_choices":[{"damage_healed":0,"gold_gain":175,"player_choice":"AGREE","damage_taken":0,"max_hp_gain":0,"max_hp_loss":0,"event_name":"Liars Game","floor":2,"gold_loss":0,"cards_obtained":["Doubt"]},{"damage_healed":0,"gold_gain":0,"player_choice":"Success","damage_taken":7,"relics_obtained":["Bronze Scales"],"max_hp_gain":0,"max_hp_loss":0,"event_name":"Scrap Ooze","floor":4,"gold_loss":0},{"damage_healed":0,"gold_gain":0,"player_choice":"Entered Light","damage_taken":17,"max_hp_gain":0,"max_hp_loss":0,"event_name":"Shining Light","floor":12,"gold_loss":0,"cards_upgraded":["Clockwork:CogToss","Clockwork:Shield"]}],"is_beta":false,"boss_relics":[],"items_purged_floors":[],"is_endless":false,"potions_floor_spawned":[8],"killed_by":"Gremlin Nob","ascension_level":0}}