{"host":"8u40nq559zpgb6zp","time":1608840111,"event":{"mods":["Aspiration","Bard","BaseMod","Beaked The Cultist","Better Altar","Better Match","Better Note","Better Sensory Stone","Better Skull","Better Third Choice","BetterRewards","CCEM","Clawfect","Conspire","Duelist Mod","Googly Eyes","Halation","Hermit","Highlight Path","Infinite Spire","Jedi Mod","Jorbs\u0027s Wanderer Trilogy","Mad Scientist","Marisa（霧雨　魔理沙）","Minty Spire (QoL Compilation)","Permanent Neow","Replay The Spire","Shade Mod","Shop Mod","Spicy Shops","StSLib","The Bladedancer","The Construct","The Cursed","The Disciple","The Druid","The Gatherer","The Hierophant","The IronCluck","The Jungle","The Mystic","The Necromancer","The Runesmith","The Senshi","The Servant 0.9.4","The Spell Scribe","The Witch","slay the spire mod where everything is the same but ironclad has a cowboy hat"],"gold_per_floor":[359,359,377,14,27,62,127,127,127,147,157,157,239,72,72,174,174,188,138,38,38,88,88,115,90,116,176,195,195,209,239,239,343,343,381,481,61,111,128,128,163,163,209,209,292,292,392,492,492,625,625,671,726,776,179,300,350,425,425,448,498,106,127,134,152,152,241,241,245,370,420,437,487,523,523,546,623,623,660,752,428,455,455,529,529,555,605,643,693,720,761,761,797,822,855,275,275,287,299,299,383,383,408,458,583,633,633,696,740,799,799,841,841,940,990,1095,1095,1238,1238,1308,1381,1516,1611,1661,1782,1897,1897,1897,2015,2065,2065,2204,2330,2330,2414,2414,2565,2724,2873,2923,3102,3320,3521,3608,3608,3841,4082,4337,4337,4632,4632,4886,4886,4886,4162,4442,4762],"floor_reached":158,"playtime":24538,"items_purged":["Strike_S","Strike_B","Decay","Decay","Strike_W","Injury"],"score":4416,"play_id":"976b133c-3c95-4d8e-860a-ec6a3f779388","local_time":"20201224150151","is_ascension_mode":false,"campfire_choices":[{"floor":8.0,"key":"REST"},{"data":"Siphon_Strength","floor":12.0,"key":"SMITH"},{"data":"Bone_Armory","floor":15.0,"key":"SMITH"},{"data":"Bone_Armory","floor":23.0,"key":"SMITH"},{"data":"Bone_Armory","floor":29.0,"key":"SMITH"},{"floor":32.0,"key":"DIG"},{"floor":40.0,"key":"REST"},{"floor":42.0,"key":"REST"},{"floor":44.0,"key":"REST"},{"floor":46.0,"key":"REST"},{"data":"Mayhem","floor":49.0,"key":"SMITH"},{"data":"Bone_Armory","floor":57.0,"key":"SMITH"},{"data":"Bone_Armory","floor":59.0,"key":"SMITH"},{"data":"Summon_Vampire_Lady","floor":66.0,"key":"SMITH"},{"data":"Summon_Vampire_Lady","floor":71.0,"key":"SMITH"},{"data":"Skeleton_Dragon","floor":75.0,"key":"SMITH"},{"data":"Slay_Living","floor":78.0,"key":"SMITH"},{"data":"Skeleton_Dragon","floor":83.0,"key":"SMITH"},{"data":"Shade_Step","floor":92.0,"key":"SMITH"},{"data":"Reap_The_Weak","floor":97.0,"key":"SMITH"},{"floor":100.0,"key":"DIG"},{"floor":106,"key":"DIG"},{"data":"Siphon_Strength","floor":113,"key":"SMITH"},{"data":"ReplayTheSpireMod:Black Plague","floor":117,"key":"SMITH"},{"data":"Reap_The_Weak","floor":127,"key":"SMITH"},{"data":"Necrotic_Claws","floor":130,"key":"SMITH"},{"floor":134,"key":"DIG"},{"data":"Specialist","floor":149,"key":"SMITH"},{"data":"Thousand_Bone_Knives","floor":151,"key":"SMITH"},{"floor":154,"key":"DIG"}],"circlet_count":1,"master_deck":["Strike_W","Strike_W","Defend_W","Defend_W","Defend_W","Defend_W","Negative_Energy_Arrows","Bone_Wall","Siphon_Strength+1","Acid_Javelin","Negative_Energy_Shield+1","Skeleton_Dragon+1","Negative_Energy_Shield","Bone_Bullets","Bones_to_Steel","Negative_Energy_Sphere","Hellfire","Summon_Undead","Specialist+1","Bone_Armory+1","Grasp_Heart","Negative_Energy_Burst+1","Bone_Armory+1","Bone_Armory+1","Skeleton_Dragon+1","Summon_Vampire_Lady+1","Necrotic_Claws+1","Mayhem+1","Bone_Armor","Acid_Javelin+1","Bones_to_Steel+1","Summon_Undead+1","Summon_Vampire_Lady+1","Thousand_Bone_Knives+1","Plague_Bolt","Bone_Armory+1","Bone_Armory+1","Necrotic_Claws+1","Negative_Energy_Shield","Bone_Armor","Cloudkill+1","Summon_Undead_Army+1","Plague_Bolt","Skeleton_Dragon+1","Summon_Vampire_Lady+1","Slay_Living+1","Summon_Vampire_Lady+1","Bone_Armor","Bone_Prison+1","Summon_Undead_Army+1","Summon_Death_Knight+1","ReplayTheSpireMod:Black Plague+1","Summon_Undead+1","Reap_The_Weak+1","infinitespire:UltimateForm+1","Shade_Step+1","Toxic_Smoke_Screen+1","Mayhem+1","Siphon_Strength+1","Summon_Death_Knight+1","Violent_Necrosis+1","infinitespire:Collect+1","Summon_Lich+1","Reap_The_Weak+1","Bone_Armor+1","Uncharnel+1","CurseOfTheBell","Bone_Armory+1","Siphon_Strength+1","Skeleton_Dragon+1","Bone_Armory+1"],"relics":["Vampire_Amulet","aspiration:Nostalgia","construct:Cogwheel","ReplayTheSpireMod:Lightbulb","aspiration:HiddenCompartment","CCEMRelics:OverlyComfyChair","SsserpentHead","Counterbalance","halation:LettersToHer","Replay:Rubber Ducky","Runesmith:AutoHammer","infinitespire:EvilPickle","beaked:SacredDeck","CatCart","infinitespire:WardingShard","Bag of Marbles","jedi:arcanewood","Replay:Multitool","CCEMRelics:GrindingGear","Replay:Grab Bag","Philosopher\u0027s Stone","jedi:hotpepper","aspiration:MobileForge","construct:ClawGrip","aspiration:VileToxins","jedi:crownofsimplicity","aspiration:FetidBarrel","aspiration:TomeofQuesting","PreservedInsect","Frozen Egg 2","Orichalcum","Garlic","jedi:paperlyon","aspiration:Lifesprig","Singing Bowl","jedi:shrinkray","Replay:Mystery Machine","Coffee Dripper","Letter Opener","Centennial Puzzle","Pear","Simple Rune","Circlet","Happy Flower","Toxic Egg 2","CCEMRelics:FryingPan","Vajra","aspiration:DSix","CCEMRelics:Barrel","Incense Burner","Lizard Tail","Painkiller Herb","Boot","Replay:Bottled Steam","Du-Vu Doll","Turnip","Calling Bell","Pen Nib","Meat on the Bone","infinitespire:Lychee Nut","CCEMRelics:JestersCrown","jedi:purplefairy","aspiration:HatOfInfinitePower","conspire:TopHat","aspiration:SecretTechniqueScroll","CCEMRelics:CocoNut","infinitespire:Lucky Rock","Runesmith:Nanobots","infinitespire:Midas Blood","InkBottle"],"acts_visited":["Exordium","TheCity","TheBeyond","Exordium","TheCity","TheBeyond","Exordium","TheBeyond","TheEnding"],"potions_floor_usage":[112,112,135,135],"damage_taken":[{"damage":0.0,"enemies":"Small Slimes","floor":1.0,"turns":4.0},{"damage":0.0,"enemies":"Cultist","floor":3.0,"turns":3.0},{"damage":4.0,"enemies":"2 Louse","floor":5.0,"turns":2.0},{"damage":30.0,"enemies":"Gremlin Nob","floor":6.0,"turns":5.0},{"damage":34.0,"enemies":"Lagavulin Event","floor":7.0,"turns":9.0},{"damage":1.0,"enemies":"Blue Slaver","floor":10.0,"turns":4.0},{"damage":0.0,"enemies":"conspire:2 RoseBushes","floor":11.0,"turns":5.0},{"damage":29.0,"enemies":"The Guardian","floor":16.0,"turns":10.0},{"damage":0.0,"enemies":"Chosen","floor":18.0,"turns":4.0},{"damage":20.0,"enemies":"Book of Stabbing","floor":24.0,"turns":5.0},{"damage":0.0,"enemies":"3 Byrds","floor":27.0,"turns":5.0},{"damage":10.0,"enemies":"Cultist and Chosen","floor":28.0,"turns":6.0},{"damage":0.0,"enemies":"3 Cultists","floor":30.0,"turns":4.0},{"damage":17.0,"enemies":"Nightmare","floor":31.0,"turns":11.0},{"damage":21.0,"enemies":"Pondfish","floor":33.0,"turns":13.0},{"damage":18.0,"enemies":"3 Darklings","floor":35.0,"turns":6.0},{"damage":61.0,"enemies":"Orin","floor":36.0,"turns":10.0},{"damage":15.0,"enemies":"Orb Walker","floor":39.0,"turns":6.0},{"damage":50.0,"enemies":"Reptomancer","floor":41.0,"turns":7.0},{"damage":33.0,"enemies":"Transient","floor":45.0,"turns":5.0},{"damage":0.0,"enemies":"Mind Bloom Boss Battle","floor":47.0,"turns":7.0},{"damage":121.0,"enemies":"Donu and Deca","floor":50.0,"turns":9.0},{"damage":0.0,"enemies":"2 Louse","floor":52.0,"turns":2.0},{"damage":10.0,"enemies":"Jaw Worm","floor":53.0,"turns":2.0},{"damage":0.0,"enemies":"Small Slimes","floor":58.0,"turns":3.0},{"damage":0.0,"enemies":"Gremlin Nob","floor":63.0,"turns":3.0},{"damage":0.0,"enemies":"Looter","floor":64.0,"turns":3.0},{"damage":0.0,"enemies":"Lagavulin","floor":65.0,"turns":3.0},{"damage":0.0,"enemies":"Slime Boss","floor":67.0,"turns":5.0},{"damage":0.0,"enemies":"3 Byrds","floor":69.0,"turns":4.0},{"damage":0.0,"enemies":"Shell Parasite","floor":72.0,"turns":4.0},{"damage":19.0,"enemies":"Gremlin Leader","floor":74.0,"turns":5.0},{"damage":0.0,"enemies":"Snake Plant","floor":76.0,"turns":4.0},{"damage":4.0,"enemies":"Nightmare","floor":79.0,"turns":5.0},{"damage":0.0,"enemies":"Sentry and Sphere","floor":80.0,"turns":3.0},{"damage":0.0,"enemies":"3 Cultists","floor":82.0,"turns":3.0},{"damage":0.0,"enemies":"Automaton","floor":84.0,"turns":8.0},{"damage":9.0,"enemies":"3 Darklings","floor":86.0,"turns":4.0},{"damage":0.0,"enemies":"Orb Walker","floor":88.0,"turns":3.0},{"damage":0.0,"enemies":"Maw","floor":90.0,"turns":5.0},{"damage":0.0,"enemies":"Nightmare","floor":91.0,"turns":5.0},{"damage":7.0,"enemies":"3 Darklings","floor":93.0,"turns":4.0},{"damage":12.0,"enemies":"Transient","floor":95.0,"turns":5.0},{"damage":0.0,"enemies":"Spire Growth","floor":98.0,"turns":3.0},{"damage":0.0,"enemies":"Sphere and 2 Shapes","floor":99.0,"turns":3.0},{"damage":139.0,"enemies":"conspire:OrnateMirror","floor":101.0,"turns":6.0},{"damage":0,"enemies":"Small Slimes","floor":103,"turns":3},{"damage":0,"enemies":"Gremlin Nob","floor":108,"turns":3},{"damage":0,"enemies":"Cultist","floor":109,"turns":3},{"damage":0,"enemies":"Lagavulin","floor":110,"turns":3},{"damage":49,"enemies":"Nightmare_Alpha","floor":112,"turns":5},{"damage":0,"enemies":"Jaw Worm","floor":114,"turns":3},{"damage":15,"enemies":"Lots of Slimes","floor":116,"turns":3},{"damage":0,"enemies":"Hexaghost","floor":118,"turns":4},{"damage":0,"enemies":"theJungle:Flameango_and_Byrd","floor":120,"turns":3},{"damage":4,"enemies":"Shell Parasite","floor":121,"turns":4},{"damage":0,"enemies":"theJungle:Snecko_Cultist_And_Trap","floor":122,"turns":4},{"damage":0,"enemies":"theJungle:SlimyTreeVines","floor":123,"turns":2},{"damage":0,"enemies":"theJungle:2_Phrogs","floor":125,"turns":3},{"damage":0,"enemies":"theJungle:2_Snecko_Cultists","floor":126,"turns":3},{"damage":0,"enemies":"theJungle:2_Flameangoes","floor":129,"turns":3},{"damage":0,"enemies":"theJungle:SlimyTreeVines","floor":132,"turns":2},{"damage":0,"enemies":"theJungle:JungleHuntersEncounter","floor":133,"turns":4},{"damage":6,"enemies":"infinitespire:LordOfFortification","floor":135,"turns":16},{"damage":0,"enemies":"Orb Walker","floor":137,"turns":3},{"damage":0,"enemies":"3 Darklings","floor":138,"turns":4},{"damage":53,"enemies":"Transient","floor":139,"turns":5},{"damage":0,"enemies":"Maw","floor":141,"turns":5},{"damage":0,"enemies":"R_Hoarder","floor":142,"turns":3},{"damage":0,"enemies":"4 Shapes","floor":143,"turns":5},{"damage":51,"enemies":"2 Orb Walkers","floor":144,"turns":3},{"damage":0,"enemies":"Jaw Worm Horde","floor":146,"turns":2},{"damage":0,"enemies":"3 Darklings","floor":147,"turns":3},{"damage":15,"enemies":"Spire Growth","floor":148,"turns":3},{"damage":0,"enemies":"Reptomancer","floor":150,"turns":2},{"damage":0,"enemies":"infinitespire:LordOfFortification","floor":152,"turns":15},{"damage":0,"enemies":"Shield and Spear","floor":156,"turns":3},{"damage":0,"enemies":"The Heart","floor":157,"turns":7}],"seed_played":"3950787336992540199","potions_obtained":[{"floor":1.0,"key":"jedi:hoardpotion"},{"floor":6.0,"key":"jedi:mysterypotion"},{"floor":11.0,"key":"LiquidBronze"},{"floor":18.0,"key":"SkillPotion"},{"floor":27.0,"key":"Fire Potion"},{"floor":28.0,"key":"ColorlessPotion"},{"floor":36.0,"key":"SteroidPotion"},{"floor":41.0,"key":"Elixir"},{"floor":45.0,"key":"Regen Potion"},{"floor":47.0,"key":"FearPotion"},{"floor":63.0,"key":"GamblersBrew"},{"floor":73.0,"key":"Flashbang"},{"floor":73.0,"key":"BlessingOfTheForge"},{"floor":74.0,"key":"Toxic Potion"},{"floor":80.0,"key":"Flashbang"},{"floor":82.0,"key":"LifebloodPotion"},{"floor":84.0,"key":"Flashbang"},{"floor":93.0,"key":"Weak Potion"},{"floor":95.0,"key":"SteroidPotion"},{"floor":101.0,"key":"jedi:tentaclejuice"},{"floor":108,"key":"construct:ShiftPotion"},{"floor":116,"key":"Venom Potion"},{"floor":118,"key":"BlessingOfTheForge"},{"floor":123,"key":"Doom Potion"},{"floor":138,"key":"FearPotion"},{"floor":139,"key":"SteroidPotion"}],"is_trial":false,"path_per_floor":["M","?","M","$","M","E","?","R","T","M","M","R","T","$","R","B",null,"M","?","$","?","?","R","E","?","T","M","M","R","M","NM","R","B",null,"M","?","$","?","M","R","E","R","T","R","M","R","?","T","R","B",null,"M","M","?","$","?","R","M","R","T","?","$","E","M","E","R","B",null,"M","?","R","M","?","E","R","M","T","R","NM","M","$","M","R","B",null,"M","?","M","T","M","NM","R","M","T","M","$","R","M","M","R","B",null,"M","?","?","R","AVR","E","M","E","T","NM","R","M","?","M","R","B",null,"?","?","?","?","?","E","?","T","T","?","T","AVR","?","?","T","B",null,"?","?","?","?","?","E","?","?","T","?","?","?","T","E","T","B",null,"T","T","E","B",null],"character_chosen":"NECROMANCER","items_purchased":["aspiration:Nostalgia","Negative_Energy_Shield+1","Specialist","Bone_Armory","Bone_Armory","infinitespire:WardingShard","Mayhem","jedi:crownofsimplicity","aspiration:FetidBarrel","Bone_Armory","Necrotic_Claws","Frozen Egg 2","Cloudkill+1","Summon_Undead_Army+1","Replay:Mystery Machine","Mayhem+1","Pear","Simple Rune","infinitespire:Lucky Rock","Runesmith:Nanobots","Bone_Armory+1","infinitespire:Midas Blood"],"campfire_rested":5,"item_purchase_floors":[4,4,14,14,20,37,37,55,55,55,55,62,62,62,81,96,96,96,155,155,155,155],"current_hp_per_floor":[75,75,75,75,75,47,15,37,37,38,42,42,42,42,42,42,75,75,75,75,75,75,75,60,60,60,66,61,61,69,54,54,37,75,62,36,36,29,16,38,4,26,26,48,17,39,62,62,62,63,56,56,51,39,39,25,25,36,36,36,42,42,44,52,54,54,56,56,56,51,51,56,56,52,52,56,56,56,55,56,56,56,56,57,57,57,57,58,58,58,58,58,59,59,59,64,64,64,65,65,19,65,66,66,60,60,60,63,65,68,68,37,37,49,75,75,75,75,75,76,76,77,78,78,79,80,80,80,80,80,80,81,82,82,83,62,63,63,64,64,65,66,67,35,35,47,55,55,60,71,71,71,71,74,74,75,76],"gold":4762,"neow_bonus":"TWO_FIFTY_GOLD","is_daily":false,"chose_seed":false,"campfire_upgraded":20,"win_rate":0.0,"timestamp":1608840111,"path_taken":["M","?","?","$","M","E","?","R","T","M","M","R","?","$","R","BOSS","M","?","$","?","?","R","E","?","T","?","M","R","M","NM","R","BOSS","M","?","$","?","M","R","E","R","T","R","?","R","?","?","R","BOSS","M","M","?","$","?","?","?","R","T","?","?","E","M","E","R","BOSS","M","?","?","M","?","E","R","M","T","R","NM","?","$","M","R","BOSS","M","?","M","?","M","NM","R","M","T","M","$","R","M","M","R","BOSS","M","?","?","?","AVR","E","M","E","T","NM","R","?","?","?","R","BOSS","?","?","?","?","?","E","?","T","T","?","?","AVR","?","?","T","BOSS","?","?","?","?","?","E","?","?","T","?","?","?","T","E","T","BOSS","T","T","E","BOSS"],"items_purchased_type":["Relic","Card","Card","Card","Card","Relic","Card","Relic","Relic","Card","Card","Relic","Card","Card","Relic","Card","Relic","Relic","Relic","Relic","Card","Relic"],"build_version":"2020-12-22","purchased_purges":6,"victory":true,"max_hp_per_floor":[75,75,75,75,75,75,75,75,75,75,75,75,75,75,75,75,75,75,75,75,75,75,75,75,75,75,75,75,75,75,75,75,75,75,75,75,75,75,75,75,75,75,75,75,75,75,75,75,75,75,56,56,56,56,56,56,56,56,56,56,56,56,56,56,56,56,56,56,56,56,56,56,56,56,56,56,56,56,56,56,56,56,56,57,57,58,58,58,58,58,58,58,59,59,59,64,64,64,65,65,65,65,66,66,66,66,66,67,67,68,68,69,69,70,75,75,75,75,75,76,76,77,78,78,79,80,80,80,80,80,80,81,82,82,83,62,63,63,64,64,65,66,67,68,68,69,70,71,71,71,71,71,71,74,74,75,76],"card_choices":[{"not_picked":["Chill_Blood","Deaths_Shadow"],"picked":"Siphon_Strength","floor":1.0},{"not_picked":["Bone_Armor","Negative_Energy_Shield"],"picked":"Acid_Javelin","floor":3.0},{"not_picked":["Detonate_Bones","Blood_for_Blood"],"picked":"Bones_to_Steel","floor":6.0},{"not_picked":["Spectral_Armor","Corrupt"],"picked":"Negative_Energy_Sphere","floor":7.0},{"not_picked":["Vampiric_Strike","Thousand_Bone_Knives"],"picked":"Hellfire","floor":10.0},{"not_picked":["Spectral_Walk","Blood_Is_Power"],"picked":"Summon_Undead","floor":11.0},{"not_picked":["Detonate_Bones","Hellfire"],"picked":"Grasp_Heart","floor":16.0},{"not_picked":["Blood_for_Blood","Shackles_Of_Pain"],"picked":"Negative_Energy_Burst+1","floor":18.0},{"not_picked":["Blood_Curse+1","Necromantic_Selection+1"],"picked":"Cloudkill","floor":24.0},{"not_picked":["Consume_Illness+1","Blood_Whip"],"picked":"Negative_Energy_Sphere","floor":27.0},{"not_picked":["Deaths_Shadow","Uncharnel"],"picked":"Bone_Armory","floor":28.0},{"not_picked":["Negative_Energy_Sphere","Vampiric_Strike","Bone_Shift"],"picked":"SKIP","floor":30.0},{"not_picked":["Flesh_Made_Foul","Bone_Shift","Shackles_Of_Pain"],"picked":"SKIP","floor":31.0},{"not_picked":["Blood_Wake","Negative_Energy_Bomb"],"picked":"Skeleton_Dragon","floor":33.0},{"not_picked":["Blood_Whip","Bone_Shift+1"],"picked":"Necrotic_Claws+1","floor":35.0},{"not_picked":["Summon_Undead","Thousand_Bone_Knives+1"],"picked":"Bone_Armor","floor":39.0},{"not_picked":["Blood_Whip","Deaths_Shadow"],"picked":"Acid_Javelin+1","floor":41.0},{"not_picked":["Death_March_Dance","Bone_Shift+1"],"picked":"Bones_to_Steel+1","floor":45.0},{"not_picked":["Pandemic","Finger_Of_Death+1"],"picked":"Summon_Undead+1","floor":47.0},{"not_picked":["Skeleton_Dragon","Blood_Magic"],"picked":"Summon_Vampire_Lady","floor":50.0},{"not_picked":["Bones_to_Steel","Vampiric_Strike"],"picked":"Thousand_Bone_Knives","floor":52.0},{"not_picked":["Skeleton_Dragon","Blood_Whip"],"picked":"Plague_Bolt","floor":53.0},{"not_picked":["Consume_Illness","Blood_Curse"],"picked":"Negative_Energy_Shield","floor":56.0},{"not_picked":["Scare","Reap_The_Weak"],"picked":"Bone_Armor","floor":56.0},{"not_picked":["Consume_Illness","Chill_Blood","Blood_for_Blood"],"picked":"SKIP","floor":58.0},{"not_picked":["Shackles_Of_Pain","Uncharnel"],"picked":"Plague_Bolt","floor":63.0},{"not_picked":["Blood_Whip","Death_Coil","Negative_Energy_Mist"],"picked":"SKIP","floor":64.0},{"not_picked":["Finger_Of_Death","Bone_Armor"],"picked":"Skeleton_Dragon+1","floor":65.0},{"not_picked":["Skeleton_Dragon+1","Hellfire"],"picked":"Summon_Vampire_Lady+1","floor":67.0},{"not_picked":["Chill_Blood","Blood_Whip","Bones_to_Steel"],"picked":"SKIP","floor":69.0},{"not_picked":["Bone_Shift","Stop_Heart"],"picked":"Slay_Living","floor":72.0},{"not_picked":["Shackles_Of_Pain","Blood_Shield"],"picked":"Summon_Vampire_Lady+1","floor":74.0},{"not_picked":["Negative_Energy_Shield","Slay_Living+1"],"picked":"Bone_Armor","floor":76.0},{"not_picked":["Toxic_Smoke_Screen","Uncharnel"],"picked":"Bone_Prison+1","floor":79.0},{"not_picked":["Bone_Armory+1","Bone_Bullets"],"picked":"Summon_Undead_Army+1","floor":80.0},{"not_picked":["Bones_to_Steel","Whirlwind_of_Bones+1"],"picked":"Summon_Death_Knight+1","floor":82.0},{"not_picked":["Detonate_Bones","Negative_Energy_Bomb","Cloudkill"],"picked":"Singing Bowl","floor":84.0},{"not_picked":["infinitespire:Gouge","infinitespire:TheBestDefense"],"picked":"ReplayTheSpireMod:Black Plague","floor":85.0},{"not_picked":["Negative_Energy_Shield","Bones_to_Steel+1","Bone_Bullets+1"],"picked":"Singing Bowl","floor":86.0},{"not_picked":["Bone_Prison","Toxic_Smoke_Screen+1"],"picked":"Summon_Undead+1","floor":88.0},{"not_picked":["Negative_Energy_Shield","Negative_Energy_Javelin"],"picked":"Reap_The_Weak","floor":90.0},{"not_picked":["ReplayTheSpireMod:Black Plague","infinitespire:DeathsTouch"],"picked":"infinitespire:UltimateForm","floor":91.0},{"not_picked":["Acid_Javelin","Stop_Heart+1"],"picked":"Shade_Step","floor":91.0},{"not_picked":["Bone_Shift+1","Scare+1","Negative_Energy_Sphere"],"picked":"Singing Bowl","floor":93.0},{"not_picked":["Bone_Spikes","Shackles_Of_Pain+1"],"picked":"Toxic_Smoke_Screen+1","floor":95.0},{"not_picked":["Negative_Energy_Sphere","Consume_Illness"],"picked":"Siphon_Strength","floor":98.0},{"not_picked":["Bones_to_Steel+1","Summon_Undead","Vampiric_Strike+1"],"picked":"Singing Bowl","floor":99.0},{"not_picked":["Negative_Energy_Bomb","Hellfire"],"picked":"Summon_Death_Knight+1","floor":101.0},{"not_picked":["Toxic_Smoke_Screen","Spectral_Armor","Bone_Armor"],"picked":"Singing Bowl","floor":103},{"not_picked":["Blood_for_Blood+1","Bone_Spikes","Spectral_Walk+1"],"picked":"Singing Bowl","floor":108},{"not_picked":["Death_March_Dance","Finger_Of_Death"],"picked":"Violent_Necrosis+1","floor":109},{"not_picked":["Death_Knell","Epidemic+1","Death_March_Dance"],"picked":"Singing Bowl","floor":110},{"not_picked":["infinitespire:Gouge","infinitespire:Execution"],"picked":"infinitespire:Collect","floor":112},{"not_picked":["Shackles_Of_Pain+1","Blood_Whip","Negative_Energy_Burst"],"picked":"Singing Bowl","floor":112},{"not_picked":["Negative_Energy_Mist+1","Consume_Illness+1","Bones_to_Steel+1"],"picked":"Singing Bowl","floor":114},{"not_picked":["Corrupt+1","Life_Drain"],"picked":"Summon_Lich+1","floor":116},{"not_picked":["Detonate_Bones","Negative_Energy_Bomb"],"picked":"Reap_The_Weak","floor":118},{"not_picked":["Spectral_Walk+1","Slay_Living","Chill_Blood+1"],"picked":"Singing Bowl","floor":120},{"not_picked":["Summon_Undead+1","Life_Drain"],"picked":"Bone_Armor+1","floor":121},{"not_picked":["Spectral_Armor+1","Life_Drain+1","Blood_Curse"],"picked":"Singing Bowl","floor":122},{"not_picked":["Bone_Armor+1","Negative_Energy_Sphere+1","Stop_Heart+1"],"picked":"Singing Bowl","floor":123},{"not_picked":["Negative_Energy_Bomb","Negative_Energy_Sphere+1","Negative_Energy_Javelin"],"picked":"Singing Bowl","floor":125},{"not_picked":["Negative_Energy_Mist+1","Blood_Curse","Negative_Energy_Burst+1"],"picked":"Singing Bowl","floor":126},{"not_picked":["Life_Tap+1","Bone_Shift+1"],"picked":"Uncharnel+1","floor":129},{"not_picked":["Blood_Whip","Negative_Energy_Javelin","Bones_to_Steel+1"],"picked":"Singing Bowl","floor":132},{"not_picked":["Blood_for_Blood+1","Death_March_Dance+1","Bone_Shift+1"],"picked":"Singing Bowl","floor":133},{"not_picked":["Detonate_Bones","Hellfire","Grasp_Heart"],"picked":"Singing Bowl","floor":135},{"not_picked":["Negative_Energy_Sphere+1","Requiem","Chill_Blood+1"],"picked":"Singing Bowl","floor":137},{"not_picked":["Acid_Javelin+1","Consume_Illness+1"],"picked":"Bone_Armory+1","floor":138},{"not_picked":["Bone_Bullets","Life_Drain+1","Death_Coil"],"picked":"Singing Bowl","floor":139},{"not_picked":["Life_Tap+1","Slay_Living","Plague_Bolt"],"picked":"Singing Bowl","floor":141},{"not_picked":["Consume_Illness+1","Toxic_Smoke_Screen+1","Bone_Bullets+1"],"picked":"Singing Bowl","floor":142},{"not_picked":["Vampiric_Strike+1","Death_Coil","Whirlwind_of_Bones"],"picked":"Singing Bowl","floor":143},{"not_picked":["Spectral_Armor+1","Blood_Whip","Slay_Living"],"picked":"Singing Bowl","floor":144},{"not_picked":["Negative_Energy_Shield+1","Bone_Armor+1","Life_Drain"],"picked":"Singing Bowl","floor":146},{"not_picked":["Death_Knell","Bone_Spikes","Life_Drain+1"],"picked":"Singing Bowl","floor":147},{"not_picked":["Cloudkill+1","Consume_Illness+1","Acid_Javelin"],"picked":"Singing Bowl","floor":148},{"not_picked":["Summon_Vampire_Lady+1","Negative_Energy_Shield+1"],"picked":"Siphon_Strength+1","floor":150},{"not_picked":["Blood_Magic+1","Cloudkill+1"],"picked":"Skeleton_Dragon+1","floor":152},{"not_picked":["Bone_Spikes+1","Violent_Necrosis+1","Acid_Javelin"],"picked":"Singing Bowl","floor":156},{"not_picked":["Cloudkill+1","Negative_Energy_Bomb","Hellfire"],"picked":"Singing Bowl","floor":157}],"player_experience":948586,"relics_obtained":[{"floor":6.0,"key":"ReplayTheSpireMod:Lightbulb"},{"floor":7.0,"key":"aspiration:HiddenCompartment"},{"floor":13.0,"key":"CCEMRelics:OverlyComfyChair"},{"floor":24.0,"key":"Counterbalance"},{"floor":26.0,"key":"halation:LettersToHer"},{"floor":31.0,"key":"Replay:Rubber Ducky"},{"floor":32.0,"key":"Runesmith:AutoHammer"},{"floor":36.0,"key":"CatCart"},{"floor":41.0,"key":"Bag of Marbles"},{"floor":43.0,"key":"halation:LettersToHer"},{"floor":43.0,"key":"jedi:arcanewood"},{"floor":47.0,"key":"Replay:Multitool"},{"floor":48.0,"key":"halation:LettersToHer"},{"floor":48.0,"key":"CCEMRelics:GrindingGear"},{"floor":56.0,"key":"aspiration:TomeofQuesting"},{"floor":60.0,"key":"halation:LettersToHer"},{"floor":60.0,"key":"PreservedInsect"},{"floor":63.0,"key":"Orichalcum"},{"floor":65.0,"key":"Garlic"},{"floor":74.0,"key":"aspiration:Lifesprig"},{"floor":77.0,"key":"halation:LettersToHer"},{"floor":77.0,"key":"Singing Bowl"},{"floor":79.0,"key":"jedi:shrinkray"},{"floor":89.0,"key":"halation:LettersToHer"},{"floor":89.0,"key":"Letter Opener"},{"floor":91.0,"key":"Dead Branch"},{"floor":94.0,"key":"halation:LettersToHer"},{"floor":94.0,"key":"Centennial Puzzle"},{"floor":100.0,"key":"Happy Flower"},{"floor":106,"key":"CCEMRelics:FryingPan"},{"floor":108,"key":"aspiration:DSix"},{"floor":110,"key":"CCEMRelics:Barrel"},{"floor":111,"key":"halation:LettersToHer"},{"floor":111,"key":"Incense Burner"},{"floor":112,"key":"Lizard Tail"},{"floor":125,"key":"Boot"},{"floor":128,"key":"halation:LettersToHer"},{"floor":128,"key":"Replay:Bottled Steam"},{"floor":134,"key":"Turnip"},{"floor":136,"key":"Pen Nib"},{"floor":136,"key":"Meat on the Bone"},{"floor":136,"key":"infinitespire:Lychee Nut"},{"floor":142,"key":"CCEMRelics:JestersCrown"},{"floor":144,"key":"jedi:purplefairy"},{"floor":145,"key":"halation:LettersToHer"},{"floor":145,"key":"aspiration:HatOfInfinitePower"},{"floor":150,"key":"conspire:TopHat"},{"floor":154,"key":"CCEMRelics:CocoNut"},{"floor":156,"key":"InkBottle"}],"event_choices":[{"damage_healed":0.0,"max_hp_gain":0.0,"max_hp_loss":0.0,"gold_gain":0.0,"event_name":"Wheel of Change","player_choice":"Full Heal","floor":2.0,"gold_loss":0.0,"damage_taken":0.0},{"damage_healed":0.0,"max_hp_gain":0.0,"max_hp_loss":0.0,"gold_gain":0.0,"event_name":"Dead Adventurer","player_choice":"Searched \u00271\u0027 times","floor":7.0,"gold_loss":0.0,"damage_taken":0.0},{"damage_healed":0.0,"max_hp_gain":0.0,"max_hp_loss":0.0,"gold_gain":0.0,"event_name":"The Joust","player_choice":"Bet on Murderer","floor":19.0,"gold_loss":50.0,"damage_taken":0.0},{"damage_healed":0.0,"max_hp_gain":0.0,"max_hp_loss":0.0,"gold_gain":0.0,"event_name":"FaceTrader","player_choice":"Trade","floor":21.0,"gold_loss":0.0,"damage_taken":0.0,"relics_obtained":["SsserpentHead"]},{"cards_removed":["Strike_W"],"damage_healed":0.0,"max_hp_gain":0.0,"max_hp_loss":0.0,"gold_gain":0.0,"event_name":"betterNote:BetterNote","player_choice":"Give","floor":22.0,"gold_loss":0.0,"damage_taken":0.0,"cards_obtained":["Strike_W"]},{"cards_removed":["Strike_W"],"damage_healed":0.0,"max_hp_gain":0.0,"max_hp_loss":0.0,"gold_gain":0.0,"event_name":"Beggar","player_choice":"Gave Gold","floor":25.0,"gold_loss":75.0,"damage_taken":0.0},{"damage_healed":0.0,"max_hp_gain":0.0,"max_hp_loss":0.0,"gold_gain":0.0,"event_name":"OrinTheCat","player_choice":"Fight","floor":36.0,"gold_loss":0.0,"damage_taken":0.0},{"damage_healed":0.0,"max_hp_gain":0.0,"max_hp_loss":0.0,"gold_gain":0.0,"event_name":"Wheel of Change","player_choice":"Damaged","floor":38.0,"gold_loss":0.0,"damage_taken":7.0},{"damage_healed":0.0,"max_hp_gain":0.0,"max_hp_loss":0.0,"gold_gain":0.0,"event_name":"MindBloom","player_choice":"Fight","floor":47.0,"gold_loss":0.0,"damage_taken":0.0},{"damage_healed":0.0,"max_hp_gain":0.0,"max_hp_loss":0.0,"gold_gain":1.0,"event_name":"betterThird:BetterScrap","player_choice":"Relic ","floor":54.0,"gold_loss":0.0,"damage_taken":12.0,"cards_obtained":["ReplayTheSpireMod:Calculation Training"]},{"damage_healed":0.0,"max_hp_gain":0.0,"max_hp_loss":0.0,"gold_gain":75.0,"event_name":"FaceTrader","player_choice":"Touch","floor":70.0,"gold_loss":0.0,"damage_taken":5.0},{"damage_healed":0.0,"max_hp_gain":0.0,"max_hp_loss":0.0,"gold_gain":0.0,"event_name":"Lab","player_choice":"Got Potions","floor":73.0,"gold_loss":0.0,"damage_taken":0.0},{"cards_removed":["Negative_Energy_Sphere"],"damage_healed":0.0,"max_hp_gain":0.0,"max_hp_loss":0.0,"gold_gain":0.0,"event_name":"Falling","player_choice":"Removed Attack","floor":87.0,"gold_loss":0.0,"damage_taken":0.0},{"damage_healed":0,"gold_gain":75,"player_choice":"Touch","damage_taken":6,"max_hp_gain":0,"max_hp_loss":0,"event_name":"FaceTrader","floor":105,"gold_loss":0},{"cards_removed":["Cloudkill"],"damage_healed":21,"gold_gain":0,"player_choice":"Offered Rare","damage_taken":0,"max_hp_gain":10,"max_hp_loss":0,"event_name":"Bonfire Elementals","floor":115,"gold_loss":0},{"damage_healed":0,"gold_gain":0,"player_choice":"Bought 0 Potions","damage_taken":0,"max_hp_gain":0,"max_hp_loss":0,"event_name":"The Woman in Blue","floor":124,"gold_loss":0},{"damage_healed":0,"gold_gain":0,"player_choice":"Fight","damage_taken":0,"max_hp_gain":0,"max_hp_loss":0,"event_name":"Mysterious Sphere","floor":144,"gold_loss":0}],"is_beta":false,"boss_relics":[{"not_picked":["halation:MonkeysPaw","ReplayTheSpireMod:DimensionalGlitch","jedi:battlestandard"]},{"not_picked":["SacredBark","conspire:RunicOctahedron"],"picked":"beaked:SacredDeck"},{"not_picked":["Honey Jar","Runic Dome"],"picked":"Replay:Grab Bag"},{"not_picked":["conspire:SeveredTorchhead","Runesmith:UraniumAnvil"],"picked":"Philosopher\u0027s Stone"},{"not_picked":["jedi:paperlyon","Velvet Choker"],"picked":"jedi:hotpepper"},{"not_picked":["halation:PinkAlligatorPlush","halation:HeavySnake"],"picked":"aspiration:MobileForge"},{"not_picked":["Pandora\u0027s Box","aspiration:RunicSpoon"],"picked":"construct:ClawGrip"},{"not_picked":["Pandora\u0027s Box","infinitespire:Cupcake"],"picked":"jedi:paperlyon"},{"not_picked":["Runesmith:UraniumAnvil","Replay:Fungal Core"],"picked":"Coffee Dripper"},{"not_picked":["Cursed Key","ReplayTheSpireMod:DimensionalGlitch","Astrolabe"]},{"not_picked":["SacredBark","aspiration:PoetsPen_weak"],"picked":"Painkiller Herb"},{"not_picked":["jedi:battlestandard","Sozu"],"picked":"Calling Bell"},{"not_picked":["Replay:Drink Me","Astrolabe"],"picked":"aspiration:SecretTechniqueScroll"}],"items_purged_floors":[4,4,37,55,81,131],"is_endless":true,"potions_floor_spawned":[1,6,11,18,27,28,36,41,45,47,63,74,80,82,84,88,93,95,101,108,116,118,121,123,129,133,138,139,146,147,148,152,157],"ascension_level":0}}