{"host":"ty2cix8xj6r3ad26","time":1608845241,"event":{"mods":["AchievementEnabler","BaseMod","BetterRewards","Minty Spire (QoL Compilation)","StSLib","SuperFastMode"],"gold_per_floor":[110,110,60,80,91,91,111,111,111,141,141,152,152,162,162,266,266,279,299,73,73,88,119,119,151,151,151,151,151],"floor_reached":28,"playtime":1813,"items_purged":["Defend_B"],"score":465,"play_id":"feb5198f-3b68-4232-855d-6a08789cdb6e","local_time":"20201224232721","is_ascension_mode":true,"campfire_choices":[{"data":"Glacier","floor":6,"key":"SMITH"},{"data":"Zap","floor":8,"key":"SMITH"},{"data":"Barrage","floor":13,"key":"SMITH"},{"data":"Coolheaded","floor":15,"key":"SMITH"},{"floor":24,"key":"RECALL"},{"data":"Leap","floor":27,"key":"SMITH"}],"circlet_count":0,"master_deck":["Strike_B","Strike_B","Strike_B","Defend_B","Defend_B","Zap+1","Dualcast+1","Leap+1","Glacier+1","Cold Snap","Barrage+1","Coolheaded+1","Chill","Conserve Battery+1"],"relics":["Cracked Core","Lizard Tail","MealTicket","Gremlin Horn","Black Star","Tiny Chest","Nunchaku","Bottled Flame","Toxic Egg 2","Meat on the Bone"],"acts_visited":["Exordium","TheCity"],"potions_floor_usage":[7,10,16,23,23],"damage_taken":[{"damage":1,"enemies":"Jaw Worm","floor":1,"turns":4},{"damage":0,"enemies":"Small Slimes","floor":4,"turns":3},{"damage":0,"enemies":"2 Louse","floor":5,"turns":2},{"damage":11,"enemies":"Exordium Thugs","floor":7,"turns":6},{"damage":22,"enemies":"3 Sentries","floor":10,"turns":20},{"damage":7,"enemies":"Exordium Wildlife","floor":12,"turns":6},{"damage":0,"enemies":"Blue Slaver","floor":14,"turns":2},{"damage":1,"enemies":"Slime Boss","floor":16,"turns":9},{"damage":0,"enemies":"Spheric Guardian","floor":18,"turns":3},{"damage":0,"enemies":"3 Byrds","floor":19,"turns":5},{"damage":7,"enemies":"Centurion and Healer","floor":22,"turns":10},{"damage":30,"enemies":"Slavers","floor":23,"turns":9},{"damage":50,"enemies":"Gremlin Leader","floor":25,"turns":12},{"damage":47,"enemies":"Slavers","floor":28,"turns":4}],"seed_played":"-6054941089715034211","potions_obtained":[{"floor":4,"key":"PotionOfCapacity"},{"floor":7,"key":"SpeedPotion"},{"floor":10,"key":"Strength Potion"},{"floor":16,"key":"Swift Potion"},{"floor":22,"key":"SteroidPotion"}],"is_trial":false,"path_per_floor":["M","?","?","M","M","R","M","R","T","E","?","M","R","M","R","B",null,"M","M","$","?","M","E","R","E","T","R","E"],"character_chosen":"DEFECT","items_purchased":["Tiny Chest"],"campfire_rested":0,"item_purchase_floors":[20],"current_hp_per_floor":[56,49,49,49,49,49,38,38,38,16,41,34,34,34,34,33,65,65,65,75,75,68,38,38,37,37,37,0,0],"gold":151,"neow_bonus":"","is_daily":false,"chose_seed":false,"campfire_upgraded":5,"win_rate":0.0,"timestamp":1608845241,"path_taken":["M","?","?","M","M","R","M","R","T","E","?","M","R","M","R","BOSS","M","M","$","?","?","E","R","E","T","R","E"],"items_purchased_type":["Relic"],"build_version":"2020-12-22","purchased_purges":1,"victory":false,"max_hp_per_floor":[75,75,75,75,75,75,75,75,75,75,75,75,75,75,75,75,75,75,75,75,75,75,75,75,75,75,75,75,75],"card_choices":[{"not_picked":["Turbo","Cold Snap"],"picked":"Leap","floor":1},{"not_picked":["Ball Lightning","Steam Power"],"picked":"Glacier","floor":4},{"not_picked":["Turbo","FTL"],"picked":"Cold Snap","floor":5},{"not_picked":["Rip and Tear","Redo","Go for the Eyes"],"picked":"SKIP","floor":7},{"not_picked":["Beam Cell","Rebound","Hologram"],"picked":"SKIP","floor":10},{"not_picked":["Meteor Strike","Gash"],"picked":"Barrage","floor":12},{"not_picked":["Undo","Cold Snap"],"picked":"Coolheaded","floor":14},{"not_picked":["Sweeping Beam","Leap","Redo"],"picked":"SKIP","floor":18},{"not_picked":["Streamline","Fission"],"picked":"Chill","floor":19},{"not_picked":["Tempest","Go for the Eyes","Turbo+1"],"picked":"SKIP","floor":22},{"not_picked":["Scrape","Auto Shields","Fusion"],"picked":"SKIP","floor":23},{"not_picked":["Steam+1","FTL"],"picked":"Conserve Battery+1","floor":25}],"player_experience":388387,"relics_obtained":[{"floor":9,"key":"MealTicket"},{"floor":10,"key":"Gremlin Horn"},{"floor":23,"key":"Nunchaku"},{"floor":23,"key":"Bottled Flame"},{"floor":25,"key":"Toxic Egg 2"},{"floor":25,"key":"Meat on the Bone"}],"event_choices":[{"cards_removed":["Strike_B"],"damage_healed":0,"gold_gain":0,"player_choice":"Card Removal","damage_taken":7,"max_hp_gain":0,"max_hp_loss":0,"event_name":"Golden Wing","floor":2,"gold_loss":0},{"cards_removed":["Defend_B"],"damage_healed":0,"gold_gain":0,"player_choice":"Card Removal","damage_taken":0,"max_hp_gain":0,"max_hp_loss":0,"event_name":"The Cleric","floor":3,"gold_loss":50},{"damage_healed":25,"gold_gain":0,"player_choice":"Banana","damage_taken":0,"max_hp_gain":0,"max_hp_loss":0,"event_name":"Big Fish","floor":11,"gold_loss":0},{"damage_healed":0,"gold_gain":0,"player_choice":"Upgraded","damage_taken":0,"max_hp_gain":0,"max_hp_loss":0,"event_name":"Upgrade Shrine","floor":21,"gold_loss":0,"cards_upgraded":["Dualcast"]}],"is_beta":false,"boss_relics":[{"not_picked":["Velvet Choker","Nuclear Battery"],"picked":"Black Star"}],"items_purged_floors":[20],"is_endless":false,"potions_floor_spawned":[4,7,10,16,22],"killed_by":"Slavers","ascension_level":6}}