{"host":"ci7ivtocgfxh0ueo","time":1608810799,"event":{"mods":["BaseMod","GifTheSpireLib","Minty Spire (QoL Compilation)","StSLib"],"gold_per_floor":[111,111,111,186,200,234,234,266,278,308,320,332,43,18,18,89,89,103,113,113,113,38,38,0,0,0,16,16,16,31,31,31,31,31],"floor_reached":33,"playtime":684,"items_purged":["Writhe"],"score":507,"play_id":"92698252-ec64-4b68-9336-542d5079b320","local_time":"20201224195319","is_ascension_mode":true,"campfire_choices":[{"floor":7,"key":"REST"},{"floor":15,"key":"REST"},{"data":"After Image","floor":23,"key":"SMITH"},{"data":"Noxious Fumes","floor":28,"key":"SMITH"},{"data":"Survivor","floor":29,"key":"SMITH"},{"floor":32,"key":"REST"}],"circlet_count":0,"master_deck":["AscendersBane","Strike_G+1","Strike_G","Strike_G","Strike_G","Strike_G","Defend_G","Defend_G","Defend_G","Defend_G","Defend_G","Survivor+1","Neutralize+1","Noxious Fumes+1","Masterful Stab","Bane","Predator","Noxious Fumes+1","Bane","After Image+1","CurseOfTheBell","Backflip","Noxious Fumes","Shame"],"relics":["Ring of the Snake","NeowsBlessing","Blue Candle","MawBank","Happy Flower","Pen Nib","Snake Skull","Calling Bell","Juzu Bracelet","Meat on the Bone","Girya","Singing Bowl","WingedGreaves","Ninja Scroll"],"acts_visited":["Exordium","TheCity"],"potions_floor_usage":[8,16,16,18,27,30,33],"damage_taken":[{"damage":0,"enemies":"Cultist","floor":1,"turns":1},{"damage":0,"enemies":"Small Slimes","floor":5,"turns":1},{"damage":0,"enemies":"Lagavulin","floor":6,"turns":2},{"damage":16,"enemies":"3 Sentries","floor":8,"turns":7},{"damage":2,"enemies":"Jaw Worm","floor":10,"turns":3},{"damage":21,"enemies":"The Guardian","floor":16,"turns":9},{"damage":29,"enemies":"3 Byrds","floor":18,"turns":5},{"damage":0,"enemies":"Chosen","floor":19,"turns":5},{"damage":0,"enemies":"Centurion and Healer","floor":27,"turns":5},{"damage":34,"enemies":"Snake Plant","floor":30,"turns":5},{"damage":69,"enemies":"Collector","floor":33,"turns":6}],"seed_played":"-2419076778648589828","potions_obtained":[{"floor":1,"key":"Swift Potion"},{"floor":10,"key":"Explosive Potion"},{"floor":16,"key":"Poison Potion"},{"floor":18,"key":"EssenceOfSteel"},{"floor":27,"key":"BlessingOfTheForge"},{"floor":30,"key":"SpeedPotion"}],"is_trial":false,"path_per_floor":["M","?","?","?","M","E","R","E","T","M","$","?","$","$","R","B",null,"M","M","?","?","$","R","?","$","T","M","R","R","M","?","R","B"],"character_chosen":"THE_SILENT","items_purchased":["Snake Skull","PowerPotion","Noxious Fumes","Bane"],"campfire_rested":3,"item_purchase_floors":[13,13,13,14],"current_hp_per_floor":[59,59,39,28,28,28,47,31,31,29,29,24,24,24,43,22,55,38,38,38,51,51,51,51,51,51,53,53,53,31,31,51,0,0],"gold":31,"neow_bonus":"THREE_ENEMY_KILL","is_daily":false,"chose_seed":false,"campfire_upgraded":3,"win_rate":0.0,"timestamp":1608810799,"path_taken":["M","?","?","?","M","E","R","E","T","M","?","?","?","$","R","BOSS","M","M","?","?","$","R","?","$","T","M","R","R","M","?","R","BOSS"],"items_purchased_type":["Relic","Potion","Card","Card"],"build_version":"2020-12-22","purchased_purges":1,"victory":false,"max_hp_per_floor":[66,66,66,66,66,66,66,66,66,66,66,66,66,66,66,66,66,66,66,66,66,66,66,66,66,66,68,68,68,68,68,68,68,68],"card_choices":[{"not_picked":["Well Laid Plans","Deflect"],"picked":"Noxious Fumes","floor":1},{"not_picked":["Blade Dance","Backflip"],"picked":"Masterful Stab","floor":5},{"not_picked":["Accuracy","Flying Knee"],"picked":"Bane","floor":6},{"not_picked":["Backflip","Blade Dance","Malaise"],"picked":"SKIP","floor":8},{"not_picked":["Flying Knee","Masterful Stab"],"picked":"Predator","floor":10},{"not_picked":["Envenom","Doppelganger"],"picked":"After Image","floor":16},{"not_picked":["Slice","Dodge and Roll"],"picked":"Backflip","floor":18},{"not_picked":["Dodge and Roll","Dagger Spray","Underhanded Strike"],"picked":"SKIP","floor":19},{"not_picked":["Deflect","Deadly Poison","Crippling Poison"],"picked":"Singing Bowl","floor":27},{"not_picked":["Riddle With Holes","Finisher"],"picked":"Noxious Fumes","floor":30}],"player_experience":1287404,"relics_obtained":[{"floor":6,"key":"Blue Candle"},{"floor":8,"key":"MawBank"},{"floor":9,"key":"Happy Flower"},{"floor":17,"key":"Juzu Bracelet"},{"floor":17,"key":"Meat on the Bone"},{"floor":17,"key":"Girya"},{"floor":26,"key":"WingedGreaves"}],"event_choices":[{"damage_healed":0,"gold_gain":0,"player_choice":"Grow","damage_taken":0,"max_hp_gain":0,"max_hp_loss":0,"event_name":"Living Wall","floor":2,"gold_loss":0,"cards_upgraded":["Noxious Fumes"]},{"damage_healed":0,"gold_gain":0,"player_choice":"Entered Light","damage_taken":20,"max_hp_gain":0,"max_hp_loss":0,"event_name":"Shining Light","floor":3,"gold_loss":0,"cards_upgraded":["Neutralize","Strike_G"]},{"damage_healed":0,"gold_gain":75,"player_choice":"Gather Gold","damage_taken":11,"max_hp_gain":0,"max_hp_loss":0,"event_name":"World of Goop","floor":4,"gold_loss":0},{"damage_healed":0,"gold_gain":0,"player_choice":"Success","damage_taken":5,"relics_obtained":["Pen Nib"],"max_hp_gain":0,"max_hp_loss":0,"event_name":"Scrap Ooze","floor":12,"gold_loss":0},{"damage_healed":0,"gold_gain":0,"player_choice":"Opened","damage_taken":0,"relics_obtained":["Singing Bowl"],"max_hp_gain":0,"max_hp_loss":0,"event_name":"The Mausoleum","floor":20,"gold_loss":0,"cards_obtained":["Writhe"]},{"damage_healed":13,"gold_gain":0,"player_choice":"Heal","damage_taken":0,"max_hp_gain":0,"max_hp_loss":0,"event_name":"The Library","floor":21,"gold_loss":0},{"damage_healed":0,"gold_gain":0,"player_choice":"Paid Fearfully","damage_taken":0,"max_hp_gain":0,"max_hp_loss":0,"event_name":"Masked Bandits","floor":24,"gold_loss":38},{"damage_healed":0,"gold_gain":0,"player_choice":"Stole Relic","damage_taken":0,"relics_obtained":["Ninja Scroll"],"max_hp_gain":0,"max_hp_loss":0,"event_name":"Addict","floor":31,"gold_loss":0,"cards_obtained":["Shame"]}],"is_beta":false,"boss_relics":[{"not_picked":["Astrolabe","Empty Cage"],"picked":"Calling Bell"}],"items_purged_floors":[22],"is_endless":false,"potions_floor_spawned":[1,10,16,18,27,30],"killed_by":"Collector","ascension_level":17}}