{"host":"diy71vlueofrnn1o","time":1608807539,"event":{"mods":["2.2 Compatiblity","AchievementEnabler","BaseMod","Best Route Mod","Colored Map","Curses Come First","DeckTracker","Minty Spire (QoL Compilation)","Quick Restart","Rare Cards Sparkle","StSLib","SuperFastMode"],"gold_per_floor":[113,113,15,28,46,46,56,85,164,12,26,54,54,65,65,167,167,185,199,169,182,182,214,214,243,268,287,307,338,338,266,266,266,266],"floor_reached":33,"playtime":1216,"items_purged":["Pain"],"score":495,"play_id":"1a357696-caec-4420-a433-4abe4c4efd1c","local_time":"20201224115859","is_ascension_mode":true,"campfire_choices":[{"data":"Footwork","floor":6,"key":"SMITH"},{"data":"1","floor":15,"key":"LIFT"},{"data":"2","floor":24,"key":"LIFT"},{"floor":30,"key":"REST"},{"data":"3","floor":32,"key":"LIFT"}],"circlet_count":0,"master_deck":["Strike_G","Strike_G","Strike_G","Strike_G","Strike_G","Defend_G","Defend_G","Defend_G+1","Defend_G","Defend_G","Survivor","Neutralize","Flying Knee","Flying Knee","Footwork+1","Backstab","Dagger Throw","Tactician","Leg Sweep+1","Die Die Die","Terror","Deflect+1","Finisher+1","Choke","Reflex+1"],"relics":["Ring of the Serpent","NeowsBlessing","WarpedTongs","Girya","Question Card","Vajra","Art of War","Blue Candle","Boot","Bottled Lightning","Bronze Scales","Oddly Smooth Stone","HornCleat"],"acts_visited":["Exordium","TheCity"],"potions_floor_usage":[7,16,19,19,21,23,23,29,29],"damage_taken":[{"damage":0,"enemies":"Jaw Worm","floor":1,"turns":1},{"damage":0,"enemies":"Cultist","floor":4,"turns":1},{"damage":0,"enemies":"2 Louse","floor":5,"turns":1},{"damage":6,"enemies":"Gremlin Gang","floor":7,"turns":4},{"damage":20,"enemies":"Lagavulin","floor":8,"turns":6},{"damage":6,"enemies":"2 Fungi Beasts","floor":11,"turns":4},{"damage":7,"enemies":"3 Sentries","floor":12,"turns":6},{"damage":0,"enemies":"3 Louse","floor":14,"turns":3},{"damage":0,"enemies":"Slime Boss","floor":16,"turns":7},{"damage":10,"enemies":"3 Byrds","floor":18,"turns":5},{"damage":2,"enemies":"Shell Parasite","floor":19,"turns":4},{"damage":1,"enemies":"3 Cultists","floor":21,"turns":5},{"damage":10,"enemies":"Gremlin Leader","floor":23,"turns":6},{"damage":8,"enemies":"Book of Stabbing","floor":25,"turns":5},{"damage":11,"enemies":"Centurion and Healer","floor":27,"turns":5},{"damage":0,"enemies":"Snake Plant","floor":28,"turns":2},{"damage":23,"enemies":"Slavers","floor":29,"turns":3},{"damage":40,"enemies":"Champ","floor":33,"turns":10}],"seed_played":"1178100047835651568","potions_obtained":[{"floor":5,"key":"CunningPotion"},{"floor":8,"key":"Fire Potion"},{"floor":11,"key":"Energy Potion"},{"floor":16,"key":"Swift Potion"},{"floor":19,"key":"Poison Potion"},{"floor":20,"key":"FairyPotion"},{"floor":20,"key":"DuplicationPotion"},{"floor":21,"key":"AttackPotion"},{"floor":23,"key":"ColorlessPotion"},{"floor":27,"key":"Strength Potion"}],"is_trial":false,"path_per_floor":["M","?","$","M","M","R","M","E","T","$","M","E","?","M","R","B",null,"M","M","?","M","?","E","R","E","T","M","M","E","R","?","R","B"],"character_chosen":"THE_SILENT","items_purchased":["Flying Knee","Vajra"],"campfire_rested":1,"item_purchase_floors":[3,10],"current_hp_per_floor":[63,63,63,63,63,63,57,37,37,37,31,24,10,10,10,10,55,45,43,43,42,42,32,32,24,24,13,13,14,35,35,35,0,0],"gold":266,"neow_bonus":"THREE_ENEMY_KILL","is_daily":false,"chose_seed":false,"campfire_upgraded":1,"win_rate":0.0,"timestamp":1608807539,"path_taken":["M","?","$","?","M","R","M","E","T","?","M","E","?","M","R","BOSS","M","M","?","?","?","E","R","E","T","M","M","E","R","?","R","BOSS"],"items_purchased_type":["Card","Relic"],"build_version":"2020-12-22","purchased_purges":1,"victory":false,"max_hp_per_floor":[70,70,70,70,70,70,70,70,70,70,70,70,70,70,70,70,70,70,70,70,70,70,70,70,70,70,70,70,70,70,70,70,70,70],"card_choices":[{"not_picked":["PiercingWail","Slice"],"picked":"Flying Knee","floor":1},{"not_picked":["Flying Knee","Prepared"],"picked":"Footwork","floor":4},{"not_picked":["Choke","Outmaneuver"],"picked":"Backstab","floor":5},{"not_picked":["Dodge and Roll","Noxious Fumes"],"picked":"Dagger Throw","floor":7},{"not_picked":["Underhanded Strike","Endless Agony","Storm of Steel"],"picked":"SKIP","floor":8},{"not_picked":["Dagger Throw","Outmaneuver","Quick Slash"],"picked":"Tactician","floor":11},{"not_picked":["Masterful Stab","Setup","Backflip"],"picked":"Leg Sweep","floor":12},{"not_picked":["Prepared","Underhanded Strike","Backflip","Well Laid Plans"],"picked":"SKIP","floor":14},{"not_picked":["Doppelganger","Wraith Form v2","Unload"],"picked":"Die Die Die","floor":16},{"not_picked":["Tactician","Blade Dance","Accuracy"],"picked":"Terror","floor":18},{"not_picked":["Dodge and Roll","Sucker Punch","Blade Dance","Prepared"],"picked":"SKIP","floor":19},{"not_picked":["Backflip","Dodge and Roll+1","PiercingWail+1"],"picked":"Deflect+1","floor":21},{"not_picked":["Backflip","Expertise","Deadly Poison"],"picked":"Finisher+1","floor":23},{"not_picked":["Dash","Blade Dance","Dagger Throw"],"picked":"Choke","floor":25},{"not_picked":["Skewer","Deflect","Prepared","Accuracy"],"picked":"SKIP","floor":27},{"not_picked":["Bane","Slice","Outmaneuver+1","Escape Plan"],"picked":"SKIP","floor":28},{"not_picked":["Bouncing Flask+1","Slice+1","Riddle With Holes"],"picked":"Reflex+1","floor":29}],"player_experience":390554,"relics_obtained":[{"floor":8,"key":"Girya"},{"floor":9,"key":"Question Card"},{"floor":12,"key":"Art of War"},{"floor":23,"key":"Boot"},{"floor":25,"key":"Bottled Lightning"},{"floor":26,"key":"Bronze Scales"},{"floor":29,"key":"Oddly Smooth Stone"}],"event_choices":[{"damage_healed":0,"gold_gain":0,"player_choice":"Rummage","damage_taken":0,"relics_obtained":["WarpedTongs"],"max_hp_gain":0,"max_hp_loss":0,"event_name":"Accursed Blacksmith","floor":2,"gold_loss":0,"cards_obtained":["Pain"]},{"damage_healed":0,"gold_gain":0,"player_choice":"Entered Light","damage_taken":14,"max_hp_gain":0,"max_hp_loss":0,"event_name":"Shining Light","floor":13,"gold_loss":0,"cards_upgraded":["Defend_G","Leg Sweep"]},{"damage_healed":0,"gold_gain":0,"player_choice":"Bought 2 Potions","damage_taken":0,"max_hp_gain":0,"max_hp_loss":0,"event_name":"The Woman in Blue","floor":20,"gold_loss":0},{"damage_healed":0,"gold_gain":0,"player_choice":"Opened","damage_taken":0,"relics_obtained":["Blue Candle"],"max_hp_gain":0,"max_hp_loss":0,"event_name":"The Mausoleum","floor":22,"gold_loss":0},{"damage_healed":0,"gold_gain":0,"player_choice":"Paid Gold","damage_taken":0,"relics_obtained":["HornCleat"],"max_hp_gain":0,"max_hp_loss":0,"event_name":"WeMeetAgain","floor":31,"gold_loss":72}],"is_beta":false,"boss_relics":[{"not_picked":["Velvet Choker","Runic Dome"],"picked":"Ring of the Serpent"}],"items_purged_floors":[3],"is_endless":false,"potions_floor_spawned":[5,8,11,16,19,21,23,27],"killed_by":"Champ","ascension_level":7}}