{"host":"cp5jenm8mmpif3zo","time":1608803992,"event":{"mods":["Act Like it!","Aspiration","BaseMod","BetterRewards","Colored Map","Conspire","Energized Spire","FTL Soundtrack","Friendly Minions","Gensokyo","Halation","Highlight Path","Hubris","Kiyohime????","Koishi","Marisa????????","Minty Spire (QoL Compilation)","Pikachu Mod","Prisma Mod","Quick Restart","Railgun Mod","Random Character Button","Replay The Spire","Shop Mod","Spikes Relics","StSLib","The IronCluck","TheHero","Yuyuko","vexMod"],"gold_per_floor":[118,135,135,135,149,149,149,164,214,227,227,238,238,268,268,372,422,436,686,700,445,457,457,457,457],"floor_reached":24,"playtime":977,"items_purged":["TheRailgun:Push+1"],"score":198,"play_id":"dc8b2bd0-fdf3-458f-9a8b-b9902f000af9","local_time":"20201224035952","is_ascension_mode":false,"campfire_choices":[{"data":"TheRailgun:Discharge","floor":6,"key":"SMITH"},{"data":"TheRailgun:Oneesama","floor":11,"key":"SMITH"},{"floor":13,"key":"REST"},{"data":"TheRailgun:Oneesama","floor":15,"key":"SMITH"},{"floor":23,"key":"REST"}],"circlet_count":0,"master_deck":["TheRailgun:Strike+1","TheRailgun:Strike","TheRailgun:Strike","TheRailgun:Defend","TheRailgun:Defend","TheRailgun:Defend","TheRailgun:Discharge+1","TheRailgun:Static","TheRailgun:Oneesama+1","TheRailgun:Oneesama+1","TheRailgun:Heroinism","Secret Technique"],"relics":["TheRailgun:CoinRelic","NeowsBlessing","hubris:Towel","Lantern","Replay:Kaleidoscope","Tiny House"],"acts_visited":["Exordium","Gensokyo:Gensokyo"],"potions_floor_usage":[16,18,20],"damage_taken":[{"damage":0,"enemies":"Gensokyo:Gryphon","floor":1,"turns":1},{"damage":0,"enemies":"Gensokyo:3_Fairies","floor":2,"turns":1},{"damage":0,"enemies":"Gensokyo:2_Kodama","floor":5,"turns":1},{"damage":2,"enemies":"Gensokyo:VengefulSpirit","floor":8,"turns":5},{"damage":3,"enemies":"Gensokyo:Python_and_Kodama","floor":10,"turns":4},{"damage":8,"enemies":"Gensokyo:5_Fairies","floor":12,"turns":4},{"damage":2,"enemies":"Gensokyo:Cirno","floor":14,"turns":6},{"damage":21,"enemies":"Gensokyo:Kokoro","floor":16,"turns":9},{"damage":22,"enemies":"Gensokyo:3_Dogs","floor":18,"turns":6},{"damage":7,"enemies":"Gensokyo:CosmicMonolith","floor":20,"turns":4},{"damage":49,"enemies":"Gensokyo:Slime_Group","floor":22,"turns":6},{"damage":40,"enemies":"Gensokyo:Chomper_and_Gloop","floor":24,"turns":4}],"seed_played":"4654578659361829093","potions_obtained":[{"floor":2,"key":"EssenceOfSteel"},{"floor":16,"key":"BlessingOfTheForge"},{"floor":17,"key":"Regen Potion"},{"floor":18,"key":"AttackPotion"}],"is_trial":false,"path_per_floor":["M","M","?","?","M","R","?","M","T","M","R","M","R","E","R","B",null,"M","?","M","$","M","R","M"],"character_chosen":"THE_DEFAULT","items_purchased":["Secret Technique"],"campfire_rested":2,"item_purchase_floors":[21],"current_hp_per_floor":[70,70,70,70,70,70,42,40,40,37,37,29,50,48,48,27,75,67,67,60,60,11,32,0,0],"gold":457,"neow_bonus":"THREE_ENEMY_KILL","is_daily":false,"chose_seed":false,"campfire_upgraded":3,"win_rate":0.0,"timestamp":1608803992,"path_taken":["M","M","?","?","?","R","?","M","T","?","R","M","R","E","R","BOSS","M","?","M","$","M","R","M"],"items_purchased_type":["Card"],"build_version":"2020-12-22","purchased_purges":1,"victory":false,"max_hp_per_floor":[70,70,70,70,70,70,70,70,70,70,70,70,70,70,70,70,75,75,71,71,71,71,71,71,71],"card_choices":[{"not_picked":["TheRailgun:Sister_Network","TheRailgun:Iron_Dust_Vial","TheRailgun:Electrical_Fire"],"picked":"SKIP","floor":1},{"not_picked":["TheRailgun:Iron_Dust_Vial","TheRailgun:Lightningbolt","TheRailgun:Discharge"],"picked":"SKIP","floor":2},{"not_picked":["TheRailgun:Scatter_Railgun","TheRailgun:Negative_Field","TheRailgun:Biribiri"],"picked":"SKIP","floor":5},{"not_picked":["TheRailgun:Electrical_Storm","TheRailgun:Token_Collection"],"picked":"TheRailgun:Oneesama","floor":8},{"not_picked":["TheRailgun:Static","TheRailgun:Gekota_Phone","TheRailgun:Hypercharge"],"picked":"SKIP","floor":10},{"not_picked":["TheRailgun:Spark","TheRailgun:Gekotamania","TheRailgun:Hypercharge"],"picked":"SKIP","floor":12},{"not_picked":["TheRailgun:Electrical_Storm","TheRailgun:Thunder"],"picked":"TheRailgun:Oneesama","floor":14},{"not_picked":["TheRailgun:Teleporter","TheRailgun:Static"],"picked":"TheRailgun:Heroinism","floor":17},{"not_picked":["TheRailgun:Mental_Out+1","TheRailgun:Thunderbolt+1"],"picked":"TheRailgun:Push+1","floor":18},{"not_picked":["TheRailgun:Iron_Dust_Sword","TheRailgun:Token_Collection","TheRailgun:Stun_Shock"],"picked":"SKIP","floor":20},{"not_picked":["TheRailgun:Sister_Noise","TheRailgun:Aerial_Shot","TheRailgun:Thunderjolt"],"picked":"SKIP","floor":22}],"player_experience":256782,"relics_obtained":[{"floor":9,"key":"Lantern"},{"floor":14,"key":"Replay:Kaleidoscope"}],"event_choices":[],"is_beta":false,"boss_relics":[{"not_picked":["Runic Pyramid","halation:PinkAlligatorPlush"],"picked":"Tiny House"}],"items_purged_floors":[21],"is_endless":false,"potions_floor_spawned":[2,16,18],"killed_by":"Gensokyo:Chomper_and_Gloop","ascension_level":0}}