{"host":"m1rjttoroz33xrz1","time":1608786848,"event":{"mods":["BaseMod","Colored Map","Downfall","Hermit","Mad Scientist","Marisa????????","Minty Spire (QoL Compilation)","StSLib","The Construct","The Cursed","The Druid","The Jungle","The Servant 0.9.4"],"gold_per_floor":[99,118,136,151,251,80,80,65,65,76,106,91,102,128,146,246,246,246,256,356,456,148,183,183,194,222,240,30,61,76,104,115,218,218,143,190,205,218,234,234,234,252,252,252,29,55,55,71,89,89],"floor_reached":51,"playtime":22661,"items_purged":["Guardian:Strike_Guardian"],"score":1026,"play_id":"43d61243-80b9-43b4-9085-059f58cbc821","local_time":"20201224001408","is_ascension_mode":true,"campfire_choices":[{"data":"Guardian:TwinSlam","floor":1.0,"key":"SMITH"},{"floor":9.0,"key":"REST"},{"data":"Guardian:PrismaticBeam","floor":18.0,"key":"SMITH"},{"data":"1","floor":35.0,"key":"LIFT"},{"data":"2","floor":40,"key":"LIFT"},{"data":"3","floor":43,"key":"LIFT"},{"data":"Guardian:SphericShield","floor":47,"key":"SMITH"}],"circlet_count":0,"master_deck":["Guardian:Strike_Guardian","Guardian:Strike_Guardian","Guardian:Strike_Guardian+1","Guardian:Defend_Guardian","Guardian:Defend_Guardian","Guardian:Defend_Guardian","Guardian:Defend_Guardian","Guardian:CurlUp","Guardian:TwinSlam+1","Guardian:BronzeArmor","Guardian:DecasProtection","Guardian:BronzeArmor","Guardian:ShieldCharger","Guardian:BronzeArmor","Guardian:BronzeOrb+1","Guardian:PrismaticBeam+1","Guardian:SphericShield+1","Guardian:Gem_Cyan","Guardian:ChargeUp","Guardian:FierceBash+1","Guardian:PrismaticBeam+1","Guardian:WalkerClaw+1","Guardian:TemporalStrike+1","Guardian:GuardianWhirl+1","Apotheosis+1","Guardian:ChargeCore+1","Guardian:Gem_Green","CurseOfTheBell","Guardian:RollAttack+1","Guardian:SentryBeam+1","Guardian:Gem_Cyan","Guardian:Gem_Red","Guardian:Repulse","Guardian:Gem_Yellow","Guardian:MultiBeam+1","Guardian:TemporalShield+1"],"relics":["Guardian:ModeShifter","downfall:GremlinWheel","Lantern","Singing Bowl","Guardian:PocketSentry","Ice Cream","Runic Pyramid","Gambling Chip","Molten Egg 2","downfall:GremlinWheel","Vajra","Orrery","Boot","Girya","Toy Ornithopter","Matryoshka","Whetstone","Calling Bell","Anchor","Mummified Hand","Dead Branch","downfall:HeartBlessingGreen","Incense Burner","Regal Pillow","Pantograph","Bag of Preparation","TungstenRod"],"acts_visited":["Exordium","TheCity","TheBeyond"],"potions_floor_usage":[50],"damage_taken":[{"damage":0.0,"enemies":"2 Louse","floor":2.0,"turns":2.0},{"damage":0.0,"enemies":"Cultist","floor":3.0,"turns":4.0},{"damage":0.0,"enemies":"Small Slimes","floor":4.0,"turns":3.0},{"damage":34.0,"enemies":"Small Slimes","floor":5.0,"turns":6.0},{"damage":0.0,"enemies":"downfall:FleeingMerchant","floor":6.0,"turns":4.0},{"damage":0.0,"enemies":"downfall:FleeingMerchant","floor":8.0,"turns":4.0},{"damage":5.0,"enemies":"Exordium Wildlife","floor":10.0,"turns":5.0},{"damage":18.0,"enemies":"3 Sentries","floor":11.0,"turns":10.0},{"damage":0.0,"enemies":"downfall:FleeingMerchant","floor":12.0,"turns":4.0},{"damage":0.0,"enemies":"Red Slaver","floor":13.0,"turns":3.0},{"damage":7.0,"enemies":"Gremlin Nob","floor":14.0,"turns":6.0},{"damage":0.0,"enemies":"Exordium Thugs","floor":15.0,"turns":4.0},{"damage":13.0,"enemies":"downfall:Silent","floor":16.0,"turns":12.0},{"damage":1.0,"enemies":"Shell Parasite","floor":19.0,"turns":6.0},{"damage":0.0,"enemies":"downfall:Ironclad","floor":20.0,"turns":8.0},{"damage":0.0,"enemies":"downfall:Ironclad","floor":21.0,"turns":5.0},{"damage":0.0,"enemies":"downfall:FleeingMerchant","floor":22.0,"turns":4.0},{"damage":6.0,"enemies":"Slavers","floor":23.0,"turns":5.0},{"damage":0.0,"enemies":"Spheric Guardian","floor":25.0,"turns":3.0},{"damage":7.0,"enemies":"Book of Stabbing","floor":26.0,"turns":6.0},{"damage":3.0,"enemies":"3 Cultists","floor":27.0,"turns":5.0},{"damage":1.0,"enemies":"downfall:FleeingMerchant","floor":28.0,"turns":4.0},{"damage":1.0,"enemies":"Slavers","floor":29.0,"turns":4.0},{"damage":0.0,"enemies":"Centurion and Healer","floor":30.0,"turns":6.0},{"damage":0.0,"enemies":"Book of Stabbing","floor":31.0,"turns":6.0},{"damage":0.0,"enemies":"Snake Plant","floor":32.0,"turns":2.0},{"damage":0.0,"enemies":"downfall:Defect","floor":33.0,"turns":8.0},{"damage":0.0,"enemies":"2 Orb Walkers","floor":36.0,"turns":4.0},{"damage":0,"enemies":"Orb Walker","floor":37,"turns":3},{"damage":0,"enemies":"3 Shapes","floor":38,"turns":1},{"damage":0,"enemies":"Jaw Worm Horde","floor":39,"turns":4},{"damage":0,"enemies":"Writhing Mass","floor":42,"turns":3},{"damage":0,"enemies":"downfall:FleeingMerchant","floor":45,"turns":1},{"damage":0,"enemies":"Reptomancer","floor":46,"turns":5},{"damage":0,"enemies":"Maw","floor":48,"turns":5},{"damage":0,"enemies":"Transient","floor":49,"turns":5},{"damage":35,"enemies":"downfall:Ironclad","floor":50,"turns":9}],"seed_played":"-5760110528872389687","potions_obtained":[{"floor":2.0,"key":"Swift Potion"},{"floor":3.0,"key":"LiquidBronze"},{"floor":5.0,"key":"Dexterity Potion"},{"floor":11.0,"key":"Fruit Juice"},{"floor":14.0,"key":"champ:CounterPotion"},{"floor":16.0,"key":"construct:ShiftPotion"},{"floor":19.0,"key":"Block Potion"},{"floor":20.0,"key":"EssenceOfSteel"},{"floor":23.0,"key":"Block Potion"},{"floor":29.0,"key":"SneckoOil"},{"floor":31.0,"key":"AttackPotion"},{"floor":32.0,"key":"LiquidBronze"},{"floor":33.0,"key":"GamblersBrew"}],"is_trial":false,"path_per_floor":["R","M","M","M","?","$","T","$","R","M","E","$","M","E","M","B",null,"R","M","?","?","$","E","T","M","E","M","$","E","M","E","M","B",null,"R","?","M","M","M","R","T","M","R","?","$","E","R","M","M","B",null],"character_chosen":"GUARDIAN","items_purchased":["Lantern","Vajra","Orrery","Apotheosis","Bag of Preparation","Guardian:Repulse","Guardian:Gem_Yellow","Guardian:MultiBeam+1","Regen Potion","LiquidMemories","SkillPotion"],"campfire_rested":1,"item_purchase_floors":[6,22,22,28,45,45,45,45,45,45,45],"current_hp_per_floor":[88,88,88,88,54,54,54,56,83,78,65,65,65,58,58,45,95,95,94,94,94,94,88,88,88,81,78,77,91,91,91,97,97,97,97,97,97,97,99,99,99,99,99,99,101,103,103,105,105,80],"gold":89,"neow_bonus":"TEN_PERCENT_HP_BONUS","is_daily":false,"chose_seed":false,"campfire_upgraded":3,"win_rate":0.0,"timestamp":1608786848,"path_taken":["R","M","M","M","?","$","T","?","R","?","E","?","?","E","M","BOSS","R","M","?","?","$","E","T","M","E","M","$","E","?","E","M","BOSS","R","?","M","M","M","R","T","M","R","?","$","E","R","?","M","BOSS"],"items_purchased_type":["Relic","Relic","Relic","Card","Relic","Card","Card","Card","Potion","Potion","Potion"],"build_version":"2020-12-22","purchased_purges":1,"victory":true,"max_hp_per_floor":[88,88,88,88,88,88,88,90,90,90,95,95,95,95,95,95,95,95,95,95,95,95,95,95,95,95,95,95,95,95,95,97,97,97,97,97,97,97,99,99,99,99,99,99,101,103,103,105,105,105],"card_choices":[{"not_picked":["Guardian:WalkerClaw","Guardian:TemporalShield"],"picked":"Guardian:BronzeArmor","floor":2.0},{"not_picked":["Guardian:TimeCapacitor","Guardian:Incinerate"],"picked":"Guardian:Gem_Lightblue","floor":3.0},{"not_picked":["Guardian:Gem_Red","Guardian:TemporalStrike"],"picked":"Guardian:DecasProtection","floor":4.0},{"not_picked":["Guardian:TemporalStrike","Guardian:HyperBeam_Guardian"],"picked":"Guardian:Gem_White","floor":6.0},{"not_picked":["Guardian:TemporalStrike","Guardian:VentSteam","Guardian:Clone"],"picked":"Singing Bowl","floor":8.0},{"not_picked":["Guardian:TimeBomb","Guardian:Incinerate"],"picked":"Guardian:Gem_Blue","floor":10.0},{"not_picked":["Guardian:Gem_Cyan","Guardian:Gem_Yellow"],"picked":"Guardian:BronzeArmor","floor":11.0},{"not_picked":["Guardian:Recover","Guardian:TemporalStrike"],"picked":"Guardian:ShieldCharger","floor":12.0},{"not_picked":["Guardian:Gem_Lightblue","Guardian:CrystalBeam"],"picked":"Guardian:BronzeArmor","floor":13.0},{"not_picked":["Guardian:ArmoredProtocol","Guardian:CrystalBeam"],"picked":"Guardian:BronzeOrb","floor":14.0},{"not_picked":["Guardian:Gem_White","Guardian:Gem_Crimson"],"picked":"Guardian:PrismaticBeam","floor":15.0},{"not_picked":["Guardian:StasisField","Guardian:GemFire"],"picked":"Guardian:SphericShield","floor":16.0},{"not_picked":["Guardian:BronzeArmor","Guardian:Recover"],"picked":"Guardian:Gem_Cyan","floor":19.0},{"not_picked":["Guardian:PiercingHide","Guardian:PrimingBeam+1"],"picked":"Guardian:ChargeUp","floor":20.0},{"not_picked":["Guardian:PrimingBeam+1","Guardian:BronzeOrb+1"],"picked":"Guardian:Gem_Green","floor":22.0},{"not_picked":["Guardian:Clone","Guardian:WalkerClaw+1"],"picked":"Guardian:FierceBash+1","floor":22.0},{"not_picked":["Guardian:SentryBeam+1","Guardian:Planning"],"picked":"Guardian:Gem_Blue","floor":22.0},{"not_picked":["Guardian:Gem_Red","Guardian:TimeCapacitor"],"picked":"Guardian:PrismaticBeam+1","floor":22.0},{"not_picked":["Guardian:Gem_Lightblue","Guardian:Reroute+1"],"picked":"Guardian:WalkerClaw+1","floor":22.0},{"not_picked":["Guardian:PolyBeam+1","Guardian:DonusPower"],"picked":"Guardian:Gem_Red","floor":22.0},{"not_picked":["Guardian:Recover","Guardian:Reroute+1"],"picked":"Guardian:Gem_Green","floor":23.0},{"not_picked":["Guardian:Gem_Lightblue","Guardian:Planning"],"picked":"Guardian:TemporalStrike+1","floor":25.0},{"not_picked":["Guardian:WalkerClaw+1","Guardian:VentSteam"],"picked":"Guardian:GuardianWhirl+1","floor":26.0},{"not_picked":["Guardian:DecasProtection","Guardian:RollAttack+1"],"picked":"Guardian:Gem_Blue","floor":27.0},{"not_picked":["Guardian:BronzeOrb+1","Guardian:ShieldSpikes"],"picked":"Guardian:Gem_Orange","floor":28.0},{"not_picked":["Guardian:Incinerate+1","Guardian:VentSteam"],"picked":"Guardian:ChargeCore+1","floor":29.0},{"not_picked":["Guardian:DecasProtection","Guardian:ShieldCharger"],"picked":"Guardian:Gem_Fragmented","floor":30.0},{"not_picked":["Guardian:Planning","Guardian:SphericShield"],"picked":"Guardian:Gem_Green","floor":31.0},{"not_picked":["Guardian:BronzeOrb+1","Guardian:Suspension","Guardian:PiercingHide"],"picked":"Singing Bowl","floor":32.0},{"not_picked":["Guardian:AncientConstruct","Guardian:FastForward"],"picked":"Guardian:Gem_Synthetic","floor":33.0},{"not_picked":["Guardian:TimeCapacitor","Guardian:Gem_Synthetic"],"picked":"Guardian:RollAttack+1","floor":36},{"not_picked":["Guardian:Incinerate+1","Guardian:Gem_Green"],"picked":"Guardian:SentryBeam+1","floor":37},{"not_picked":["Guardian:ChargeCore+1","Guardian:RollAttack+1"],"picked":"Guardian:Gem_Cyan","floor":38},{"not_picked":["Guardian:SentryBeam+1","Guardian:TimeCapacitor","Guardian:ChargeCore+1"],"picked":"Singing Bowl","floor":39},{"not_picked":["Guardian:TimeBomb","Guardian:PiercingHide+1"],"picked":"Guardian:Gem_Red","floor":42},{"not_picked":["Guardian:Recover+1","Guardian:Reroute+1","Guardian:CrystalBeam+1"],"picked":"Singing Bowl","floor":45},{"not_picked":["Guardian:SentryBeam+1","Guardian:StasisField","Guardian:ShieldCharger"],"picked":"Singing Bowl","floor":46},{"not_picked":["Guardian:Emergency","Guardian:ChargeCore+1","Guardian:Suspension"],"picked":"Singing Bowl","floor":48},{"not_picked":["Guardian:Preprogram+1","Guardian:ShieldCharger+1"],"picked":"Guardian:TemporalShield+1","floor":49}],"player_experience":1323985,"relics_obtained":[{"floor":5.0,"key":"downfall:GremlinWheel"},{"floor":7.0,"key":"Singing Bowl"},{"floor":11.0,"key":"Guardian:PocketSentry"},{"floor":14.0,"key":"Ice Cream"},{"floor":20.0,"key":"Gambling Chip"},{"floor":20.0,"key":"Molten Egg 2"},{"floor":21.0,"key":"downfall:GremlinWheel"},{"floor":23.0,"key":"Boot"},{"floor":24.0,"key":"Girya"},{"floor":26.0,"key":"Toy Ornithopter"},{"floor":29.0,"key":"Matryoshka"},{"floor":31.0,"key":"Whetstone"},{"floor":34.0,"key":"Anchor"},{"floor":34.0,"key":"Mummified Hand"},{"floor":34.0,"key":"Dead Branch"},{"floor":36,"key":"Incense Burner"},{"floor":41,"key":"Regal Pillow"},{"floor":41,"key":"Pantograph"},{"floor":46,"key":"TungstenRod"}],"event_choices":[{"damage_healed":0.0,"max_hp_gain":0.0,"max_hp_loss":0.0,"gold_gain":0.0,"event_name":"Mysterious Sphere","player_choice":"Fight","floor":36.0,"gold_loss":0.0,"damage_taken":0.0},{"damage_healed":0,"gold_gain":0,"player_choice":"Upgraded","damage_taken":0,"max_hp_gain":0,"max_hp_loss":0,"event_name":"Upgrade Shrine","floor":44,"gold_loss":0,"cards_upgraded":["Apotheosis"]}],"is_beta":false,"boss_relics":[{"not_picked":["Sozu","Velvet Choker"],"picked":"Runic Pyramid"},{"not_picked":["Coffee Dripper","Pandora\u0027s Box"],"picked":"Calling Bell"}],"items_purged_floors":[45],"is_endless":false,"potions_floor_spawned":[2,3,5,11,14,16,19,20,23,29,31,32,33,46,49],"ascension_level":2}}