{"host":"30jsp143e4v19aze","time":1608774463,"event":{"mods":["BaseMod","Colored Map","Colored Powertips","Curses Come First","DeckTracker","Highlight Path","Minty Spire (QoL Compilation)","Quick Restart","Relic Stats","StSLib"],"gold_per_floor":[116,133,151,164,164,164,194,204,258,258,275,37,49,61,61,134,134,146,146,146,71,85,85,122,122,122,133,133,155,181,191,191,191,191],"floor_reached":33,"playtime":2852,"items_purged":["Strike_G"],"score":546,"play_id":"74c603c4-6999-442b-b630-acbceec533b7","local_time":"20201224024743","is_ascension_mode":true,"campfire_choices":[{"data":"Neutralize","floor":6,"key":"SMITH"},{"floor":10,"key":"REST"},{"data":"Bane","floor":15,"key":"SMITH"},{"floor":23,"key":"REST"},{"floor":25,"key":"REST"},{"data":"Catalyst","floor":28,"key":"SMITH"},{"floor":32,"key":"REST"}],"circlet_count":0,"master_deck":["AscendersBane","Strike_G","Strike_G","Strike_G","Defend_G","Defend_G","Defend_G","Defend_G","Defend_G","Survivor","Neutralize+1","Footwork","Bouncing Flask+1","Flying Knee","Crippling Poison","Doppelganger","Catalyst+1","Well Laid Plans","Bane+1","Burst","Dodge and Roll","Backflip","Footwork","PiercingWail","PiercingWail+1"],"relics":["Ring of the Snake","Omamori","Oddly Smooth Stone","Akabeko","Sozu","Mercury Hourglass","CeramicFish","Bag of Preparation"],"acts_visited":["Exordium","TheCity"],"potions_floor_usage":[7,8,8,16,24],"damage_taken":[{"damage":7,"enemies":"Cultist","floor":1,"turns":5},{"damage":2,"enemies":"Jaw Worm","floor":2,"turns":5},{"damage":1,"enemies":"Small Slimes","floor":3,"turns":6},{"damage":8,"enemies":"Looter","floor":4,"turns":4},{"damage":24,"enemies":"3 Sentries","floor":7,"turns":10},{"damage":16,"enemies":"Exordium Thugs","floor":8,"turns":6},{"damage":2,"enemies":"Exordium Wildlife","floor":11,"turns":3},{"damage":5,"enemies":"3 Louse","floor":13,"turns":4},{"damage":0,"enemies":"Large Slime","floor":14,"turns":6},{"damage":10,"enemies":"Hexaghost","floor":16,"turns":10},{"damage":17,"enemies":"2 Thieves","floor":18,"turns":4},{"damage":10,"enemies":"3 Byrds","floor":22,"turns":4},{"damage":44,"enemies":"Gremlin Leader","floor":24,"turns":9},{"damage":0,"enemies":"Snake Plant","floor":27,"turns":2},{"damage":0,"enemies":"Snecko","floor":29,"turns":5},{"damage":4,"enemies":"Centurion and Healer","floor":30,"turns":5},{"damage":6,"enemies":"3 Cultists","floor":31,"turns":5},{"damage":47,"enemies":"Automaton","floor":33,"turns":8}],"seed_played":"-1560935855895051021","potions_obtained":[{"floor":1,"key":"PowerPotion"},{"floor":3,"key":"DuplicationPotion"},{"floor":7,"key":"PowerPotion"},{"floor":8,"key":"EssenceOfSteel"},{"floor":16,"key":"Explosive Potion"}],"is_trial":false,"path_per_floor":["M","M","M","M","?","R","E","M","T","R","M","$","M","M","R","B",null,"M","?","?","$","M","R","E","R","T","M","R","M","M","M","R","B"],"character_chosen":"THE_SILENT","items_purchased":["Catalyst","Well Laid Plans","FairyPotion"],"campfire_rested":4,"item_purchase_floors":[12,12,12],"current_hp_per_floor":[52,50,49,41,41,41,17,1,1,20,18,18,13,13,13,3,50,33,33,33,33,23,42,19,38,38,38,38,38,34,28,47,0,0],"gold":191,"neow_bonus":"RANDOM_COMMON_RELIC","is_daily":false,"chose_seed":false,"campfire_upgraded":3,"win_rate":0.0,"timestamp":1608774463,"path_taken":["M","?","M","?","?","R","E","M","T","R","M","$","M","M","R","BOSS","M","?","?","$","?","R","E","R","T","M","R","M","M","M","R","BOSS"],"items_purchased_type":["Card","Card","Potion"],"build_version":"2020-12-22","purchased_purges":1,"victory":false,"max_hp_per_floor":[66,66,66,66,66,66,66,66,66,66,66,66,66,66,66,66,66,66,66,66,66,66,66,66,66,66,66,66,66,66,66,66,66,66],"relic_stats":{"Sozu":2,"counters":[18,101],"CeramicFish":27,"Bag of Preparation":[10],"obtain_stats":[{"Sozu":17,"CeramicFish":24,"Oddly Smooth Stone":7,"Omamori":0,"Bag of Preparation":26,"Akabeko":9,"Ring of the Snake":0,"Mercury Hourglass":19},{"Sozu":10,"CeramicFish":13,"Oddly Smooth Stone":5,"Omamori":0,"Bag of Preparation":13,"Akabeko":6,"Ring of the Snake":0,"Mercury Hourglass":11},{"Sozu":59,"CeramicFish":76,"Oddly Smooth Stone":30,"Omamori":0,"Bag of Preparation":76,"Akabeko":36,"Ring of the Snake":0,"Mercury Hourglass":63}],"Ring of the Snake":[36],"Mercury Hourglass":[204]},"card_choices":[{"not_picked":["PiercingWail","Backflip"],"picked":"Footwork","floor":1},{"not_picked":["Blade Dance","Finisher"],"picked":"Bouncing Flask","floor":2},{"not_picked":["Dagger Throw","Finisher"],"picked":"Flying Knee","floor":3},{"not_picked":["Tactician","Blade Dance","Cloak And Dagger"],"picked":"SKIP","floor":4},{"not_picked":["PiercingWail","Blade Dance"],"picked":"Crippling Poison","floor":7},{"not_picked":["Deadly Poison","Cloak And Dagger"],"picked":"Doppelganger","floor":8},{"not_picked":["Underhanded Strike","Acrobatics","Quick Slash"],"picked":"SKIP","floor":11},{"not_picked":["Choke","Quick Slash"],"picked":"Bane","floor":13},{"not_picked":["Sucker Punch","Terror","Dagger Throw"],"picked":"SKIP","floor":14},{"not_picked":["Unload","Malaise"],"picked":"Burst","floor":16},{"not_picked":["Flying Knee","Infinite Blades"],"picked":"Dodge and Roll","floor":18},{"not_picked":["Sucker Punch","Finisher"],"picked":"Backflip","floor":22},{"not_picked":["Blade Dance","Cloak And Dagger"],"picked":"Footwork","floor":24},{"not_picked":["Deadly Poison","Prepared","Setup"],"picked":"SKIP","floor":27},{"not_picked":["Flying Knee","Bane"],"picked":"PiercingWail","floor":29},{"not_picked":["Quick Slash","Skewer"],"picked":"PiercingWail+1","floor":30},{"not_picked":["Poisoned Stab","Caltrops","Heel Hook"],"picked":"SKIP","floor":31}],"player_experience":3130634,"relics_obtained":[{"floor":7,"key":"Oddly Smooth Stone"},{"floor":9,"key":"Akabeko"},{"floor":24,"key":"CeramicFish"},{"floor":26,"key":"Bag of Preparation"}],"event_choices":[{"damage_healed":0,"gold_gain":0,"player_choice":"Grow","damage_taken":0,"max_hp_gain":0,"max_hp_loss":0,"event_name":"Living Wall","floor":5,"gold_loss":0,"cards_upgraded":["Bouncing Flask"]},{"damage_healed":0,"gold_gain":0,"player_choice":"Stole Relic","damage_taken":0,"relics_obtained":["Mercury Hourglass"],"max_hp_gain":0,"max_hp_loss":0,"event_name":"Addict","floor":19,"gold_loss":0,"cards_obtained":["Shame"]},{"cards_removed":["Strike_G"],"damage_healed":0,"gold_gain":0,"player_choice":"Purged","damage_taken":0,"max_hp_gain":0,"max_hp_loss":0,"event_name":"Purifier","floor":20,"gold_loss":0}],"is_beta":false,"boss_relics":[{"not_picked":["SlaversCollar","Cursed Key"],"picked":"Sozu"}],"items_purged_floors":[21],"is_endless":false,"potions_floor_spawned":[1,3,7,8,16,30,31],"killed_by":"Automaton","ascension_level":20}}