{"host":"5dk97cf2ubw2v967","time":1608827068,"event":{"mods":["AlwaysNeverKeys","BaseMod","Better Altar","Better Vampires","Block Reminder","Colored Powertips","Downfall","Googly Eyes","Highlight Path","Minty Spire (QoL Compilation)","Permanent Neow","Potion Indicator Mod","Quick Restart","Relic Filter","Relic Stats","Say the Spire","Spicy Shops","StSLib","Waifu the Spire","everything is the same but u backflip on backflip"],"gold_per_floor":[118,131,131,16,39,39,39],"floor_reached":6,"playtime":393,"items_purged":["Defend_G"],"score":72,"play_id":"ee3dfb2c-3fc3-4979-9d6f-5434ca8ad2b8","local_time":"20201224162428","is_ascension_mode":true,"campfire_choices":[],"circlet_count":0,"master_deck":["AscendersBane","Strike_G","Strike_G","Strike_G","Strike_G","Strike_G","Defend_G","Defend_G","Defend_G","Defend_G","Survivor","Neutralize","Slice","Backflip","Deflect","Setup"],"relics":["WristBlade","Golden Idol"],"acts_visited":["Exordium"],"potions_floor_usage":[6],"damage_taken":[{"damage":0,"enemies":"2 Louse","floor":1,"turns":4},{"damage":1,"enemies":"Small Slimes","floor":2,"turns":3},{"damage":1,"enemies":"Jaw Worm","floor":5,"turns":4},{"damage":44,"enemies":"Lagavulin","floor":6,"turns":13}],"seed_played":"8132132946742143503","potions_obtained":[{"floor":5,"key":"DuplicationPotion"}],"is_trial":false,"path_per_floor":["M","M","?","$","M","E"],"character_chosen":"THE_SILENT","items_purchased":["Deflect"],"campfire_rested":0,"item_purchase_floors":[4],"current_hp_per_floor":[59,58,58,58,57,13,13],"gold":39,"neow_bonus":"BOSS_RELIC","is_daily":false,"chose_seed":false,"campfire_upgraded":0,"win_rate":0.0,"timestamp":1608827068,"path_taken":["M","M","?","$","M","E"],"items_purchased_type":["Card"],"build_version":"2020-12-22","purchased_purges":1,"victory":false,"max_hp_per_floor":[66,66,60,60,60,60,60],"relic_stats":{"counters":[4,24],"Golden Idol":5,"obtain_stats":[{"WristBlade":0,"Golden Idol":3,"Ring of the Snake":0},{"WristBlade":0,"Golden Idol":2,"Ring of the Snake":0},{"WristBlade":0,"Golden Idol":7,"Ring of the Snake":0}]},"card_choices":[{"not_picked":["Deflect","PiercingWail"],"picked":"Slice","floor":1},{"not_picked":["Outmaneuver","Prepared"],"picked":"Backflip","floor":2},{"not_picked":["Dodge and Roll","Outmaneuver"],"picked":"Setup","floor":5}],"player_experience":1251428,"relics_obtained":[],"event_choices":[{"damage_healed":0,"gold_gain":0,"player_choice":"Lose Max HP","damage_taken":0,"relics_obtained":["Golden Idol"],"max_hp_gain":0,"max_hp_loss":6,"event_name":"Golden Idol","floor":3,"gold_loss":0}],"is_beta":false,"boss_relics":[],"items_purged_floors":[4],"is_endless":false,"potions_floor_spawned":[5],"killed_by":"Lagavulin","ascension_level":20}}