{"host":"w3q5ijqu8eoknil3","time":1608773237,"event":{"mods":["AchievementEnabler","BaseMod","Block Reminder","Colored Powertips","Minty Spire (QoL Compilation)","Quick Restart","Relic Stats","ojb\u0027s Better Paths Mod","ojb\u0027s Info Mod","slay the spire mod where everything is the same but ironclad has a cowboy hat"],"gold_per_floor":[114,70,85,85,101,101,144,219,297,263,263,263,263],"floor_reached":12,"playtime":324,"items_purged":[],"score":152,"play_id":"3ff02d15-48d4-4cbe-a6c4-dfa8d1e36745","local_time":"20201224012717","is_ascension_mode":true,"campfire_choices":[{"data":"Flame Barrier","floor":6,"key":"SMITH"},{"data":"Feel No Pain","floor":11,"key":"SMITH"}],"circlet_count":0,"master_deck":["AscendersBane","Strike_R","Strike_R","Strike_R","Strike_R","Strike_R","Defend_R","Defend_R","Defend_R","Defend_R","Bash","Flame Barrier+1","Feel No Pain","Pommel Strike","Regret","Feel No Pain+1","Fiend Fire","Dark Embrace"],"relics":["Burning Blood","NeowsBlessing","Smiling Mask","CeramicFish"],"acts_visited":["Exordium"],"potions_floor_usage":[12],"damage_taken":[{"damage":0,"enemies":"Cultist","floor":1,"turns":1},{"damage":0,"enemies":"2 Louse","floor":3,"turns":1},{"damage":0,"enemies":"Jaw Worm","floor":5,"turns":1},{"damage":33,"enemies":"3 Sentries","floor":7,"turns":15},{"damage":46,"enemies":"Gremlin Nob","floor":12,"turns":4}],"seed_played":"-8736888122283154426","potions_obtained":[{"floor":3,"key":"Strength Potion"}],"is_trial":false,"path_per_floor":["M","$","M","?","M","R","E","?","T","$","R","E"],"character_chosen":"IRONCLAD","items_purchased":["Feel No Pain","Dark Embrace"],"campfire_rested":0,"item_purchase_floors":[2,10],"current_hp_per_floor":[74,74,75,75,75,75,48,37,37,37,37,0,0],"gold":263,"neow_bonus":"THREE_ENEMY_KILL","is_daily":false,"chose_seed":false,"campfire_upgraded":2,"win_rate":0.0,"timestamp":1608773237,"path_taken":["M","?","M","?","M","R","E","?","T","$","R","E"],"items_purchased_type":["Card","Card"],"build_version":"2020-12-22","purchased_purges":0,"victory":false,"max_hp_per_floor":[75,75,75,75,75,75,75,75,75,75,75,75,75],"relic_stats":{"counters":[5,22],"CeramicFish":18,"Smiling Mask":0,"obtain_stats":[{"NeowsBlessing":0,"CeramicFish":7,"Smiling Mask":4,"Burning Blood":0},{"NeowsBlessing":0,"CeramicFish":4,"Smiling Mask":2,"Burning Blood":0},{"NeowsBlessing":0,"CeramicFish":18,"Smiling Mask":2,"Burning Blood":0}],"Burning Blood":13},"card_choices":[{"not_picked":["Thunderclap","Flex"],"picked":"Flame Barrier","floor":1},{"not_picked":["Anger","Searing Blow"],"picked":"Pommel Strike","floor":3},{"not_picked":["Sword Boomerang","Searing Blow"],"picked":"Feel No Pain","floor":5},{"not_picked":["Heavy Blade","Metallicize"],"picked":"Fiend Fire","floor":7}],"player_experience":940056,"relics_obtained":[{"floor":7,"key":"CeramicFish"}],"event_choices":[{"damage_healed":0,"gold_gain":0,"player_choice":"Box","damage_taken":0,"relics_obtained":["Smiling Mask"],"max_hp_gain":0,"max_hp_loss":0,"event_name":"Big Fish","floor":4,"gold_loss":0,"cards_obtained":["Regret"]},{"damage_healed":0,"gold_gain":75,"player_choice":"Gather Gold","damage_taken":11,"max_hp_gain":0,"max_hp_loss":0,"event_name":"World of Goop","floor":8,"gold_loss":0}],"is_beta":false,"boss_relics":[],"items_purged_floors":[],"is_endless":false,"potions_floor_spawned":[3],"killed_by":"Gremlin Nob","ascension_level":20}}