{"host":"ggy1mjjy92c62u6a","time":1608822761,"event":{"mods":["10 clothes from DAL","BaseMod","Minty Spire (QoL Compilation)","Quick Restart","Relic Stats","Shop Mod","Spicy Shops","StSLib","【功能Mod】混沌之环修复补丁","【遗物Mod】死灵法师NEW","【遗物卡牌】REMEMod"],"gold_per_floor":[113,123,123,48,69,69,69,140,166,166,189,205,75,93,93,221,221,241,130,144,144,164,39,39,52,52,52,52,52,70,94,94,214,214,232,172,197,530,541,541,541,556,556,556,569,569,151,151,151],"floor_reached":48,"playtime":2019,"items_purged":["Strike_W","Strike_W","Defend_W","Defend_W","Strike_W"],"score":484,"play_id":"1b0883fb-3eb7-4ec5-b744-ddae7ee79490","local_time":"20201224231241","is_ascension_mode":false,"campfire_choices":[{"data":"Bone_Armory","floor":6.0,"key":"SMITH"},{"data":"Bone_Shift","floor":10.0,"key":"SMITH"},{"floor":15.0,"key":"REST"},{"floor":24.0,"key":"REST"},{"floor":32.0,"key":"REST"},{"floor":44.0,"key":"REST"}],"circlet_count":0,"master_deck":["Defend_W","Negative_Energy_Arrows","Bone_Wall","Chill+1","Bone_Armory+1","Negative_Energy_Javelin","Bone_Spikes","Bone_Shift+1","Slay_Living","Scare","Bone_Spikes+1","Skeleton_Dragon","Blood_for_Blood+1","Negative_Energy_Burst","Hellfire","Good Instincts","Negative_Energy_Sphere+1","Summon_Undead_Army+1","Plague_Bolt","Bone_Armory","Time_Jump","Plague_Bolt+1","Bone_Shift+1","finger_Of_Death+1","Toxic_Smoke_Screen"],"relics":["Vampire_Amulet","REME_ComplimentaryCards","NeowsBlessing","Fusion Hammer","REME_PuzzleBoxRelic","MutagenicStrength","RingOfChaos2","Pantograph","MerchantsRug"],"acts_visited":["Exordium","TheCity","TheBeyond"],"potions_floor_usage":[],"damage_taken":[{"damage":0.0,"enemies":"Jaw Worm","floor":1.0,"turns":1.0},{"damage":0.0,"enemies":"Small Slimes","floor":2.0,"turns":2.0},{"damage":0.0,"enemies":"Cultist","floor":5.0,"turns":1.0},{"damage":25.0,"enemies":"3 Sentries","floor":8.0,"turns":7.0},{"damage":12.0,"enemies":"Exordium Thugs","floor":11.0,"turns":4.0},{"damage":4.0,"enemies":"Exordium Wildlife","floor":12.0,"turns":3.0},{"damage":4.0,"enemies":"Large Slime","floor":14.0,"turns":6.0},{"damage":10.0,"enemies":"Slime Boss","floor":16.0,"turns":6.0},{"damage":19.0,"enemies":"2 Thieves","floor":18.0,"turns":3.0},{"damage":2.0,"enemies":"Shell Parasite","floor":20.0,"turns":3.0},{"damage":20.0,"enemies":"Centurion and Healer","floor":22.0,"turns":5.0},{"damage":7.0,"enemies":"Snecko","floor":25.0,"turns":4.0},{"damage":12.0,"enemies":"Snake Plant","floor":30.0,"turns":3.0},{"damage":13.0,"enemies":"Shelled Parasite and Fungi","floor":31.0,"turns":3.0},{"damage":20.0,"enemies":"Champ","floor":33.0,"turns":7.0},{"damage":4.0,"enemies":"3 Shapes","floor":35.0,"turns":2.0},{"damage":15.0,"enemies":"3 Darklings","floor":37.0,"turns":2.0},{"damage":12.0,"enemies":"Maw","floor":39.0,"turns":5.0},{"damage":26.0,"enemies":"Jaw Worm Horde","floor":42.0,"turns":3.0},{"damage":15.0,"enemies":"Sphere and 2 Shapes","floor":45.0,"turns":3.0},{"damage":25,"enemies":"Reptomancer","floor":48,"turns":2}],"seed_played":"7135549788828297988","potions_obtained":[{"floor":1.0,"key":"REME_GoldPotion"},{"floor":2.0,"key":"Swift Potion"},{"floor":12.0,"key":"Energy Potion"},{"floor":14.0,"key":"CultistPotion"},{"floor":22.0,"key":"Swift Potion"},{"floor":25.0,"key":"FearPotion"},{"floor":37.0,"key":"Dexterity Potion"},{"floor":45.0,"key":"Weak Potion"}],"is_trial":false,"path_per_floor":["M","M","?","$","M","R","?","E","T","R","M","M","$","M","R","B",null,"M","$","M","?","M","$","R","M","T","?","?","?","M","M","R","B",null,"M","?","M","?","M","?","?","M","T","R","M","?","$","E"],"character_chosen":"NECROMANCER","items_purchased":["Scare","Negative_Energy_Burst","MerchantsRug","Toxic_Smoke_Screen"],"campfire_rested":4,"item_purchase_floors":[13,19,47,47],"current_hp_per_floor":[75,75,57,57,57,57,57,32,32,32,20,16,16,12,34,24,75,56,56,54,54,34,34,56,49,49,49,49,49,37,24,46,33,75,71,71,56,56,44,44,44,18,18,40,25,25,25,0,0],"gold":151,"neow_bonus":"THREE_ENEMY_KILL","is_daily":false,"chose_seed":false,"campfire_upgraded":2,"win_rate":0.0,"timestamp":1608822761,"path_taken":["M","M","?","$","M","R","?","E","T","R","M","M","$","M","R","BOSS","M","$","M","?","M","?","R","M","T","?","?","?","M","M","R","BOSS","M","?","M","?","M","?","?","M","T","R","M","?","$","E"],"items_purchased_type":["Card","Card","Relic","Card"],"build_version":"2020-12-22","purchased_purges":5,"victory":false,"max_hp_per_floor":[75,75,75,75,75,75,75,75,75,75,75,75,75,75,75,75,75,75,75,75,75,75,75,75,75,75,75,75,75,75,75,75,75,75,75,75,75,75,75,75,75,75,75,75,75,75,75,75,75],"relic_stats":{"counters":[21,75],"Pantograph":0,"obtain_stats":[{"MerchantsRug":47,"NeowsBlessing":0,"Golden Idol":3,"Vajra":9,"Oddly Smooth Stone":29,"Juzu Bracelet":8,"MutagenicStrength":27,"Pantograph":43,"Vampire_Amulet":0,"Fusion Hammer":17,"RingOfChaos2":34,"REME_PuzzleBoxRelic":26,"REME_ComplimentaryCards":0},{"MerchantsRug":20,"NeowsBlessing":0,"Golden Idol":2,"Vajra":4,"Oddly Smooth Stone":12,"Juzu Bracelet":4,"MutagenicStrength":12,"Pantograph":19,"Vampire_Amulet":0,"Fusion Hammer":8,"RingOfChaos2":15,"REME_PuzzleBoxRelic":12,"REME_ComplimentaryCards":0},{"MerchantsRug":73,"NeowsBlessing":0,"Golden Idol":3,"Vajra":11,"Oddly Smooth Stone":45,"Juzu Bracelet":11,"MutagenicStrength":45,"Pantograph":70,"Vampire_Amulet":0,"Fusion Hammer":30,"RingOfChaos2":58,"REME_PuzzleBoxRelic":45,"REME_ComplimentaryCards":0}]},"card_choices":[{"not_picked":["Negative_Energy_Mist","Negative_Energy_Burst"],"picked":"Bone_Armory","floor":1.0},{"not_picked":["Spectral_Walk","finger_Of_Death"],"picked":"Negative_Energy_Javelin","floor":2.0},{"not_picked":["Blood_Is_Power","Blood_for_Blood"],"picked":"Bone_Spikes","floor":5.0},{"not_picked":["Blood_Whip","Negative_Energy_Mist"],"picked":"Bone_Shift","floor":8.0},{"not_picked":["Shackles_Of_Pain","Pandemic","PosionRing"],"picked":"SKIP","floor":11.0},{"not_picked":["Pandemic","Necrotic_Claws"],"picked":"Slay_Living","floor":12.0},{"not_picked":["PosionArmor","Blood_Whip"],"picked":"Bone_Spikes","floor":14.0},{"not_picked":["Blood_Wake","Epidemic"],"picked":"Skeleton_Dragon","floor":16.0},{"not_picked":["Kotodama","Posionadd"],"picked":"Blood_for_Blood+1","floor":18.0},{"not_picked":["Negative_Energy_Sphere","Vampiric_Strike","Posionadd"],"picked":"SKIP","floor":20.0},{"not_picked":["Bone_Shift","Summon_Lich"],"picked":"Negative_Energy_Sphere+1","floor":22.0},{"not_picked":["Shackles_Of_Pain+1","Blood_for_Blood"],"picked":"Summon_Undead_Army+1","floor":25.0},{"not_picked":["Shackles_Of_Pain","Skeleton_Dragon"],"picked":"Bone_Armory","floor":30.0},{"not_picked":["Blood_Whip","Stop_Heart","Pandemic+1"],"picked":"SKIP","floor":31.0},{"not_picked":["Negative_Energy_Bomb","Requiem"],"picked":"Time_Jump","floor":33.0},{"not_picked":["Bone_Spikes","ZombiePosion","Life_Tap+1"],"picked":"SKIP","floor":35.0},{"not_picked":["PosionArmor+1","Bone_Armory"],"picked":"Plague_Bolt+1","floor":37.0},{"not_picked":["Negative_Energy_Javelin","Summon_Undead","Posionadd"],"picked":"SKIP","floor":39.0},{"not_picked":["Blood_Whip","PosionWeak2"],"picked":"Bone_Shift+1","floor":42.0},{"not_picked":["LuckyCard","Vampiric_Strike+1"],"picked":"finger_Of_Death+1","floor":45.0}],"player_experience":41310,"relics_obtained":[{"floor":8.0,"key":"Juzu Bracelet"},{"floor":9.0,"key":"Vajra"},{"floor":26.0,"key":"REME_PuzzleBoxRelic"},{"floor":43.0,"key":"Pantograph"}],"event_choices":[{"damage_healed":0.0,"max_hp_gain":0.0,"max_hp_loss":0.0,"gold_gain":0.0,"event_name":"Golden Idol","player_choice":"Take Damage","floor":3.0,"gold_loss":0.0,"damage_taken":18.0,"relics_obtained":["Golden Idol"]},{"cards_removed":["Defend_W"],"damage_healed":0.0,"max_hp_gain":0.0,"max_hp_loss":0.0,"gold_gain":0.0,"event_name":"Living Wall","player_choice":"Forget","floor":7.0,"gold_loss":0.0,"damage_taken":0.0},{"damage_healed":0.0,"max_hp_gain":0.0,"max_hp_loss":0.0,"gold_gain":0.0,"event_name":"Match and Keep!","player_choice":"2 cards matched","floor":21.0,"gold_loss":0.0,"damage_taken":0.0,"cards_obtained":["Hellfire","Good Instincts"]},{"damage_healed":0.0,"max_hp_gain":0.0,"max_hp_loss":0.0,"gold_gain":0.0,"event_name":"Drug Dealer","player_choice":"Inject Mutagens","floor":27.0,"gold_loss":0.0,"damage_taken":0.0,"relics_obtained":["MutagenicStrength"]},{"damage_healed":0.0,"max_hp_gain":0.0,"max_hp_loss":0.0,"gold_gain":0.0,"event_name":"The Library","player_choice":"Read","floor":28.0,"gold_loss":0.0,"damage_taken":0.0,"cards_obtained":["Plague_Bolt"]},{"damage_healed":0.0,"max_hp_gain":0.0,"max_hp_loss":0.0,"gold_gain":0.0,"event_name":"The Mausoleum","player_choice":"Opened","floor":29.0,"gold_loss":0.0,"damage_taken":0.0,"relics_obtained":["Oddly Smooth Stone"],"cards_obtained":["Writhe"]},{"cards_removed":["Strike_W"],"damage_healed":0.0,"max_hp_gain":0.0,"max_hp_loss":0.0,"gold_gain":0.0,"event_name":"Designer","player_choice":"Single Remove","floor":36.0,"gold_loss":60.0,"damage_taken":0.0},{"damage_healed":0.0,"max_hp_gain":0.0,"max_hp_loss":0.0,"gold_gain":333.0,"event_name":"The Moai Head","player_choice":"Gave Idol","floor":38.0,"relics_lost":["Golden Idol"],"gold_loss":0.0,"damage_taken":0.0},{"damage_healed":0.0,"max_hp_gain":0.0,"max_hp_loss":0.0,"gold_gain":0.0,"event_name":"Tomb of Lord Red Mask","player_choice":"Ignored","floor":40.0,"gold_loss":0.0,"damage_taken":0.0},{"damage_healed":0.0,"max_hp_gain":0.0,"max_hp_loss":0.0,"gold_gain":0.0,"event_name":"Upgrade Shrine","player_choice":"Upgraded","floor":41.0,"gold_loss":0.0,"damage_taken":0.0,"cards_upgraded":["Chill"]},{"cards_removed":["Writhe"],"damage_healed":0.0,"max_hp_gain":0.0,"max_hp_loss":0.0,"gold_gain":0.0,"event_name":"Fountain of Cleansing","player_choice":"Removed Curses","floor":46.0,"gold_loss":0.0,"damage_taken":0.0}],"is_beta":false,"boss_relics":[{"not_picked":["Snecko Eye","REME_ChargedStone"],"picked":"Fusion Hammer"},{"not_picked":["Busted Crown","REME_LowDesire"],"picked":"RingOfChaos2"}],"items_purged_floors":[4,13,23,47,47],"is_endless":false,"potions_floor_spawned":[1,2,12,14,22,25,37,45],"killed_by":"Reptomancer","ascension_level":0}}