{"host":"52jmisti11ysmja4","time":1608845221,"event":{"mods":["Aspiration","BaseMod","Better Third Choice","Hermit","Koishi","Minty Spire (QoL Compilation)","Remove Card Discount Mod","Shade Mod","StSLib","The Cursed","The Servant 0.9.4","The Vixen"],"gold_per_floor":[118,130,143,163,173,199,199,199,199],"floor_reached":8,"playtime":268,"items_purged":[],"score":120,"play_id":"a75c5182-3c58-41e8-9693-709f88d2d3b1","local_time":"20201224132701","is_ascension_mode":true,"campfire_choices":[{"floor":7,"key":"REST"}],"circlet_count":0,"master_deck":["AscendersBane","Strike_R","Strike_R","Strike_R","Strike_R","Strike_R","Defend_R","Defend_R","Defend_R","Defend_R","Bash","Anger","Perfected Strike","Flex","Fire Breathing","Twin Strike","Anger"],"relics":["Burning Blood","NeowsBlessing","Bronze Scales"],"acts_visited":["Exordium"],"potions_floor_usage":[],"damage_taken":[{"damage":0,"enemies":"Cultist","floor":1,"turns":1},{"damage":0,"enemies":"2 Louse","floor":2,"turns":1},{"damage":0,"enemies":"Small Slimes","floor":3,"turns":1},{"damage":26,"enemies":"Blue Slaver","floor":4,"turns":3},{"damage":14,"enemies":"Exordium Wildlife","floor":5,"turns":4},{"damage":35,"enemies":"3 Sentries","floor":6,"turns":6},{"damage":0,"enemies":"Lagavulin","floor":8,"turns":1}],"seed_played":"-7000789281494495922","potions_obtained":[{"floor":2,"key":"ElixirPotion"},{"floor":3,"key":"LiquidBronze"}],"is_trial":false,"path_per_floor":["M","M","M","M","M","E","R","E"],"character_chosen":"IRONCLAD","items_purchased":[],"campfire_rested":1,"item_purchase_floors":[],"current_hp_per_floor":[74,75,75,55,47,18,40,40,40],"gold":199,"neow_bonus":"THREE_ENEMY_KILL","is_daily":false,"chose_seed":false,"campfire_upgraded":0,"win_rate":0.0,"timestamp":1608845221,"path_taken":["M","M","M","M","?","E","R","E"],"items_purchased_type":[],"build_version":"2020-12-22","purchased_purges":0,"victory":false,"max_hp_per_floor":[75,75,75,75,75,75,75,75,75],"card_choices":[{"not_picked":["Headbutt","True Grit"],"picked":"Anger","floor":1},{"not_picked":["Carnage","Sever Soul"],"picked":"Perfected Strike","floor":2},{"not_picked":["Armaments","True Grit"],"picked":"Flex","floor":3},{"not_picked":["Entrench","Shockwave"],"picked":"Fire Breathing","floor":4},{"not_picked":["Shrug It Off","Warcry"],"picked":"Twin Strike","floor":5},{"not_picked":["Berserk","Clash"],"picked":"Anger","floor":6}],"player_experience":608540,"relics_obtained":[{"floor":6,"key":"Bronze Scales"}],"event_choices":[],"is_beta":false,"boss_relics":[],"items_purged_floors":[],"is_endless":false,"potions_floor_spawned":[2,3,4],"killed_by":"Lagavulin","ascension_level":20}}