{"host":"raai0vtvcfkt8csp","time":1608776707,"event":{"mods":["2.2 Compatiblity","AchievementEnabler","BaseMod","Block Reminder","DeckTracker","Defective Defect","GifTheSpireLib","Minty Spire (QoL Compilation)","Quick Restart","Random Character Button","Rare Cards Sparkle","StSLib","Unceasing Turn Reminder"],"gold_per_floor":[117,135,154,164,21,21,51,51,51,51,62,27,47,47,47,142,192,209,209,209,229,245,280,280,298,348,382,382,407,424,439,439,534,534,544,557,432,482,482,507,522,557,584,610,610,610,574,594,594,594,594,594,296,328,328,328],"floor_reached":55,"playtime":4621,"items_purged":[],"score":935,"play_id":"c62a5090-281e-442d-a6eb-0937b8de0592","local_time":"20201224032507","is_ascension_mode":true,"campfire_choices":[{"data":"Vigilance","floor":6,"key":"SMITH"},{"floor":8,"key":"RECALL"},{"data":"Swivel","floor":10,"key":"SMITH"},{"data":"Wallop","floor":15,"key":"SMITH"},{"data":"Establishment","floor":24,"key":"SMITH"},{"data":"Wish","floor":28,"key":"SMITH"},{"data":"WindmillStrike","floor":32,"key":"SMITH"},{"data":"Protect","floor":45,"key":"SMITH"},{"data":"BattleHymn","floor":49,"key":"SMITH"},{"data":"Chrysalis","floor":52,"key":"SMITH"}],"circlet_count":0,"master_deck":["Defend_P","Defend_P","Defend_P","Defend_P+1","Eruption","Vigilance+1","Swivel+1","Swivel","WindmillStrike+1","Wallop+1","Establishment+1","Study","Bite","Bite","Bite","Bite","Perseverance+1","ReachHeaven","WindmillStrike+1","Wish+1","ClearTheMind","WheelKick+1","Protect+1","Chrysalis+1","BattleHymn+1","MasterReality","WheelKick","Protect+1"],"relics":["Snecko Eye","Membership Card","Mercury Hourglass","Mummified Hand","Tiny House","Ornamental Fan","Potion Belt","Bag of Preparation","SlaversCollar","Bottled Lightning","Lizard Tail","Bag of Marbles","Pocketwatch","Orichalcum","Kunai","Sling","Letter Opener","Blood Vial"],"acts_visited":["Exordium","TheCity","TheBeyond","TheEnding"],"potions_floor_usage":[7,7,18,23,23,29,29,38,41,50,54,54,55,55],"damage_taken":[{"damage":17,"enemies":"Jaw Worm","floor":1,"turns":2},{"damage":0,"enemies":"Cultist","floor":2,"turns":2},{"damage":2,"enemies":"Small Slimes","floor":3,"turns":3},{"damage":0,"enemies":"2 Fungi Beasts","floor":4,"turns":5},{"damage":6,"enemies":"3 Sentries","floor":7,"turns":7},{"damage":0,"enemies":"Red Slaver","floor":11,"turns":4},{"damage":0,"enemies":"Exordium Thugs","floor":13,"turns":2},{"damage":0,"enemies":"The Guardian","floor":16,"turns":10},{"damage":2,"enemies":"Chosen","floor":18,"turns":5},{"damage":6,"enemies":"Spheric Guardian","floor":21,"turns":4},{"damage":0,"enemies":"Centurion and Healer","floor":22,"turns":7},{"damage":20,"enemies":"Slavers","floor":23,"turns":7},{"damage":10,"enemies":"Snecko","floor":25,"turns":4},{"damage":9,"enemies":"Gremlin Leader","floor":27,"turns":6},{"damage":17,"enemies":"Book of Stabbing","floor":29,"turns":5},{"damage":0,"enemies":"Cultist and Chosen","floor":30,"turns":10},{"damage":0,"enemies":"Chosen and Byrds","floor":31,"turns":7},{"damage":28,"enemies":"Champ","floor":33,"turns":7},{"damage":0,"enemies":"3 Shapes","floor":35,"turns":3},{"damage":0,"enemies":"3 Darklings","floor":36,"turns":5},{"damage":0,"enemies":"Mind Bloom Boss Battle","floor":38,"turns":5},{"damage":0,"enemies":"Reptomancer","floor":40,"turns":7},{"damage":10,"enemies":"Writhing Mass","floor":41,"turns":8},{"damage":2,"enemies":"Nemesis","floor":42,"turns":5},{"damage":3,"enemies":"Reptomancer","floor":44,"turns":8},{"damage":10,"enemies":"Transient","floor":48,"turns":5},{"damage":81,"enemies":"Time Eater","floor":50,"turns":16},{"damage":14,"enemies":"Shield and Spear","floor":54,"turns":5},{"damage":57,"enemies":"The Heart","floor":55,"turns":5}],"seed_played":"-6298232811802731206","potions_obtained":[{"floor":2,"key":"FearPotion"},{"floor":3,"key":"Weak Potion"},{"floor":4,"key":"SpeedPotion"},{"floor":11,"key":"Energy Potion"},{"floor":17,"key":"StancePotion"},{"floor":18,"key":"LiquidMemories"},{"floor":25,"key":"Block Potion"},{"floor":27,"key":"Block Potion"},{"floor":33,"key":"BlessingOfTheForge"},{"floor":35,"key":"AttackPotion"},{"floor":41,"key":"DuplicationPotion"},{"floor":42,"key":"EssenceOfSteel"},{"floor":48,"key":"Explosive Potion"}],"is_trial":false,"path_per_floor":["M","M","M","M","$","R","E","R","T","R","M","$","M","?","R","B",null,"M","?","?","M","M","E","R","M","T","E","R","E","M","M","R","B",null,"M","M","$","?","?","E","M","E","T","E","R","?","$","M","R","B",null,"R","$","E","B"],"character_chosen":"WATCHER","items_purchased":["Membership Card","SignatureMove","Bottled Lightning","BattleHymn","WheelKick","Sling","Letter Opener","Energy Potion","FearPotion"],"campfire_rested":0,"item_purchase_floors":[5,12,37,47,53,53,53,53,53],"current_hp_per_floor":[55,55,53,53,53,53,47,47,47,47,47,47,47,47,47,47,77,75,53,45,49,58,44,44,40,40,45,45,28,34,48,48,32,58,58,58,58,58,58,58,50,52,52,55,55,55,55,50,50,11,58,58,58,50,0,0],"gold":328,"neow_bonus":"BOSS_RELIC","is_daily":false,"chose_seed":false,"campfire_upgraded":9,"win_rate":0.0,"timestamp":1608776707,"path_taken":["M","M","M","M","$","R","E","R","T","R","M","$","M","?","R","BOSS","M","?","?","M","M","E","R","M","T","E","R","E","M","M","R","BOSS","M","M","$","?","?","E","M","E","T","E","R","?","$","M","R","BOSS","R","$","E","BOSS"],"items_purchased_type":["Relic","Card","Relic","Card","Card","Relic","Relic","Potion","Potion"],"build_version":"2020-12-22","purchased_purges":0,"victory":false,"max_hp_per_floor":[72,72,72,72,72,72,72,72,72,72,72,72,72,72,72,72,77,77,53,58,58,58,58,58,58,58,58,58,58,58,58,58,58,58,58,58,58,58,58,58,58,58,58,58,58,58,58,58,58,58,58,58,58,58,58,58],"card_choices":[{"not_picked":["FlurryOfBlows","DeceiveReality"],"picked":"Swivel","floor":1},{"not_picked":["WreathOfFlame","FlyingSleeves","WaveOfTheHand"],"picked":"SKIP","floor":2},{"not_picked":["PathToVictory","InnerPeace"],"picked":"Swivel","floor":3},{"not_picked":["BowlingBash","ClearTheMind"],"picked":"WindmillStrike","floor":4},{"not_picked":["LikeWater","CutThroughFate","Prostrate"],"picked":"SKIP","floor":7},{"not_picked":["ClearTheMind","Wireheading","Consecrate"],"picked":"SKIP","floor":11},{"not_picked":["CutThroughFate","Tantrum","Consecrate"],"picked":"SKIP","floor":13},{"not_picked":["LessonLearned","Judgement"],"picked":"Establishment","floor":16},{"not_picked":["SashWhip+1","Evaluate"],"picked":"Study","floor":18},{"not_picked":["Crescendo","Tantrum"],"picked":"Perseverance+1","floor":21},{"not_picked":["CrushJoints","FlurryOfBlows"],"picked":"ReachHeaven","floor":22},{"not_picked":["FollowUp","WaveOfTheHand+1","CutThroughFate"],"picked":"SKIP","floor":23},{"not_picked":["CutThroughFate+1","Indignation"],"picked":"WindmillStrike+1","floor":25},{"not_picked":["Nirvana","Consecrate"],"picked":"Wish","floor":27},{"not_picked":["Indignation","Halt"],"picked":"ClearTheMind","floor":29},{"not_picked":["EmptyFist","JustLucky+1"],"picked":"WheelKick+1","floor":30},{"not_picked":["DeceiveReality","Halt","EmptyFist"],"picked":"SKIP","floor":31},{"not_picked":["Halt","EmptyBody","Tantrum"],"picked":"SKIP","floor":35},{"not_picked":["Conclude","Prostrate","MasterReality"],"picked":"SKIP","floor":36},{"not_picked":["WaveOfTheHand","SashWhip","ClearTheMind"],"picked":"SKIP","floor":40},{"not_picked":["CutThroughFate+1","SashWhip"],"picked":"Protect","floor":41},{"not_picked":["Fasting2+1","Adaptation+1","Pray"],"picked":"SKIP","floor":42},{"not_picked":["SignatureMove+1","PathToVictory","Protect+1"],"picked":"SKIP","floor":44},{"not_picked":["ThirdEye+1","Evaluate"],"picked":"MasterReality","floor":48},{"not_picked":["Sanctity+1","Vengeance+1"],"picked":"Protect+1","floor":54}],"player_experience":444722,"relics_obtained":[{"floor":7,"key":"Mercury Hourglass"},{"floor":9,"key":"Mummified Hand"},{"floor":23,"key":"Ornamental Fan"},{"floor":27,"key":"Potion Belt"},{"floor":29,"key":"Bag of Preparation"},{"floor":38,"key":"Lizard Tail"},{"floor":40,"key":"Bag of Marbles"},{"floor":42,"key":"Pocketwatch"},{"floor":43,"key":"Orichalcum"},{"floor":44,"key":"Kunai"},{"floor":54,"key":"Blood Vial"}],"event_choices":[{"cards_removed":["SignatureMove"],"damage_healed":0,"gold_gain":0,"player_choice":"Took Card","damage_taken":0,"max_hp_gain":0,"max_hp_loss":0,"event_name":"NoteForYourself","floor":14,"gold_loss":0,"cards_obtained":["Wallop"]},{"damage_healed":0,"gold_gain":0,"player_choice":"Became a vampire","damage_taken":0,"max_hp_gain":0,"max_hp_loss":24,"event_name":"Vampires","floor":19,"gold_loss":0,"cards_obtained":["Bite","Bite","Bite","Bite","Bite"]},{"damage_healed":0,"gold_gain":0,"player_choice":"Shed Blood","damage_taken":13,"max_hp_gain":5,"max_hp_loss":0,"event_name":"Forgotten Altar","floor":20,"gold_loss":0},{"damage_healed":0,"gold_gain":0,"player_choice":"Fight","damage_taken":0,"max_hp_gain":0,"max_hp_loss":0,"event_name":"MindBloom","floor":38,"gold_loss":0},{"damage_healed":0,"gold_gain":0,"player_choice":"Memory 1","damage_taken":0,"max_hp_gain":0,"max_hp_loss":0,"event_name":"SensoryStone","floor":39,"gold_loss":0},{"damage_healed":0,"gold_gain":0,"cards_transformed":["Bite"],"player_choice":"Transformed","damage_taken":0,"max_hp_gain":0,"max_hp_loss":0,"event_name":"Transmorgrifier","floor":46,"gold_loss":0,"cards_obtained":["Chrysalis"]}],"is_beta":false,"boss_relics":[{"not_picked":["Busted Crown","Coffee Dripper"],"picked":"Tiny House"},{"not_picked":["Black Star","Runic Dome"],"picked":"SlaversCollar"}],"items_purged_floors":[],"is_endless":false,"potions_floor_spawned":[2,3,4,11,18,21,25,27,33,35,41,42,48],"killed_by":"The Heart","ascension_level":1}}