{"host":"z5ys1wbqpsyqmecy","time":1608852868,"event":{"mods":["BaseMod","Colored Map","Colored Powertips","Minty Spire (QoL Compilation)","Relic Stats"],"gold_per_floor":[112,127,145,163,182,217,237,237,237,237,253,288,0,35,35,35,35],"floor_reached":16,"playtime":1223,"items_purged":[],"score":149,"play_id":"fb26e8c0-b4f9-4739-986d-aacfa45e2d6e","local_time":"20201224153428","is_ascension_mode":false,"campfire_choices":[{"floor":8,"key":"REST"},{"floor":15,"key":"REST"}],"circlet_count":0,"master_deck":["Strike_G","Strike_G","Strike_G","Strike_G","Strike_G","Defend_G","Defend_G","Defend_G","Defend_G","Defend_G","Survivor","Neutralize","Sucker Punch","Dagger Spray","Deflect","Terror","All Out Attack","Predator","Calculated Gamble","Quick Slash","Tools of the Trade","Slice","Backstab","Heel Hook","Finisher","Choke","Die Die Die","PiercingWail"],"relics":["WristBlade","Calipers","Smiling Mask","CultistMask","Kunai","Orrery","Boot"],"acts_visited":["Exordium"],"potions_floor_usage":[14,14,14,16],"damage_taken":[{"damage":5,"enemies":"Cultist","floor":1,"turns":6},{"damage":0,"enemies":"2 Louse","floor":2,"turns":3},{"damage":8,"enemies":"Jaw Worm","floor":3,"turns":4},{"damage":8,"enemies":"Gremlin Gang","floor":4,"turns":2},{"damage":4,"enemies":"3 Louse","floor":5,"turns":4},{"damage":25,"enemies":"Gremlin Nob","floor":6,"turns":5},{"damage":2,"enemies":"Blue Slaver","floor":7,"turns":3},{"damage":13,"enemies":"Exordium Thugs","floor":11,"turns":5},{"damage":17,"enemies":"3 Sentries","floor":12,"turns":6},{"damage":0,"enemies":"Lagavulin","floor":14,"turns":3},{"damage":34,"enemies":"The Guardian","floor":16,"turns":3}],"seed_played":"1646373607119099021","potions_obtained":[{"floor":2,"key":"Swift Potion"},{"floor":5,"key":"DuplicationPotion"},{"floor":12,"key":"Energy Potion"},{"floor":14,"key":"CunningPotion"}],"is_trial":false,"path_per_floor":["M","M","M","M","M","E","M","R","T","?","M","E","$","E","R","B"],"character_chosen":"THE_SILENT","items_purchased":["Orrery","Die Die Die"],"campfire_rested":2,"item_purchase_floors":[13,13],"current_hp_per_floor":[65,65,57,49,45,20,18,39,39,39,26,9,9,9,30,0,0],"gold":35,"neow_bonus":"BOSS_RELIC","is_daily":false,"chose_seed":false,"campfire_upgraded":0,"win_rate":0.0,"timestamp":1608852868,"path_taken":["M","M","M","M","M","E","M","R","T","?","?","E","$","E","R","BOSS"],"items_purchased_type":["Relic","Card"],"build_version":"2020-12-22","purchased_purges":0,"victory":false,"max_hp_per_floor":[70,70,70,70,70,70,70,70,70,70,70,70,70,70,70,70,70],"relic_stats":{"counters":[11,44],"Kunai":[5],"Smiling Mask":0,"Boot":[2],"obtain_stats":[{"Calipers":6,"WristBlade":0,"Orrery":13,"CultistMask":10,"Kunai":12,"Smiling Mask":9,"Boot":14,"Ring of the Snake":0},{"Calipers":6,"WristBlade":0,"Orrery":9,"CultistMask":7,"Kunai":9,"Smiling Mask":7,"Boot":10,"Ring of the Snake":0},{"Calipers":24,"WristBlade":0,"Orrery":38,"CultistMask":27,"Kunai":38,"Smiling Mask":27,"Boot":41,"Ring of the Snake":0}]},"card_choices":[{"not_picked":["Deadly Poison","Escape Plan"],"picked":"Sucker Punch","floor":1},{"not_picked":["Deflect","Bane"],"picked":"Dagger Spray","floor":2},{"not_picked":["Prepared","Backflip"],"picked":"Deflect","floor":3},{"not_picked":["Backflip","Riddle With Holes"],"picked":"Terror","floor":4},{"not_picked":["Bane","Outmaneuver"],"picked":"All Out Attack","floor":5},{"not_picked":["Dodge and Roll","Burst"],"picked":"Predator","floor":6},{"not_picked":["Acrobatics","Skewer"],"picked":"Calculated Gamble","floor":7},{"not_picked":["Deadly Poison","Dagger Spray"],"picked":"Quick Slash","floor":11},{"not_picked":["Backflip","Envenom"],"picked":"Tools of the Trade","floor":12},{"not_picked":["Acrobatics","Flechettes"],"picked":"Slice","floor":13},{"not_picked":["Venomology","Dodge and Roll"],"picked":"Backstab","floor":13},{"not_picked":["Tactician","Terror"],"picked":"Heel Hook","floor":13},{"not_picked":["All Out Attack","Predator"],"picked":"Finisher","floor":13},{"not_picked":["Prepared","Expertise"],"picked":"Choke","floor":13},{"not_picked":["Dash","Bouncing Flask"],"picked":"PiercingWail","floor":14}],"player_experience":24744,"relics_obtained":[{"floor":6,"key":"Calipers"},{"floor":9,"key":"Smiling Mask"},{"floor":12,"key":"Kunai"},{"floor":14,"key":"Boot"}],"event_choices":[{"damage_healed":0,"gold_gain":0,"player_choice":"Trade","damage_taken":0,"relics_obtained":["CultistMask"],"max_hp_gain":0,"max_hp_loss":0,"event_name":"FaceTrader","floor":10,"gold_loss":0}],"is_beta":false,"boss_relics":[],"items_purged_floors":[],"is_endless":false,"potions_floor_spawned":[2,5,12,14],"killed_by":"The Guardian","ascension_level":0}}