{"host":"cij6922spxtbkai3","time":1608845332,"event":{"mods":["2.2 Compatiblity","AchievementEnabler","BaseMod","Colored Map","DeckTracker","Highlight Path","Keyboard Shortcuts","Minty Spire (QoL Compilation)","Permanent Neow","Quick Restart","Rare Cards Sparkle","SuperFastMode","everything is the same but u backflip on backflip"],"gold_per_floor":[118,293,310,260,260,272,272,305,305,305,305],"floor_reached":10,"playtime":338,"items_purged":[],"score":66,"play_id":"9052bae1-67cb-465e-b4a9-7f838bf4fa67","local_time":"20201225062852","is_ascension_mode":false,"campfire_choices":[],"circlet_count":0,"master_deck":["Strike_R","Strike_R","Strike_R","Defend_R","Defend_R","Defend_R","Bash","Flame Barrier","Inflame","Heavy Blade","Iron Wave"],"relics":["Burning Blood","Incense Burner","Sundial"],"acts_visited":["Exordium"],"potions_floor_usage":[5,8],"damage_taken":[{"damage":1,"enemies":"Jaw Worm","floor":1,"turns":5},{"damage":12,"enemies":"Small Slimes","floor":3,"turns":8},{"damage":10,"enemies":"Cultist","floor":6,"turns":5},{"damage":63,"enemies":"Gremlin Nob","floor":8,"turns":7},{"damage":13,"enemies":"Lagavulin","floor":10,"turns":3}],"seed_played":"3016179879803626301","potions_obtained":[{"floor":3,"key":"SkillPotion"},{"floor":5,"key":"Fruit Juice"},{"floor":5,"key":"SpeedPotion"},{"floor":5,"key":"BlessingOfTheForge"},{"floor":8,"key":"Fire Potion"}],"is_trial":false,"path_per_floor":["M","?","M","?","?","M","?","E","T","E"],"character_chosen":"IRONCLAD","items_purchased":[],"campfire_rested":0,"item_purchase_floors":[],"current_hp_per_floor":[72,72,66,66,71,67,67,10,10,0,0],"gold":305,"neow_bonus":"REMOVE_TWO","is_daily":false,"chose_seed":false,"campfire_upgraded":0,"win_rate":0.0,"timestamp":1608845332,"path_taken":["M","?","M","?","?","?","?","E","T","E"],"items_purchased_type":[],"build_version":"2020-12-22","purchased_purges":0,"victory":false,"max_hp_per_floor":[72,72,72,72,77,77,77,77,77,77,77],"card_choices":[{"not_picked":["True Grit","Anger"],"picked":"Flame Barrier","floor":1},{"not_picked":["Whirlwind","Clash"],"picked":"Inflame","floor":3},{"not_picked":["True Grit","Pommel Strike"],"picked":"Heavy Blade","floor":6},{"not_picked":["Feel No Pain","Flame Barrier"],"picked":"Iron Wave","floor":8}],"player_experience":13960,"relics_obtained":[{"floor":8,"key":"Incense Burner"},{"floor":9,"key":"Sundial"}],"event_choices":[{"damage_healed":0,"gold_gain":175,"player_choice":"AGREE","damage_taken":0,"max_hp_gain":0,"max_hp_loss":0,"event_name":"Liars Game","floor":2,"gold_loss":0,"cards_obtained":["Doubt"]},{"cards_removed":["Doubt"],"damage_healed":0,"gold_gain":0,"player_choice":"Card Removal","damage_taken":0,"max_hp_gain":0,"max_hp_loss":0,"event_name":"The Cleric","floor":4,"gold_loss":50},{"damage_healed":0,"gold_gain":0,"player_choice":"Got Potions","damage_taken":0,"max_hp_gain":0,"max_hp_loss":0,"event_name":"Lab","floor":5,"gold_loss":0},{"cards_removed":["Defend_R"],"damage_healed":0,"gold_gain":0,"player_choice":"Offered Basic","damage_taken":0,"max_hp_gain":0,"max_hp_loss":0,"event_name":"Bonfire Elementals","floor":7,"gold_loss":0}],"is_beta":false,"boss_relics":[],"items_purged_floors":[],"is_endless":false,"potions_floor_spawned":[3,8],"killed_by":"Lagavulin","ascension_level":0}}