{"host":"cij6922spxtbkai3","time":1608844987,"event":{"mods":["2.2 Compatiblity","AchievementEnabler","BaseMod","Colored Map","DeckTracker","Highlight Path","Keyboard Shortcuts","Minty Spire (QoL Compilation)","Permanent Neow","Quick Restart","Rare Cards Sparkle","SuperFastMode","everything is the same but u backflip on backflip"],"gold_per_floor":[110,110,110,126,126,157,39,39,120,137,150,150,150],"floor_reached":12,"playtime":481,"items_purged":[],"score":78,"play_id":"daaa5d5a-1938-47d2-98ed-d28a02d9ef0b","local_time":"20201225062307","is_ascension_mode":false,"campfire_choices":[],"circlet_count":0,"master_deck":["Strike_R","Strike_R","Strike_R","Defend_R","Defend_R","Defend_R","Bash","Rage+1","Armaments","Flex","Inflame"],"relics":["Burning Blood","StoneCalendar","Paper Frog"],"acts_visited":["Exordium"],"potions_floor_usage":[11,12],"damage_taken":[{"damage":1,"enemies":"Cultist","floor":1,"turns":4},{"damage":0,"enemies":"2 Louse","floor":4,"turns":3},{"damage":35,"enemies":"Lagavulin","floor":6,"turns":8},{"damage":1,"enemies":"Jaw Worm","floor":10,"turns":4},{"damage":16,"enemies":"3 Louse","floor":11,"turns":4},{"damage":26,"enemies":"3 Sentries","floor":12,"turns":4}],"seed_played":"-2137334014678141791","potions_obtained":[{"floor":1,"key":"Explosive Potion"},{"floor":10,"key":"LiquidBronze"}],"is_trial":false,"path_per_floor":["M","?","?","M","$","E","$","?","T","M","M","E"],"character_chosen":"IRONCLAD","items_purchased":["Flex","Inflame"],"campfire_rested":0,"item_purchase_floors":[7,7],"current_hp_per_floor":[61,54,54,60,60,31,31,31,31,36,26,0,0],"gold":150,"neow_bonus":"REMOVE_TWO","is_daily":false,"chose_seed":false,"campfire_upgraded":0,"win_rate":0.0,"timestamp":1608844987,"path_taken":["M","?","?","M","?","E","$","?","T","M","M","E"],"items_purchased_type":["Card","Card"],"build_version":"2020-12-22","purchased_purges":0,"victory":false,"max_hp_per_floor":[80,80,80,80,80,80,80,80,80,80,80,80,80],"card_choices":[{"not_picked":["Dropkick","Evolve"],"picked":"Rage","floor":1},{"not_picked":["Sword Boomerang","Fire Breathing"],"picked":"Armaments","floor":4},{"not_picked":["Warcry","Dropkick","Armaments"],"picked":"SKIP","floor":6},{"not_picked":["Blood for Blood","Anger","Carnage"],"picked":"SKIP","floor":10},{"not_picked":["Warcry","Burning Pact","Headbutt"],"picked":"SKIP","floor":11}],"player_experience":13960,"relics_obtained":[{"floor":6,"key":"StoneCalendar"},{"floor":9,"key":"Paper Frog"}],"event_choices":[{"cards_removed":["Defend_R"],"damage_healed":0,"gold_gain":0,"player_choice":"Card Removal","damage_taken":7,"max_hp_gain":0,"max_hp_loss":0,"event_name":"Golden Wing","floor":2,"gold_loss":0},{"damage_healed":0,"gold_gain":0,"player_choice":"Ignored","damage_taken":0,"max_hp_gain":0,"max_hp_loss":0,"event_name":"Shining Light","floor":3,"gold_loss":0},{"damage_healed":0,"gold_gain":0,"player_choice":"Upgraded","damage_taken":0,"max_hp_gain":0,"max_hp_loss":0,"event_name":"Upgrade Shrine","floor":8,"gold_loss":0,"cards_upgraded":["Rage"]}],"is_beta":false,"boss_relics":[],"items_purged_floors":[],"is_endless":false,"potions_floor_spawned":[1,10],"killed_by":"3 Sentries","ascension_level":0}}