{"host":"rmsq46plbpwfbxcc","time":1608816450,"event":{"mods":["AchievementEnabler","BaseMod","Colored Map","DeckTracker","Minty Spire (QoL Compilation)","Permanent Neow","SuperFastMode"],"gold_per_floor":[117,128,141,41,56,67,67,67,67,92,92,92,111,146,146,217,217,234,234,251,151,167,181,181,208,208,208,221,254,254,288,288,365,365,377,377,87,87,104,104,139,139,139,165,165,198,198,217,217,217,217,217,12,46,46,46],"floor_reached":55,"playtime":1839,"items_purged":["Strike_G","Strike_G","Strike_G","Strike_G"],"score":1481,"play_id":"c6b36d8d-f180-4a18-9c20-6cc5010937b8","local_time":"20201224222730","is_ascension_mode":true,"campfire_choices":[{"data":"Neutralize","floor":8.0,"key":"SMITH"},{"data":"Die Die Die","floor":11.0,"key":"SMITH"},{"data":"Finisher","floor":15.0,"key":"SMITH"},{"data":"After Image","floor":24.0,"key":"SMITH"},{"data":"Envenom","floor":27.0,"key":"SMITH"},{"data":"Well Laid Plans","floor":30.0,"key":"SMITH"},{"floor":32.0,"key":"REST"},{"data":"A Thousand Cuts","floor":40.0,"key":"SMITH"},{"data":"Flash of Steel","floor":42.0,"key":"SMITH"},{"floor":45.0,"key":"RECALL"},{"data":"Survivor","floor":47.0,"key":"SMITH"},{"data":"Wraith Form v2","floor":49.0,"key":"SMITH"},{"data":"Defend_G","floor":52.0,"key":"SMITH"}],"circlet_count":0,"master_deck":["AscendersBane","Strike_G","Defend_G+1","Defend_G+1","Defend_G","Defend_G+1","Survivor+1","Neutralize+1","CurseOfTheBell","Escape Plan+1","Blade Dance+1","Cloak And Dagger+1","Cloak And Dagger+1","Die Die Die+1","Finisher+1","After Image+1","Blade Dance+1","Backflip+1","Envenom+1","Well Laid Plans+1","Choke+1","A Thousand Cuts+1","Tactician+1","Flash of Steel+1","Backflip+1","PiercingWail+1","Wraith Form v2+1","Acrobatics+1"],"relics":["Calling Bell","Centennial Puzzle","Toxic Egg 2","Ice Cream","Ninja Scroll","Meat on the Bone","Dream Catcher","WristBlade","Mercury Hourglass","Calipers","Tingsha","Matryoshka","Coffee Dripper","Bag of Marbles","Gambling Chip","Eternal Feather","War Paint","Regal Pillow","Orichalcum"],"acts_visited":["Exordium","TheCity","TheBeyond","TheEnding"],"potions_floor_usage":[54,55],"damage_taken":[{"damage":1.0,"enemies":"2 Louse","floor":1.0,"turns":3.0},{"damage":6.0,"enemies":"Cultist","floor":2.0,"turns":6.0},{"damage":1.0,"enemies":"Small Slimes","floor":3.0,"turns":4.0},{"damage":2.0,"enemies":"Exordium Thugs","floor":5.0,"turns":6.0},{"damage":4.0,"enemies":"Exordium Wildlife","floor":6.0,"turns":3.0},{"damage":4.0,"enemies":"Gremlin Nob","floor":10.0,"turns":3.0},{"damage":9.0,"enemies":"Blue Slaver","floor":13.0,"turns":2.0},{"damage":15.0,"enemies":"Lagavulin","floor":14.0,"turns":7.0},{"damage":22.0,"enemies":"The Guardian","floor":16.0,"turns":11.0},{"damage":6.0,"enemies":"2 Thieves","floor":18.0,"turns":2.0},{"damage":0.0,"enemies":"3 Byrds","floor":20.0,"turns":4.0},{"damage":10.0,"enemies":"Snake Plant","floor":22.0,"turns":3.0},{"damage":0.0,"enemies":"3 Cultists","floor":23.0,"turns":4.0},{"damage":1.0,"enemies":"Book of Stabbing","floor":25.0,"turns":4.0},{"damage":9.0,"enemies":"Centurion and Healer","floor":28.0,"turns":2.0},{"damage":0.0,"enemies":"Slavers","floor":29.0,"turns":2.0},{"damage":7.0,"enemies":"Book of Stabbing","floor":31.0,"turns":3.0},{"damage":25.0,"enemies":"Automaton","floor":33.0,"turns":7.0},{"damage":4.0,"enemies":"3 Darklings","floor":35.0,"turns":3.0},{"damage":0.0,"enemies":"Orb Walker","floor":39.0,"turns":2.0},{"damage":21.0,"enemies":"Nemesis","floor":41.0,"turns":4.0},{"damage":15.0,"enemies":"Reptomancer","floor":44.0,"turns":3.0},{"damage":0.0,"enemies":"Nemesis","floor":46.0,"turns":3.0},{"damage":0.0,"enemies":"Transient","floor":48.0,"turns":5.0},{"damage":11.0,"enemies":"Donu and Deca","floor":50.0,"turns":7.0},{"damage":44,"enemies":"Shield and Spear","floor":54,"turns":6},{"damage":35,"enemies":"The Heart","floor":55,"turns":2}],"seed_played":"5187362819954874305","potions_obtained":[{"floor":2.0,"key":"Energy Potion"},{"floor":3.0,"key":"LiquidBronze"},{"floor":6.0,"key":"SkillPotion"},{"floor":16.0,"key":"Explosive Potion"},{"floor":18.0,"key":"SmokeBomb"},{"floor":28.0,"key":"Ancient Potion"},{"floor":29.0,"key":"FearPotion"},{"floor":33.0,"key":"Poison Potion"},{"floor":39.0,"key":"Strength Potion"},{"floor":46.0,"key":"Block Potion"}],"is_trial":false,"path_per_floor":["M","M","M","$","M","M","$","R","T","E","R","?","M","E","R","B",null,"M","?","M","$","M","M","R","E","T","R","M","E","R","E","R","B",null,"M","?","$","?","M","R","E","R","T","E","R","E","R","M","R","B",null,"R","$","E","B"],"character_chosen":"THE_SILENT","items_purchased":["Cloak And Dagger+1","Bag of Marbles","PowerPotion"],"campfire_rested":1,"item_purchase_floors":[4,37,53],"current_hp_per_floor":[58,52,51,51,49,45,45,45,45,41,41,41,44,41,41,31,57,51,51,51,51,41,41,41,40,40,40,43,43,43,36,55,42,60,56,56,56,56,56,56,35,35,35,32,47,47,62,62,66,55,63,66,66,34,0,0],"gold":46,"neow_bonus":"BOSS_RELIC","is_daily":false,"chose_seed":false,"campfire_upgraded":11,"win_rate":0.0,"timestamp":1608816450,"path_taken":["M","M","M","$","M","M","$","R","T","E","R","?","?","E","R","BOSS","M","?","M","$","?","M","R","E","T","R","M","E","R","E","R","BOSS","M","?","$","?","M","R","E","R","T","E","R","E","R","M","R","BOSS","R","$","E","BOSS"],"items_purchased_type":["Card","Relic","Potion"],"build_version":"2020-12-22","purchased_purges":4,"victory":false,"max_hp_per_floor":[66,66,66,66,66,66,66,66,66,66,66,66,66,66,66,66,66,66,66,66,66,66,66,66,66,66,66,66,66,66,66,66,66,66,66,66,66,66,66,66,66,66,66,66,66,66,66,66,66,66,66,66,66,66,66,66],"card_choices":[{"not_picked":["Underhanded Strike","Flying Knee"],"picked":"Escape Plan+1","floor":1.0},{"not_picked":["All Out Attack","Dodge and Roll+1","Skewer"],"picked":"SKIP","floor":2.0},{"not_picked":["All Out Attack","Finisher"],"picked":"Blade Dance+1","floor":3.0},{"not_picked":["Prepared+1","Well Laid Plans"],"picked":"Cloak And Dagger+1","floor":5.0},{"not_picked":["Bane","Slice","Predator"],"picked":"SKIP","floor":6.0},{"not_picked":["Dagger Throw","Setup+1"],"picked":"Die Die Die","floor":10.0},{"not_picked":["Reflex+1","Skewer","Quick Slash"],"picked":"SKIP","floor":13.0},{"not_picked":["Backstab","Bane"],"picked":"Finisher","floor":14.0},{"not_picked":["Storm of Steel+1","Burst+1"],"picked":"After Image","floor":16.0},{"not_picked":["Riddle With Holes","Slice"],"picked":"Blade Dance+1","floor":18.0},{"not_picked":["Predator","Poisoned Stab","Deadly Poison+1"],"picked":"SKIP","floor":20.0},{"not_picked":["Die Die Die","Reflex+1","Predator"],"picked":"SKIP","floor":22.0},{"not_picked":["Prepared+1","Flying Knee"],"picked":"Backflip+1","floor":23.0},{"not_picked":["Dash","Dagger Throw"],"picked":"Envenom","floor":25.0},{"not_picked":["Outmaneuver+1","Dodge and Roll+1","Bouncing Flask+1"],"picked":"SKIP","floor":28.0},{"not_picked":["Skewer","Cloak And Dagger+1"],"picked":"Well Laid Plans","floor":29.0},{"not_picked":["Crippling Poison+1","Outmaneuver+1","Prepared+1"],"picked":"SKIP","floor":31.0},{"not_picked":["Reflex+1","Caltrops"],"picked":"Choke+1","floor":32.0},{"not_picked":["Phantasmal Killer+1","Glass Knife"],"picked":"A Thousand Cuts","floor":33.0},{"not_picked":["Dagger Spray","Backflip+1"],"picked":"Tactician+1","floor":35.0},{"not_picked":["Madness+1","Good Instincts+1"],"picked":"Flash of Steel","floor":38.0},{"not_picked":["Dash","Concentrate+1"],"picked":"Backflip+1","floor":39.0},{"not_picked":["Poisoned Stab+1","Flying Knee","Backflip+1"],"picked":"SKIP","floor":41.0},{"not_picked":["Flying Knee","Backflip+1","Quick Slash"],"picked":"SKIP","floor":44.0},{"not_picked":["Heel Hook","Dash"],"picked":"PiercingWail+1","floor":46.0},{"not_picked":["Crippling Poison+1","Prepared+1"],"picked":"Wraith Form v2","floor":48.0},{"not_picked":["Dagger Spray+1","Reflex+1"],"picked":"Acrobatics+1","floor":54}],"player_experience":1366732,"relics_obtained":[{"floor":0.0,"key":"Centennial Puzzle"},{"floor":0.0,"key":"Toxic Egg 2"},{"floor":0.0,"key":"Ice Cream"},{"floor":9.0,"key":"Ninja Scroll"},{"floor":10.0,"key":"Meat on the Bone"},{"floor":14.0,"key":"Dream Catcher"},{"floor":25.0,"key":"Mercury Hourglass"},{"floor":26.0,"key":"Calipers"},{"floor":29.0,"key":"Tingsha"},{"floor":31.0,"key":"Matryoshka"},{"floor":41.0,"key":"Gambling Chip"},{"floor":43.0,"key":"Eternal Feather"},{"floor":44.0,"key":"War Paint"},{"floor":46.0,"key":"Regal Pillow"},{"floor":54,"key":"Orichalcum"}],"event_choices":[{"cards_removed":["Defend_G"],"damage_healed":0.0,"max_hp_gain":0.0,"max_hp_loss":0.0,"gold_gain":0.0,"event_name":"Bonfire Elementals","player_choice":"Offered Basic","floor":12.0,"gold_loss":0.0,"damage_taken":0.0},{"damage_healed":0.0,"max_hp_gain":0.0,"max_hp_loss":0.0,"gold_gain":0.0,"event_name":"N\u0027loth","player_choice":"Ignored","floor":19.0,"gold_loss":0.0,"damage_taken":0.0},{"damage_healed":0.0,"max_hp_gain":0.0,"max_hp_loss":0.0,"gold_gain":0.0,"event_name":"Tomb of Lord Red Mask","player_choice":"Ignored","floor":36.0,"gold_loss":0.0,"damage_taken":0.0},{"damage_healed":0.0,"max_hp_gain":0.0,"max_hp_loss":0.0,"gold_gain":0.0,"event_name":"SensoryStone","player_choice":"Memory 1","floor":38.0,"gold_loss":0.0,"damage_taken":0.0}],"is_beta":false,"boss_relics":[{"not_picked":["Black Star","SacredBark"],"picked":"WristBlade"},{"not_picked":["HoveringKite","Fusion Hammer"],"picked":"Coffee Dripper"}],"items_purged_floors":[4,21,37,53],"is_endless":false,"potions_floor_spawned":[2,3,6,16,18,28,29,33,39,46],"killed_by":"The Heart","ascension_level":16}}