{"host":"ci7ivtocgfxh0ueo","time":1608846611,"event":{"mods":["BaseMod","GifTheSpireLib","Minty Spire (QoL Compilation)","StSLib"],"gold_per_floor":[113,113,124,124,143,177,177,197,222,222,222,241,271,78,78,78,78],"floor_reached":16,"playtime":317,"items_purged":[],"score":204,"play_id":"bb141fbe-ecca-4da3-bf7e-2877f5ab9907","local_time":"20201225055011","is_ascension_mode":true,"campfire_choices":[{"floor":7,"key":"REST"},{"data":"Bullet Time","floor":15,"key":"SMITH"}],"circlet_count":0,"master_deck":["AscendersBane","Strike_G","Strike_G","Strike_G","Strike_G","Strike_G","Defend_G","Defend_G+1","Defend_G+1","Defend_G","Defend_G+1","Survivor+1","Neutralize","Acrobatics","Noxious Fumes","Slice","Slice","Masterful Stab","Riddle With Holes","Leg Sweep","Bullet Time+1","Noxious Fumes","Dagger Throw"],"relics":["Ring of the Snake","NeowsBlessing","War Paint","Orichalcum","Boot","Mummified Hand","Bag of Marbles"],"acts_visited":["Exordium"],"potions_floor_usage":[6,16,16],"damage_taken":[{"damage":0,"enemies":"Small Slimes","floor":1,"turns":1},{"damage":0,"enemies":"Cultist","floor":3,"turns":1},{"damage":0,"enemies":"Jaw Worm","floor":5,"turns":1},{"damage":22,"enemies":"Lagavulin","floor":6,"turns":9},{"damage":0,"enemies":"Blue Slaver","floor":8,"turns":3},{"damage":0,"enemies":"2 Fungi Beasts","floor":12,"turns":3},{"damage":2,"enemies":"Gremlin Nob","floor":13,"turns":4},{"damage":37,"enemies":"Slime Boss","floor":16,"turns":5}],"seed_played":"-8502314695186193471","potions_obtained":[{"floor":1,"key":"Ancient Potion"},{"floor":6,"key":"BlessingOfTheForge"}],"is_trial":false,"path_per_floor":["M","?","M","?","M","E","R","M","T","?","T","M","E","$","R","B"],"character_chosen":"THE_SILENT","items_purchased":["Noxious Fumes","BlessingOfTheForge","Dagger Throw"],"campfire_rested":1,"item_purchase_floors":[14,14,14],"current_hp_per_floor":[59,39,39,39,39,17,36,36,36,36,36,36,34,34,34,0,0],"gold":78,"neow_bonus":"THREE_ENEMY_KILL","is_daily":false,"chose_seed":false,"campfire_upgraded":1,"win_rate":0.0,"timestamp":1608846611,"path_taken":["M","?","M","?","?","E","R","M","T","?","?","M","E","$","R","BOSS"],"items_purchased_type":["Card","Potion","Card"],"build_version":"2020-12-22","purchased_purges":0,"victory":false,"max_hp_per_floor":[66,66,66,66,66,66,66,66,66,66,66,66,66,66,66,66,66],"card_choices":[{"not_picked":["Slice","Sucker Punch"],"picked":"Acrobatics","floor":1},{"not_picked":["Poisoned Stab","Leg Sweep"],"picked":"Noxious Fumes","floor":3},{"not_picked":["Blade Dance","Bane"],"picked":"Slice","floor":5},{"not_picked":["Acrobatics","Concentrate"],"picked":"Masterful Stab","floor":6},{"not_picked":["Noxious Fumes","Dodge and Roll"],"picked":"Riddle With Holes","floor":8},{"not_picked":["Slice","Flying Knee"],"picked":"Leg Sweep","floor":12},{"not_picked":["Slice","Expertise"],"picked":"Bullet Time","floor":13}],"player_experience":1295230,"relics_obtained":[{"floor":6,"key":"War Paint"},{"floor":9,"key":"Orichalcum"},{"floor":11,"key":"Mummified Hand"},{"floor":13,"key":"Bag of Marbles"}],"event_choices":[{"damage_healed":0,"gold_gain":0,"player_choice":"Entered Light","damage_taken":20,"max_hp_gain":0,"max_hp_loss":0,"event_name":"Shining Light","floor":2,"gold_loss":0,"cards_upgraded":["Survivor","Defend_G"]},{"damage_healed":0,"gold_gain":0,"player_choice":"1 cards matched","damage_taken":0,"max_hp_gain":0,"max_hp_loss":0,"event_name":"Match and Keep!","floor":4,"gold_loss":0,"cards_obtained":["Slice"]},{"damage_healed":0,"gold_gain":0,"player_choice":"Searched \u00271\u0027 times","damage_taken":0,"relics_obtained":["Boot"],"max_hp_gain":0,"max_hp_loss":0,"event_name":"Dead Adventurer","floor":10,"gold_loss":0}],"is_beta":false,"boss_relics":[],"items_purged_floors":[],"is_endless":false,"potions_floor_spawned":[1,6],"killed_by":"Slime Boss","ascension_level":17}}