{"host":"c2og1cp357bgjv9b","time":1608777444,"event":{"mods":["BaseMod","Colored Map","Minty Spire (QoL Compilation)","Replay The Spire","StSLib"],"gold_per_floor":[110,130,130,142,142,142,22,22,47,77,77,96,152,164,164,164,164],"floor_reached":16,"playtime":971,"items_purged":[],"score":100,"play_id":"ffc53702-5b26-49c1-87b1-7d0965563912","local_time":"20201224103724","is_ascension_mode":false,"campfire_choices":[{"data":"Gash","floor":6,"key":"SMITH"},{"data":"ReplayTheSpireMod:GoodbyeWorld","floor":8,"key":"SMITH"},{"floor":15,"key":"REST"}],"circlet_count":0,"master_deck":["Strike_B+1","Strike_B","Strike_B","Defend_B","Defend_B","Defend_B","Defend_B","Zap+1","Dualcast","Go for the Eyes+1","Gash+1","Rebound","ReplayTheSpireMod:GoodbyeWorld+1","Rebound+1","Beam Cell+1","Stack","Conserve Battery"],"relics":["Cracked Core","Whetstone","Oddly Smooth Stone","Molten Egg 2"],"acts_visited":["Exordium"],"potions_floor_usage":[],"damage_taken":[{"damage":5,"enemies":"Small Slimes","floor":1,"turns":3},{"damage":0,"enemies":"Jaw Worm","floor":2,"turns":3},{"damage":0,"enemies":"Cultist","floor":4,"turns":3},{"damage":21,"enemies":"3 Sentries","floor":10,"turns":6},{"damage":1,"enemies":"2 Fungi Beasts","floor":12,"turns":3},{"damage":7,"enemies":"Looter","floor":14,"turns":3},{"damage":57,"enemies":"Fading Forest","floor":16,"turns":10}],"seed_played":"-1722023447956915798","potions_obtained":[{"floor":4,"key":"Energy Potion"},{"floor":12,"key":"Fire Potion"},{"floor":13,"key":"BlessingOfTheForge"}],"is_trial":false,"path_per_floor":["M","M","?","M","?","R","$","R","T","E","?","M","?","M","R","B"],"character_chosen":"DEFECT","items_purchased":["ReplayTheSpireMod:GoodbyeWorld","Rebound+1"],"campfire_rested":1,"item_purchase_floors":[7,7],"current_hp_per_floor":[70,70,70,70,63,63,63,63,63,42,42,41,23,16,38,0,0],"gold":164,"neow_bonus":"UPGRADE_CARD","is_daily":false,"chose_seed":false,"campfire_upgraded":2,"win_rate":0.0,"timestamp":1608777444,"path_taken":["M","M","?","M","?","R","$","R","T","E","?","?","?","?","R","BOSS"],"items_purchased_type":["Card","Card"],"build_version":"2020-12-22","purchased_purges":0,"victory":false,"max_hp_per_floor":[75,75,75,75,75,75,75,75,75,75,75,75,75,75,75,75,75],"card_choices":[{"not_picked":["FIFO Queue","Reprogram"],"picked":"Go for the Eyes","floor":1},{"not_picked":["Beam Cell","Ball Lightning"],"picked":"Gash","floor":2},{"not_picked":["Reinforced Body","Rip and Tear"],"picked":"Rebound","floor":4},{"not_picked":["ReplayTheSpireMod:Repulse","FIFO Queue"],"picked":"Beam Cell","floor":10},{"not_picked":["Cold Snap","ReplayTheSpireMod:Omega Cannon","Sunder"],"picked":"SKIP","floor":12},{"not_picked":["ReplaySolidLightProjector","Streamline+1"],"picked":"Stack","floor":13},{"not_picked":["FIFO Queue","BasicCrystalCard"],"picked":"Conserve Battery","floor":14}],"player_experience":104647,"relics_obtained":[{"floor":9,"key":"Whetstone"},{"floor":10,"key":"Oddly Smooth Stone"},{"floor":13,"key":"Molten Egg 2"}],"event_choices":[{"cards_removed":["Multi-Cast"],"damage_healed":0,"gold_gain":0,"player_choice":"Card Removal","damage_taken":7,"max_hp_gain":0,"max_hp_loss":0,"event_name":"Golden Wing","floor":5,"gold_loss":0},{"damage_healed":0,"gold_gain":0,"player_choice":"Forge","damage_taken":0,"max_hp_gain":0,"max_hp_loss":0,"event_name":"Accursed Blacksmith","floor":11,"gold_loss":0,"cards_upgraded":["Beam Cell"]}],"is_beta":false,"boss_relics":[],"items_purged_floors":[],"is_endless":false,"potions_floor_spawned":[4,12,14],"killed_by":"Fading Forest","ascension_level":0}}