{"host":"hb254truj5uxpodn","time":1608792406,"event":{"mods":["2.2 Compatiblity","AchievementEnabler","Aspiration","BaseMod","Bestiary","Better Altar","Better Match","Better Note","Better Sensory Stone","Better Skull","Better Third Choice","Better Vampires","BetterRewards","CapriCore","CatGirl Mod","Colored Map","Colored Powertips","Conspire","Downfall","Energized Spire","Friendly Minions","GifTheSpireLib","Highlight Path","Hubris","Infinite Spire","Minty Spire (QoL Compilation)","Permanent Neow","Practice Mode","Quick Restart","Relic Stats","Replay The Spire","Shop Mod","Spicy Shops","StSLib","SuperFastMode","Uncapped","vexMod"],"gold_per_floor":[110,110,110,130,55,55,55,72,72,72,86,86,86,112,112,112,145,157,177,249,249,349,448,448,466,466,466,480,480,515,529,548,573,615,615,636,665,386,386,511,611,670,670,688,598,650,650,727,793,793,872,872,942,942,1018,1018,5,1103,793,793,793,855,855,864,864,864,946,975,825,905,985,985,1161,1161,1252,1361,1172,1172,1172,1267,1378,1378,1502,1502,1622,1622,1737,1737,1945,1945,2097,2097,2097,2097,2097,2097,2245,2320,2320,2498,2686,2686,2878,2878,2878,2878,2878,2453,2638,2638],"floor_reached":113,"playtime":12619,"items_purged":["theCatGirl:Strike","theCatGirl:Insane","theCatGirl:Defend","theCatGirl:Strike","theCatGirl:Strike","theCatGirl:Defend","theCatGirl:GoddessOfMisfortune","theCatGirl:GoddessOfMisfortune","theCatGirl:PilingErrors+1","theCatGirl:PilingErrors+1"],"score":1926,"play_id":"d153231b-ca3c-483b-bf95-d4e275ec25e7","local_time":"20201223224646","is_ascension_mode":false,"campfire_choices":[{"floor":6.0,"key":"RECALL"},{"data":"theCatGirl:SmellFear","floor":13.0,"key":"SMITH"},{"data":"theCatGirl:BodyBlow","floor":15.0,"key":"SMITH"},{"data":"theCatGirl:AccidentalHeadbutt","floor":35.0,"key":"SMITH"},{"floor":39.0,"key":"REST"},{"data":"Madness","floor":47.0,"key":"SMITH"},{"data":"theCatGirl:Enrage","floor":52.0,"key":"SMITH"},{"data":"theCatGirl:UnrelentingAssault","floor":54.0,"key":"SMITH"},{"data":"theCatGirl:FocusedStrike","floor":56.0,"key":"SMITH"},{"data":"conspire:Banana","floor":63.0,"key":"SMITH"},{"data":"theCatGirl:FumblingBlow","floor":63.0,"key":"SMITH"},{"data":"infinitespire:Gouge","floor":65.0,"key":"SMITH"},{"data":"theCatGirl:ClawScratch","floor":65.0,"key":"SMITH"},{"data":"theCatGirl:Howl","floor":80.0,"key":"SMITH"},{"data":"theCatGirl:BloodScent","floor":80.0,"key":"SMITH"},{"data":"theCatGirl:PilingErrors","floor":85.0,"key":"SMITH"},{"data":"theCatGirl:TripLunge","floor":85.0,"key":"SMITH"},{"data":"theCatGirl:BloodScent","floor":89.0,"key":"SMITH"},{"data":"theCatGirl:ClawStrike","floor":89.0,"key":"SMITH"},{"data":"theCatGirl:TrainWreck","floor":98,"key":"SMITH"},{"data":"theCatGirl:TrainWreck","floor":98,"key":"SMITH"},{"data":"theCatGirl:QuickStrike","floor":101,"key":"SMITH"},{"data":"theCatGirl:Evasion","floor":101,"key":"SMITH"},{"data":"theCatGirl:Beastification","floor":104,"key":"SMITH"},{"data":"theCatGirl:Meow","floor":104,"key":"SMITH"},{"floor":106,"key":"REST"},{"floor":109,"key":"REST"}],"circlet_count":0,"master_deck":["theCatGirl:ClawStrike+1","theCatGirl:Evasion+1","theCatGirl:Parry+1","theCatGirl:SmellFear+1","theCatGirl:QuickStrike+1","theCatGirl:TrainWreck+1","theCatGirl:BodyBlow+1","theCatGirl:BloodScent+1","theCatGirl:FumblingBlow+1","theCatGirl:AccidentalHeadbutt+1","theCatGirl:RageClaws+1","theCatGirl:UnrelentingAssault+1","theCatGirl:SpinningStrike+1","theCatGirl:Enrage+1","theCatGirl:Claws+1","theCatGirl:FocusedStrike+1","theCatGirl:FinishingMove+1","Madness+1","theCatGirl:TrainWreck+1","conspire:Banana+1","theCatGirl:ClawScratch+1","infinitespire:Gouge+1","theCatGirl:TripLunge+1","theCatGirl:Howl+1","theCatGirl:BloodScent+1","theCatGirl:FumblingBlow+1","theCatGirl:FumblingBlow+1","theCatGirl:Misfire+1","theCatGirl:Meow+1","theCatGirl:Beastification+1"],"relics":["theCatGirl:TrainedRelic","Regal Pillow","aspiration:BabyByrd","Orichalcum","Replay:Mystery Machine","hubris:Teleporter","Replay:Bottled Flurry","Bag of Marbles","hubris:ScarierMask","hubris:FunFungus","Gremlin Food","ReplayTheSpireMod:Lightbulb","CeramicFish","infinitespire:EvilPickle","Replay:Wanted Poster","conspire:TopHat","Kunai","hubris:Metronome","Shuriken","vexMod:Spyglass","Oddly Smooth Stone","Replay:Arrowhead","Vajra","Snack Pack","HornCleat","Odd Mushroom","ReplayFunnel","Replay:Bronze Core","theCatGirl:DriedFish","Bottled Lightning","Ginger","hubris:GlazedTorus","hubris:Potato","conspire:Dentures","infinitespire:Satchel","infinitespire:Bottled Soul","Bottled Flame"],"acts_visited":["Exordium","Exordium","TheCity","TheBeyond","Exordium","TheCity","TheBeyond","TheEnding"],"potions_floor_usage":[112],"damage_taken":[{"damage":2.0,"enemies":"Jaw Worm","floor":1.0,"turns":4.0},{"damage":0.0,"enemies":"Small Slimes","floor":4.0,"turns":4.0},{"damage":0.0,"enemies":"2 Louse","floor":8.0,"turns":3.0},{"damage":0.0,"enemies":"Small Slimes","floor":11.0,"turns":3.0},{"damage":26.0,"enemies":"Lagavulin","floor":14.0,"turns":7.0},{"damage":11.0,"enemies":"Gremlin Nob","floor":17.0,"turns":4.0},{"damage":0.0,"enemies":"Cultist","floor":18.0,"turns":3.0},{"damage":0.0,"enemies":"2 Fungi Beasts","floor":19.0,"turns":3.0},{"damage":26.0,"enemies":"The Guardian","floor":23.0,"turns":7.0},{"damage":11.0,"enemies":"Shell Parasite","floor":25.0,"turns":5.0},{"damage":4.0,"enemies":"3 Byrds","floor":28.0,"turns":3.0},{"damage":2.0,"enemies":"Slavers","floor":30.0,"turns":3.0},{"damage":6.0,"enemies":"Shelled Parasite and Fungi","floor":31.0,"turns":4.0},{"damage":6.0,"enemies":"3 Cultists","floor":32.0,"turns":4.0},{"damage":3.0,"enemies":"conspire:Head Lice","floor":34.0,"turns":6.0},{"damage":12.0,"enemies":"Snecko","floor":36.0,"turns":5.0},{"damage":14.0,"enemies":"Centurion and Healer","floor":37.0,"turns":3.0},{"damage":34.0,"enemies":"Pondfish","floor":40.0,"turns":11.0},{"damage":0.0,"enemies":"Orb Walker","floor":42.0,"turns":1.0},{"damage":0.0,"enemies":"3 Darklings","floor":46.0,"turns":2.0},{"damage":0.0,"enemies":"Nemesis","floor":48.0,"turns":3.0},{"damage":15.0,"enemies":"4 Shapes","floor":49.0,"turns":3.0},{"damage":0.0,"enemies":"Maw","floor":51.0,"turns":5.0},{"damage":0.0,"enemies":"Transient","floor":53.0,"turns":5.0},{"damage":4.0,"enemies":"4 Shapes","floor":55.0,"turns":3.0},{"damage":0.0,"enemies":"infinitespire:Voidling","floor":58.0,"turns":1.0},{"damage":0.0,"enemies":"Cultist","floor":62.0,"turns":1.0},{"damage":0.0,"enemies":"Gremlin Nob","floor":67.0,"turns":1.0},{"damage":0.0,"enemies":"The Mushroom Lair","floor":68.0,"turns":1.0},{"damage":0.0,"enemies":"conspire:RoseBush","floor":70.0,"turns":1.0},{"damage":0.0,"enemies":"Large Slime","floor":71.0,"turns":1.0},{"damage":0.0,"enemies":"Fading Forest","floor":73.0,"turns":8.0},{"damage":0.0,"enemies":"Spheric Guardian","floor":75.0,"turns":1.0},{"damage":0.0,"enemies":"3 Byrds","floor":76.0,"turns":1.0},{"damage":0.0,"enemies":"Centurion and Healer","floor":81.0,"turns":2.0},{"damage":0.0,"enemies":"Cultist and Chosen","floor":82.0,"turns":2.0},{"damage":0.0,"enemies":"Replay:Snechameleon","floor":84.0,"turns":3.0},{"damage":0.0,"enemies":"3 Cultists","floor":86.0,"turns":2.0},{"damage":11.0,"enemies":"Snake Plant","floor":88.0,"turns":2.0},{"damage":0.0,"enemies":"Champ","floor":90.0,"turns":4.0},{"damage":0.0,"enemies":"Orb Walker","floor":92.0,"turns":2.0},{"damage":0,"enemies":"3 Darklings","floor":99,"turns":2},{"damage":0,"enemies":"4 Shapes","floor":102,"turns":2},{"damage":0,"enemies":"Spire Growth","floor":103,"turns":2},{"damage":0,"enemies":"Sphere and 2 Shapes","floor":105,"turns":1},{"damage":10,"enemies":"hubris:GrandSnecko","floor":107,"turns":4},{"damage":0,"enemies":"Shield and Spear","floor":111,"turns":1},{"damage":14,"enemies":"The Heart","floor":112,"turns":5}],"seed_played":"-1039206497736921735","potions_obtained":[{"floor":4.0,"key":"champ:CounterPotion"},{"floor":8.0,"key":"Weak Potion"},{"floor":14.0,"key":"hexamod:EctoCoolerPotion"},{"floor":25.0,"key":"Block Potion"},{"floor":82.0,"key":"Fruit Juice"},{"floor":88.0,"key":"Explosive Potion"},{"floor":96,"key":"FairyPotion"}],"is_trial":false,"path_per_floor":["M","?","?","M","$","R","E","M","?","?","M","$","R","E","R","T","E","M","M","T","?","R_BF","B",null,"M","?","?","M","T","E","M","M","T","E","R","M","M","$","R","B",null,"M","AVR","?","?","M","R","E","M","T","M","R","M","R","M","R","B","M","$","$","?","M","R","AVR","R","T","E","?","$","M","M","R_BF","B",null,"M","M","$","?","R","M","M","T","E","R","M","AVR","M","R","B",null,"M","AVR","T","?","?","R","M","T","R","M","M","R","M","R","B",null,"R","$","E","B",null],"character_chosen":"THE_CATGIRL","items_purchased":["theCatGirl:FinishingMove+1","Shuriken","vexMod:Spyglass","Oddly Smooth Stone","conspire:Banana","theCatGirl:ClawScratch","ReplayFunnel","theCatGirl:FumblingBlow+1","theCatGirl:DriedFish"],"campfire_rested":3,"item_purchase_floors":[38,57,57,57,59,59,69,77,77],"current_hp_per_floor":[68,68,68,68,68,68,70,70,70,70,70,70,70,44,44,44,33,33,33,33,33,33,7,70,59,59,59,55,55,53,48,43,43,40,40,29,15,15,51,18,70,70,70,61,61,64,64,65,50,50,54,54,64,64,64,64,70,70,70,70,70,71,71,71,71,71,71,71,71,71,71,71,73,73,73,73,73,73,73,75,82,82,84,84,86,86,80,80,90,90,92,92,92,74,74,74,84,84,84,88,98,98,100,100,98,102,102,102,104,95],"gold":2638,"neow_bonus":"RANDOM_COMMON_RELIC","is_daily":false,"chose_seed":false,"campfire_upgraded":23,"win_rate":0.0,"timestamp":1608792406,"path_taken":["M","?","?","M","$","R","E","M","?","?","M","$","R","E","R","T","E","?","M","?","?","R_BF","BOSS","M","?","?","M","?","E","M","M","T","E","R","M","M","$","R","BOSS","M","AVR","?","?","?","R","E","M","T","M","R","M","R","?","R","BOSS","M","?","?","?","M","R","AVR","R","T","E","?","?","M","M","R_BF","BOSS","M","M","?","?","R","M","M","T","E","R","?","AVR","M","R","BOSS","M","AVR","?","?","?","R","M","T","R","?","M","R","?","R","BOSS","R","$","E","BOSS"],"items_purchased_type":["Card","Relic","Relic","Relic","Card","Card","Relic","Card","Relic"],"build_version":"2020-12-22","purchased_purges":10,"victory":true,"max_hp_per_floor":[70,70,70,70,70,70,70,70,70,70,70,70,70,70,70,70,70,70,70,70,70,70,70,70,70,70,70,70,70,70,70,70,70,70,70,70,70,70,70,70,70,70,70,70,70,70,70,70,70,70,70,70,70,70,70,70,70,70,70,70,70,71,71,71,71,71,71,71,71,71,71,71,73,73,73,73,73,73,73,75,82,82,84,84,86,86,88,88,90,90,92,92,92,92,92,92,94,94,94,96,98,98,100,100,102,102,102,102,104,106],"relic_stats":{"Regal Pillow":15,"counters":[33,109],"Shuriken":[26],"CeramicFish":198,"Kunai":[36],"Ginger":[2],"Orichalcum":[402],"obtain_stats":[{"ReplayFunnel":69,"Regal Pillow":0,"hubris:Metronome":0,"CeramicFish":0,"Vajra":64,"Ginger":84,"Replay:Mystery Machine":0,"vexMod:Spyglass":57,"conspire:TopHat":0,"Replay:Wanted Poster":0,"HornCleat":67,"aspiration:BabyByrd":0,"infinitespire:Bottled Soul":100,"Replay:Bronze Core":74,"hubris:ScarierMask":0,"MealTicket":9,"hubris:FunFungus":0,"Replay:Bottled Flurry":0,"Kunai":0,"hubris:GlazedTorus":87,"Gremlin Food":0,"conspire:Dentures":94,"theCatGirl:TrainedRelic":0,"theCatGirl:DriedFish":77,"hubris:Teleporter":0,"Oddly Smooth Stone":57,"Odd Mushroom":68,"Orichalcum":0,"Replay:Arrowhead":57,"infinitespire:EvilPickle":0,"Bottled Flame":111,"vexMod:BarristanHead":6,"Shuriken":57,"infinitespire:Satchel":95,"Snack Pack":66,"Bag of Marbles":0,"Bottled Lightning":83,"ReplayTheSpireMod:Lightbulb":0,"hubris:Potato":93},{"ReplayFunnel":14,"Regal Pillow":0,"hubris:Metronome":0,"CeramicFish":0,"Vajra":12,"Ginger":22,"Replay:Mystery Machine":0,"vexMod:Spyglass":10,"conspire:TopHat":0,"Replay:Wanted Poster":0,"HornCleat":13,"aspiration:BabyByrd":0,"infinitespire:Bottled Soul":27,"Replay:Bronze Core":17,"hubris:ScarierMask":0,"MealTicket":6,"hubris:FunFungus":0,"Replay:Bottled Flurry":0,"Kunai":0,"hubris:GlazedTorus":23,"Gremlin Food":0,"conspire:Dentures":26,"theCatGirl:TrainedRelic":0,"theCatGirl:DriedFish":19,"hubris:Teleporter":0,"Oddly Smooth Stone":10,"Odd Mushroom":14,"Orichalcum":0,"Replay:Arrowhead":10,"infinitespire:EvilPickle":0,"Bottled Flame":32,"vexMod:BarristanHead":5,"Shuriken":10,"infinitespire:Satchel":26,"Snack Pack":12,"Bag of Marbles":0,"Bottled Lightning":21,"ReplayTheSpireMod:Lightbulb":0,"hubris:Potato":26},{"ReplayFunnel":63,"Regal Pillow":0,"hubris:Metronome":0,"CeramicFish":0,"Vajra":61,"Ginger":82,"Replay:Mystery Machine":0,"vexMod:Spyglass":59,"conspire:TopHat":0,"Replay:Wanted Poster":0,"HornCleat":62,"aspiration:BabyByrd":0,"infinitespire:Bottled Soul":94,"Replay:Bronze Core":73,"hubris:ScarierMask":0,"MealTicket":41,"hubris:FunFungus":0,"Replay:Bottled Flurry":0,"Kunai":0,"hubris:GlazedTorus":84,"Gremlin Food":0,"conspire:Dentures":92,"theCatGirl:TrainedRelic":0,"theCatGirl:DriedFish":75,"hubris:Teleporter":0,"Oddly Smooth Stone":59,"Odd Mushroom":63,"Orichalcum":0,"Replay:Arrowhead":59,"infinitespire:EvilPickle":0,"Bottled Flame":104,"vexMod:BarristanHead":37,"Shuriken":59,"infinitespire:Satchel":92,"Snack Pack":61,"Bag of Marbles":0,"Bottled Lightning":79,"ReplayTheSpireMod:Lightbulb":0,"hubris:Potato":92}]},"card_choices":[{"not_picked":["theCatGirl:Growl","theCatGirl:ScratchFlurry"],"picked":"theCatGirl:Parry","floor":1.0},{"not_picked":["theCatGirl:RunningWithDaggers","theCatGirl:LuckyBlow"],"picked":"theCatGirl:SmellFear","floor":4.0},{"not_picked":["theCatGirl:LostTrinket","theCatGirl:AccidentalSlap"],"picked":"theCatGirl:QuickStrike","floor":8.0},{"not_picked":["theCatGirl:ExtremeSpeed","theCatGirl:BloodBath"],"picked":"theCatGirl:TrainWreck","floor":11.0},{"not_picked":["theCatGirl:Meow","theCatGirl:QuickStrike"],"picked":"theCatGirl:BodyBlow","floor":14.0},{"not_picked":["theCatGirl:LearnThePattern","theCatGirl:Beastification"],"picked":"theCatGirl:BloodScent","floor":17.0},{"not_picked":["theCatGirl:Stalk","theCatGirl:Slip","theCatGirl:LuckyBlow"],"picked":"SKIP","floor":18.0},{"not_picked":["theCatGirl:DefensiveStance","theCatGirl:FocusedStrike"],"picked":"theCatGirl:FumblingBlow","floor":19.0},{"not_picked":["theCatGirl:AdventurersInsight","theCatGirl:Beastification"],"picked":"theCatGirl:AccidentalHeadbutt","floor":23.0},{"not_picked":["theCatGirl:TrainWreck","theCatGirl:AccidentalSlap"],"picked":"theCatGirl:RageClaws+1","floor":25.0},{"not_picked":["theCatGirl:Prepared","theCatGirl:AccidentalSlap","theCatGirl:RunningWithDaggers+1"],"picked":"SKIP","floor":28.0},{"not_picked":["theCatGirl:QuickStrike+1","theCatGirl:ChangeOfPlans"],"picked":"theCatGirl:UnrelentingAssault","floor":30.0},{"not_picked":["theCatGirl:Growl","theCatGirl:Prepared","theCatGirl:RunningWithDaggers"],"picked":"SKIP","floor":31.0},{"not_picked":["theCatGirl:Stalk+1","theCatGirl:BloodScent"],"picked":"theCatGirl:SpinningStrike","floor":32.0},{"not_picked":["theCatGirl:TripLunge","theCatGirl:KeepAlert+1"],"picked":"theCatGirl:Enrage","floor":34.0},{"not_picked":["theCatGirl:ExtremeSpeed","theCatGirl:DefensiveStance"],"picked":"theCatGirl:Claws+1","floor":36.0},{"not_picked":["theCatGirl:ShockedWitness","theCatGirl:LearnByMistake"],"picked":"theCatGirl:FocusedStrike","floor":37.0},{"not_picked":["theCatGirl:PilingErrors+1","theCatGirl:Growl","theCatGirl:ShockedWitness+1"],"picked":"SKIP","floor":42.0},{"not_picked":["theCatGirl:SpinningStrike","theCatGirl:AccidentalSlap","theCatGirl:ThatWasntIt"],"picked":"SKIP","floor":46.0},{"not_picked":["theCatGirl:BloodBath+1","theCatGirl:RageClaws+1","theCatGirl:QuickStrike+1"],"picked":"SKIP","floor":48.0},{"not_picked":["theCatGirl:ClenchYourTeeth+1","theCatGirl:TryingMyBest","theCatGirl:UnrelentingAssault+1"],"picked":"SKIP","floor":49.0},{"not_picked":["theCatGirl:ClenchYourTeeth","theCatGirl:ShockedWitness"],"picked":"theCatGirl:PilingErrors+1","floor":51.0},{"not_picked":["theCatGirl:PoisedStrike+1","theCatGirl:FumblingBlow","theCatGirl:Counterattack"],"picked":"SKIP","floor":53.0},{"not_picked":["theCatGirl:RageClaws","theCatGirl:PoisedStrike","theCatGirl:AngryForm"],"picked":"SKIP","floor":55.0},{"not_picked":["theCatGirl:TwoStep","theCatGirl:UnrelentingAssault"],"picked":"theCatGirl:TrainWreck","floor":58.0},{"not_picked":["theCatGirl:ComboAttack","theCatGirl:SpinningStrike","theCatGirl:ChangeOfPlans"],"picked":"SKIP","floor":62.0},{"not_picked":["theCatGirl:FocusedStrike","theCatGirl:Prepared","theCatGirl:RunningWithDaggers"],"picked":"SKIP","floor":67.0},{"not_picked":["theCatGirl:ComboAttack","theCatGirl:QuickStrike"],"picked":"theCatGirl:TripLunge","floor":70.0},{"not_picked":["theCatGirl:ChangeOfPlans","theCatGirl:KeepAlert"],"picked":"theCatGirl:PilingErrors","floor":71.0},{"not_picked":["theCatGirl:Insane","theCatGirl:PoiseStance"],"picked":"theCatGirl:Howl","floor":73.0},{"not_picked":["theCatGirl:AccidentalSlap","theCatGirl:TripLunge","theCatGirl:DecliningDefenses"],"picked":"SKIP","floor":75.0},{"not_picked":["theCatGirl:DecliningDefenses","theCatGirl:RunningWithDaggers"],"picked":"theCatGirl:BloodScent","floor":76.0},{"not_picked":["theCatGirl:Prepared+1","theCatGirl:UnrelentingAssault"],"picked":"theCatGirl:GoddessOfMisfortune","floor":81.0},{"not_picked":["theCatGirl:PlayAround","theCatGirl:FumblingBlow"],"picked":"theCatGirl:GoddessOfMisfortune","floor":82.0},{"not_picked":["theCatGirl:TwoStep","theCatGirl:PoisedStrike","theCatGirl:RunningWithDaggers"],"picked":"SKIP","floor":84.0},{"not_picked":["theCatGirl:PerfectBlock","theCatGirl:ClawScratch"],"picked":"theCatGirl:FumblingBlow+1","floor":86.0},{"not_picked":["theCatGirl:TwoStep+1","theCatGirl:SpinningStrike+1","theCatGirl:Growl"],"picked":"SKIP","floor":88.0},{"not_picked":["theCatGirl:PoisedStrike","theCatGirl:PilingErrors"],"picked":"theCatGirl:Misfire+1","floor":92.0},{"not_picked":["theCatGirl:Prepared+1","theCatGirl:SpinningStrike","theCatGirl:Misfire"],"picked":"SKIP","floor":99},{"not_picked":["theCatGirl:Claws","theCatGirl:FocusedStrike+1"],"picked":"theCatGirl:Meow","floor":102},{"not_picked":["theCatGirl:RunningWithDaggers","theCatGirl:ExtremeSpeed"],"picked":"theCatGirl:Beastification","floor":103},{"not_picked":["theCatGirl:Stalk","theCatGirl:Parry+1","theCatGirl:LostTrinket"],"picked":"SKIP","floor":105},{"not_picked":["theCatGirl:BodyBlow+1","theCatGirl:DecliningDefenses","theCatGirl:RecoveryBlow"],"picked":"SKIP","floor":111}],"player_experience":1083499,"relics_obtained":[{"floor":14.0,"key":"Replay:Mystery Machine"},{"floor":17.0,"key":"hubris:Teleporter"},{"floor":20.0,"key":"Replay:Bottled Flurry"},{"floor":29.0,"key":"hubris:FunFungus"},{"floor":30.0,"key":"Gremlin Food"},{"floor":33.0,"key":"ReplayTheSpireMod:Lightbulb"},{"floor":34.0,"key":"CeramicFish"},{"floor":48.0,"key":"Kunai"},{"floor":50.0,"key":"hubris:Metronome"},{"floor":66.0,"key":"Snack Pack"},{"floor":67.0,"key":"HornCleat"},{"floor":68.0,"key":"Odd Mushroom"},{"floor":83.0,"key":"Bottled Lightning"},{"floor":84.0,"key":"Ginger"},{"floor":94,"key":"conspire:Dentures"},{"floor":100,"key":"infinitespire:Bottled Soul"},{"floor":111,"key":"Bottled Flame"}],"event_choices":[{"damage_healed":0.0,"max_hp_gain":0.0,"max_hp_loss":0.0,"gold_gain":0.0,"event_name":"conspire:Investor","player_choice":"Leave","floor":9.0,"gold_loss":0.0,"damage_taken":0.0},{"damage_healed":0.0,"max_hp_gain":0.0,"max_hp_loss":0.0,"gold_gain":0.0,"cards_transformed":["theCatGirl:Defend"],"event_name":"Transmorgrifier","player_choice":"Transformed","floor":10.0,"gold_loss":0.0,"damage_taken":0.0,"cards_obtained":["theCatGirl:Insane"]},{"damage_healed":0.0,"max_hp_gain":0.0,"max_hp_loss":0.0,"gold_gain":0.0,"event_name":"WeMeetAgain","player_choice":"Gave Potion","floor":21.0,"gold_loss":0.0,"damage_taken":0.0,"relics_obtained":["Bag of Marbles"]},{"damage_healed":0.0,"max_hp_gain":0.0,"max_hp_loss":0.0,"gold_gain":100.0,"event_name":"Wheel of Change","player_choice":"Gold","floor":22.0,"gold_loss":0.0,"damage_taken":0.0},{"damage_healed":0.0,"max_hp_gain":0.0,"max_hp_loss":0.0,"gold_gain":0.0,"event_name":"FaceTrader","player_choice":"Trade","floor":26.0,"gold_loss":0.0,"damage_taken":0.0,"relics_obtained":["GremlinMask"]},{"cards_removed":["theCatGirl:BloodScent"],"damage_healed":0.0,"max_hp_gain":0.0,"max_hp_loss":0.0,"gold_gain":0.0,"event_name":"betterNote:BetterNote","player_choice":"Give","floor":27.0,"gold_loss":0.0,"damage_taken":0.0,"cards_obtained":["None"]},{"damage_healed":0.0,"max_hp_gain":0.0,"max_hp_loss":0.0,"gold_gain":0.0,"event_name":"Winding Halls","player_choice":"Embrace Madness","floor":44.0,"gold_loss":0.0,"damage_taken":9.0,"cards_obtained":["Madness","Madness"]},{"cards_removed":["theCatGirl:Defend"],"damage_healed":0.0,"max_hp_gain":0.0,"max_hp_loss":0.0,"gold_gain":0.0,"event_name":"Designer","player_choice":"Upgrade and Remove","floor":45.0,"gold_loss":90.0,"damage_taken":0.0,"cards_upgraded":["Madness"]},{"cards_removed":["Madness"],"damage_healed":0.0,"max_hp_gain":0.0,"max_hp_loss":0.0,"gold_gain":0.0,"event_name":"Bonfire Elementals","player_choice":"Offered Uncommon","floor":61.0,"gold_loss":0.0,"damage_taken":0.0},{"damage_healed":0.0,"max_hp_gain":0.0,"max_hp_loss":0.0,"gold_gain":0.0,"event_name":"Mushrooms","player_choice":"Fought Mushrooms","floor":68.0,"gold_loss":0.0,"damage_taken":0.0},{"damage_healed":0.0,"max_hp_gain":0.0,"max_hp_loss":0.0,"gold_gain":0.0,"event_name":"betterThird:BetterSerpent","player_choice":"Ignored","floor":72.0,"gold_loss":0.0,"damage_taken":985.0},{"damage_healed":0.0,"max_hp_gain":0.0,"max_hp_loss":0.0,"gold_gain":0.0,"event_name":"Transmorgrifier","player_choice":"Ignored","floor":78.0,"gold_loss":0.0,"damage_taken":0.0},{"damage_healed":0,"gold_gain":0,"player_choice":"RE ","damage_taken":20,"relics_obtained":["infinitespire:Satchel"],"max_hp_gain":0,"max_hp_loss":0,"event_name":"betterSkull:BetterSkull","floor":95,"gold_loss":0,"cards_upgraded":[]},{"damage_healed":0,"gold_gain":0,"player_choice":"Got Potions","damage_taken":0,"max_hp_gain":0,"max_hp_loss":0,"event_name":"Lab","floor":96,"gold_loss":0}],"is_beta":false,"boss_relics":[{"not_picked":["energizedSpire:StickyHand","hubris:Stopwatch"],"picked":"hubris:ScarierMask"},{"not_picked":["vexMod:MysteryBossChallenge","conspire:SeveredTorchhead"],"picked":"Replay:Wanted Poster"},{"not_picked":["vexMod:ImprovementManual","aspiration:WatcherSkillbook"],"picked":"Replay:Bronze Core"},{"not_picked":["vexMod:RockOfEvil","Kintsugi","Replay:Drink Me"]}],"items_purged_floors":[5,38,38,43,57,59,87,93,110,110],"is_endless":false,"potions_floor_spawned":[4,8,14,18,25,30,34,37,40,49,53,55,58,68,70,76,81,82,88,90,99,105],"ascension_level":0}}