{"host":"irqpc5dtltfquxh7","time":1608819684,"event":{"mods":["2.2 Compatiblity","AchievementEnabler","Act Like it!","Aspiration","BaseMod","Better Third Choice","BetterRewards","CapriCore","Chen","Colored Map","Colored Powertips","Conspire","Friendly Minions","Halation","Highlight Path","Hubris","Infinite Spire","Jedi Mod","Minty Spire (QoL Compilation)","MostiFishMod","Permanent Neow","Replay The Spire","RumiaBox-????????","Shop Mod","Spicy Shops","Spikes Relics","StSLib","Strawberry Spire","Unknown Chances","Waifu the Spire","vexMod"],"gold_per_floor":[111,129,105,130,140,150,150,150,176,195,221,240,268,132,132,236,236,255,255,255,273,48,83,103,130,153,165,227,227,227,240,240,341,341,351,351,50,50,50,62,62,79,79,109,109,109,128,156,156,156],"floor_reached":51,"playtime":1945,"items_purged":["Chen:Honk","Chen:Deceitful","Chen:Barrier","Chen:Defend","Chen:Defend"],"score":905,"play_id":"f5bd16f8-8ce2-44cd-a757-98cd5729e91b","local_time":"20201224202124","is_ascension_mode":false,"campfire_choices":[{"data":"Chen:Tear","floor":7,"key":"SMITH"},{"data":"Chen:CatPunch","floor":7,"key":"SMITH"},{"data":"Chen:Adaptability","floor":15,"key":"SMITH"},{"data":"Chen:CatPunch","floor":15,"key":"SMITH"},{"data":"Chen:Gash","floor":29,"key":"SMITH"},{"data":"Chen:CurlUp","floor":29,"key":"SMITH"},{"data":"Chen:CurlUp","floor":32,"key":"SMITH"},{"data":"Chen:PounceTurnTail","floor":32,"key":"SMITH"},{"data":"Chen:GlitterPoke","floor":41,"key":"SMITH"},{"data":"Chen:Scratch","floor":41,"key":"SMITH"},{"data":"Chen:Gash","floor":49,"key":"SMITH"},{"data":"Chen:Lacerate","floor":49,"key":"SMITH"}],"circlet_count":0,"master_deck":["Chen:Strike","Chen:Strike","Chen:Strike","Chen:Strike","Chen:Strike","Chen:Defend","Chen:Defend","Chen:PounceTurnTail+1","Chen:GlitterPoke+1","Chen:CatPunch+1","Chen:Tear+1","Chen:CatPunch+1","Chen:Instinct","Chen:Frivolous+1","Chen:Adaptability+1","Chen:Lacerate+1","Chen:CurlUp+1","Chen:Assault","Chen:SurpriseAttack+1","Chen:CurlUp+1","Chen:Scratch","Chen:FollowUp","Chen:Gash+1","Chen:Scratch+1","Chen:CatPunch+1","Chen:Scratch+1","Chen:GlitterPoke+1","Chen:Gash+1"],"relics":["Chen:Catnip","DaveBox","PatriotShield","SynthV:TestCard","betterThird:SlimedRelic","halation:PenCase","MerchantsRug","Juzu Bracelet","Snack Pack","Dream Catcher","SpikesRelics:ToyHorsey","EasyGame_NEW","FeatherPendant","halation:Sosunser","hubris:Towel","MealTicket","halation:PrussianBluePaint","Eternal Feather"],"acts_visited":["Exordium","TheCity","TheBeyond"],"potions_floor_usage":[11,16,16,16,33,33,33,50,50],"damage_taken":[{"damage":0,"enemies":"Jaw Worm","floor":1,"turns":2},{"damage":0,"enemies":"2 Louse","floor":2,"turns":1},{"damage":0,"enemies":"conspire:MimicChest","floor":4,"turns":2},{"damage":0,"enemies":"Cultist","floor":5,"turns":2},{"damage":0,"enemies":"Looter","floor":6,"turns":1},{"damage":0,"enemies":"Red Slaver","floor":10,"turns":2},{"damage":0,"enemies":"Lagavulin","floor":11,"turns":4},{"damage":0,"enemies":"Large Slime","floor":12,"turns":2},{"damage":0,"enemies":"Replay:BlueRogue","floor":13,"turns":2},{"damage":0,"enemies":"The Guardian","floor":16,"turns":4},{"damage":0,"enemies":"conspire:FuzzyDice","floor":18,"turns":2},{"damage":0,"enemies":"2 Thieves","floor":21,"turns":3},{"damage":0,"enemies":"conspire:SneckoGhost","floor":23,"turns":3},{"damage":0,"enemies":"3 Cultists","floor":24,"turns":3},{"damage":0,"enemies":"Replay:Snechameleon","floor":25,"turns":2},{"damage":0,"enemies":"Snecko","floor":27,"turns":2},{"damage":0,"enemies":"Chosen and Byrds","floor":31,"turns":2},{"damage":0,"enemies":"conspire:MysteriousRune","floor":33,"turns":4},{"damage":0,"enemies":"3 Darklings","floor":35,"turns":3},{"damage":0,"enemies":"3 Shapes","floor":40,"turns":2},{"damage":0,"enemies":"Sphere and 2 Shapes","floor":42,"turns":2},{"damage":0,"enemies":"Nemesis","floor":44,"turns":1},{"damage":0,"enemies":"Transient","floor":47,"turns":1},{"damage":0,"enemies":"Giant Head","floor":48,"turns":2},{"damage":0,"enemies":"Replay:Hell Engine","floor":50,"turns":1}],"seed_played":"7358291172254198873","potions_obtained":[{"floor":4,"key":"Adrenaline Potion"},{"floor":6,"key":"Ancient Potion"},{"floor":10,"key":"Energy Potion"},{"floor":12,"key":"Adrenaline Potion"},{"floor":23,"key":"DuplicationPotion"},{"floor":25,"key":"Adrenaline Potion"},{"floor":28,"key":"Swift Potion"},{"floor":33,"key":"Strength Potion"},{"floor":44,"key":"Weak Potion"},{"floor":47,"key":"AttackPotion"}],"is_trial":false,"path_per_floor":["M","M","?","?","M","M","R","?","T","M","E","M","E","$","R","B",null,"M","?","?","M","$","E","M","E","T","M","?","R","?","M","R","B",null,"M","AVR","$","?","?","M","R","M","T","E","?","?","M","E","R","B",null],"character_chosen":"CHEN","items_purchased":["MerchantsRug","halation:Sosunser"],"campfire_rested":0,"item_purchase_floors":[14,37],"current_hp_per_floor":[70,70,59,59,59,59,59,59,59,59,59,59,59,59,59,59,70,70,70,70,70,70,70,70,70,70,70,70,70,70,70,70,70,70,70,70,70,70,70,70,70,70,70,70,70,70,70,70,70,70],"gold":156,"neow_bonus":"THREE_CARDS","is_daily":false,"chose_seed":false,"campfire_upgraded":12,"win_rate":0.0,"timestamp":1608819684,"path_taken":["M","M","?","?","?","M","R","?","T","M","E","?","E","$","R","BOSS","M","?","?","?","$","E","M","E","T","M","?","R","?","M","R","BOSS","M","AVR","?","?","?","M","R","M","T","E","?","?","M","E","R","BOSS"],"items_purchased_type":["Relic","Relic"],"build_version":"2020-12-22","purchased_purges":5,"victory":true,"max_hp_per_floor":[70,70,70,70,70,70,70,70,70,70,70,70,70,70,70,70,70,70,70,70,70,70,70,70,70,70,70,70,70,70,70,70,70,70,70,70,70,70,70,70,70,70,70,70,70,70,70,70,70,70],"card_choices":[{"not_picked":["Chen:Honk","Chen:Adaptability"],"picked":"Chen:Deceitful","floor":0},{"not_picked":["Chen:Instinct","Chen:TauntHiss"],"picked":"Chen:CatPunch","floor":1},{"not_picked":["Chen:Panic","Chen:CatPunch","Chen:Assault","Chen:Spray"],"picked":"Chen:ResistTemptation","floor":2},{"not_picked":["Chen:Flit","Chen:SelfControl","Chen:Copycat","Chen:Recuperate"],"picked":"Chen:Barrier","floor":4},{"not_picked":["Chen:Sneak","Chen:Lacerate","Chen:EmergencyEscape","Chen:PentagramFlight"],"picked":"Chen:Tear","floor":5},{"not_picked":["Chen:Scratch","Chen:PentagramFlight","Chen:Sweep","Chen:Sneak"],"picked":"Chen:CatPunch","floor":6},{"not_picked":["Chen:ResistTemptation","Chen:Spray","Chen:Copycat","Chen:SelfControl"],"picked":"Chen:Instinct","floor":10},{"not_picked":["Chen:StudySharpen","Chen:WhateverWorks","Chen:Panic","Chen:Shot"],"picked":"Chen:Frivolous","floor":11},{"not_picked":["Chen:Panic","Chen:Flit","Chen:Impale","Chen:Sneak"],"picked":"Chen:Adaptability","floor":12},{"not_picked":["Chen:ResistTemptation","Chen:GuardCounter","Chen:Panic","Chen:Tear"],"picked":"Chen:Lacerate","floor":13},{"not_picked":["Chen:Shapeshift","Chen:Gash","Chen:PhoenixEgg","Chen:Stability"],"picked":"Chen:CurlUp","floor":16},{"not_picked":["Chen:Sweep","Chen:Catseye","Chen:PentagramFlight","Chen:Shot+1"],"picked":"Chen:Assault","floor":18},{"not_picked":["Chen:CatPunch","Chen:Barrier","Chen:Recuperate","Chen:Sweep+1"],"picked":"Chen:SurpriseAttack+1","floor":21},{"not_picked":["Chen:Fadeout+1","Chen:Sweep+1","Chen:Sidestep","Chen:Recuperate"],"picked":"Chen:CurlUp","floor":23},{"not_picked":["Chen:Frivolous+1","Chen:Deceitful","Chen:Tear","Chen:EmergencyEscape"],"picked":"Chen:Scratch","floor":24},{"not_picked":["Chen:Mixup","Chen:MeditateFrenzy","Chen:BlueOniRedOni+1","Chen:PentagramFlight","Chen:Catseye+1"],"picked":"SKIP","floor":25},{"not_picked":["Chen:Rush+1","Chen:Sweep+1","Chen:Panic","Chen:Deceitful"],"picked":"Chen:FollowUp","floor":27},{"not_picked":["Chen:Instinct","Chen:CatPunch","Chen:Sidestep+1","Chen:Sweep+1"],"picked":"Chen:Gash","floor":28},{"not_picked":["Chen:Assault","Chen:Rush","Chen:Instinct","Chen:Barrier+1"],"picked":"Chen:Scratch","floor":31},{"not_picked":["Chen:Recuperate+1","Chen:Exploit","Chen:Rush+1","Chen:Sidestep"],"picked":"Chen:CatPunch+1","floor":35},{"not_picked":["Chen:Shot","Chen:RecklessLeap+1","Chen:Barrier","Chen:Adaptability+1","Chen:PentagramFlight"],"picked":"SKIP","floor":40},{"not_picked":["Chen:Instinct+1","Chen:Mixup+1","Chen:Nimbleness","Chen:StudySharpen","Chen:Panic+1"],"picked":"SKIP","floor":42},{"not_picked":["Chen:Panic","Chen:Shot+1","Chen:Spray+1","Chen:Tear+1"],"picked":"Chen:Scratch+1","floor":44},{"not_picked":["Chen:UpperHand+1","Chen:FollowUp+1","Chen:Sidestep","Chen:Sneak","Chen:Catseye"],"picked":"SKIP","floor":47},{"not_picked":["Chen:PentagramFlight","Chen:UpperHand+1","Chen:Flicker","Chen:ResistTemptation+1"],"picked":"Chen:Gash","floor":48}],"player_experience":402426,"relics_obtained":[{"floor":1,"key":"SynthV:TestCard"},{"floor":4,"key":"halation:PenCase"},{"floor":9,"key":"Pet Ghost"},{"floor":11,"key":"ReplayTheSpireMod:Lightbulb"},{"floor":23,"key":"Juzu Bracelet"},{"floor":25,"key":"Snack Pack"},{"floor":26,"key":"Dream Catcher"},{"floor":28,"key":"SpikesRelics:ToyHorsey"},{"floor":43,"key":"MealTicket"},{"floor":44,"key":"halation:PrussianBluePaint"},{"floor":48,"key":"Eternal Feather"}],"event_choices":[{"damage_healed":0,"gold_gain":0,"player_choice":"Slimed","damage_taken":11,"max_hp_gain":0,"max_hp_loss":0,"event_name":"betterThird:BetterGoop","floor":3,"gold_loss":24},{"damage_healed":0,"gold_gain":0,"cards_transformed":["Chen:ResistTemptation"],"player_choice":"Transformed","damage_taken":0,"max_hp_gain":0,"max_hp_loss":0,"event_name":"Transmorgrifier","floor":8,"gold_loss":0,"cards_obtained":["Chen:Honk"]},{"damage_healed":23,"gold_gain":0,"player_choice":"Heal","damage_taken":0,"max_hp_gain":0,"max_hp_loss":0,"event_name":"The Library","floor":20,"gold_loss":0},{"damage_healed":0,"gold_gain":0,"player_choice":"Ignored","damage_taken":0,"max_hp_gain":0,"max_hp_loss":0,"event_name":"NoteForYourself","floor":30,"gold_loss":0},{"damage_healed":0,"gold_gain":0,"player_choice":"Copied","damage_taken":0,"max_hp_gain":0,"max_hp_loss":0,"event_name":"Duplicator","floor":45,"gold_loss":0,"cards_obtained":["Chen:GlitterPoke"]}],"is_beta":false,"boss_relics":[{"not_picked":["hubris:VirtuousBlindfold","strawberrySpire:SolarisEssence","Replay:Wanted Poster"]},{"not_picked":["halation:MonkeysPaw","Calling Bell"],"picked":"EasyGame_NEW"}],"items_purged_floors":[14,22,22,36,37],"is_endless":false,"potions_floor_spawned":[4,6,10,12,23,25,33,44,47],"ascension_level":0}}