{"host":"l66odvkqh04jpxx0","time":1608823399,"event":{"mods":["BaseMod","Colored Powertips","Conspire","Luminous","Minty Spire (QoL Compilation)","Replay The Spire","StSLib","The Construct","The Cursed","The Mystic","The Servant 0.9.4"],"gold_per_floor":[112,130,130,130,55,55,71,26,26,58,58,58,58,58],"floor_reached":13,"playtime":805,"items_purged":["Defend_G"],"score":81,"play_id":"4fbaa862-83d8-4160-947d-b9072f48ed5b","local_time":"20201224232319","is_ascension_mode":false,"campfire_choices":[{"data":"Survivor","floor":6,"key":"SMITH"},{"floor":12,"key":"REST"}],"circlet_count":0,"master_deck":["Strike_G","Strike_G","Strike_G","Strike_G","Strike_G","Defend_G","Defend_G","Defend_G","Defend_G","Survivor+1","Acrobatics","Dagger Throw"],"relics":["Ring of the Snake","NeowsBlessing","Mummified Hand","TungstenRod"],"acts_visited":["Exordium"],"potions_floor_usage":[10],"damage_taken":[{"damage":0,"enemies":"Cultist","floor":1,"turns":1},{"damage":0,"enemies":"2 Louse","floor":2,"turns":1},{"damage":0,"enemies":"Jaw Worm","floor":7,"turns":1},{"damage":2,"enemies":"Looter","floor":8,"turns":5},{"damage":30,"enemies":"3 Sentries","floor":10,"turns":12},{"damage":69,"enemies":"Gremlin Nob","floor":13,"turns":5}],"seed_played":"3440803729977644697","potions_obtained":[{"floor":1,"key":"Block Potion"},{"floor":10,"key":"Adrenaline Potion"}],"is_trial":false,"path_per_floor":["M","M","?","?","$","R","M","M","T","E","?","R","E"],"character_chosen":"THE_SILENT","items_purchased":[],"campfire_rested":1,"item_purchase_floors":[],"current_hp_per_floor":[70,70,70,70,70,70,70,68,68,38,38,59,0,0],"gold":58,"neow_bonus":"THREE_ENEMY_KILL","is_daily":false,"chose_seed":false,"campfire_upgraded":1,"win_rate":0.0,"timestamp":1608823399,"path_taken":["M","?","?","?","$","R","M","M","T","E","?","R","E"],"items_purchased_type":[],"build_version":"2020-12-22","purchased_purges":1,"victory":false,"max_hp_per_floor":[70,70,70,70,70,70,70,70,70,70,70,70,70,70],"card_choices":[{"not_picked":["Heel Hook","Sucker Punch","Poisoned Stab"],"picked":"SKIP","floor":1},{"not_picked":["Sucker Punch","Dagger Spray","Dodge and Roll"],"picked":"SKIP","floor":2},{"not_picked":["Deadly Poison","Poisoned Stab"],"picked":"Acrobatics","floor":7},{"not_picked":["Poisoned Stab","Hidden Blade"],"picked":"Dagger Throw","floor":8},{"not_picked":["Envenom","Masterful Stab","Outmaneuver"],"picked":"SKIP","floor":10}],"player_experience":43129,"relics_obtained":[{"floor":9,"key":"Mummified Hand"},{"floor":10,"key":"TungstenRod"}],"event_choices":[{"damage_healed":0,"gold_gain":0,"player_choice":"Ignored","damage_taken":0,"max_hp_gain":0,"max_hp_loss":0,"event_name":"Shining Light","floor":4,"gold_loss":0},{"damage_healed":0,"gold_gain":0,"player_choice":"Ignored","damage_taken":0,"max_hp_gain":0,"max_hp_loss":0,"event_name":"NoteForYourself","floor":11,"gold_loss":0}],"is_beta":false,"boss_relics":[],"items_purged_floors":[5],"is_endless":false,"potions_floor_spawned":[1,10],"killed_by":"Gremlin Nob","ascension_level":0}}