{"host":"h5golg54dem4i27y","time":1608839597,"event":{"mods":["BaseMod","Colored Map","Colored Powertips","Minty Spire (QoL Compilation)","Replay The Spire","StSLib","SuperFastMode","The Hierophant"],"gold_per_floor":[114,36,36,36,42,42,42,60,60,116,131,131,131,144,144,144,144],"floor_reached":16,"playtime":1408,"items_purged":[],"score":99,"play_id":"b74696cd-eb3b-42df-baed-caa2d66fa81c","local_time":"20201225045317","is_ascension_mode":true,"campfire_choices":[{"data":"hierophant:ChurchCoffers","floor":6,"key":"SMITH"},{"floor":15,"key":"REST"}],"circlet_count":0,"master_deck":["hierophant:Strike_Hierophant","hierophant:Strike_Hierophant","hierophant:Strike_Hierophant","hierophant:Defend_Hierophant","hierophant:Defend_Hierophant","hierophant:Defend_Hierophant","hierophant:ChurchCoffers+1","hierophant:ThreeLashes","hierophant:Sermon+1","hierophant:Empathy+1"],"relics":["hierophant:PropheticMaskRelic","Replay:Wax Seal","Golden Idol","Simple Rune","Toxic Egg 2"],"acts_visited":["Exordium"],"potions_floor_usage":[16,16],"damage_taken":[{"damage":6,"enemies":"Cultist","floor":1,"turns":3},{"damage":0,"enemies":"2 Louse","floor":5,"turns":4},{"damage":3,"enemies":"Small Slimes","floor":8,"turns":4},{"damage":2,"enemies":"Red Slaver","floor":11,"turns":3},{"damage":2,"enemies":"Blue Slaver","floor":14,"turns":4},{"damage":38,"enemies":"Fading Forest","floor":16,"turns":9}],"seed_played":"-781117012737940087","potions_obtained":[{"floor":1,"key":"DistilledChaos"},{"floor":8,"key":"GamblersBrew"},{"floor":14,"key":"SkillPotion"}],"is_trial":false,"path_per_floor":["M","$","?","?","M","R","?","M","T","?","M","?","?","M","R","B"],"character_chosen":"HIEROPHANT","items_purchased":["Replay:Wax Seal"],"campfire_rested":1,"item_purchase_floors":[2],"current_hp_per_floor":[69,69,69,51,51,51,44,41,41,23,21,14,14,12,34,6,6],"gold":144,"neow_bonus":"THREE_CARDS","is_daily":false,"chose_seed":false,"campfire_upgraded":1,"win_rate":0.0,"timestamp":1608839597,"path_taken":["M","$","?","?","M","R","?","?","T","?","M","?","?","M","R","BOSS"],"items_purchased_type":["Relic"],"build_version":"2020-12-22","purchased_purges":0,"victory":false,"max_hp_per_floor":[75,75,75,75,75,75,75,75,75,75,75,75,75,75,75,75,75],"card_choices":[{"not_picked":["hierophant:Mercenaries","hierophant:FieryStrike","hierophant:FlamingChariot"],"picked":"SKIP","floor":1},{"not_picked":["hierophant:SealAway","hierophant:Blessing"],"picked":"hierophant:ThreeLashes","floor":5},{"not_picked":["hierophant:HolyVerse","hierophant:RustyCrate","hierophant:Racketeering"],"picked":"SKIP","floor":8},{"not_picked":["hierophant:Purify","hierophant:Remorse"],"picked":"hierophant:Sermon+1","floor":10},{"not_picked":["hierophant:PassingBell","hierophant:PristineSoul+1","hierophant:SecretStash+1"],"picked":"SKIP","floor":11},{"not_picked":["hierophant:Encroach+1","hierophant:Anathema","hierophant:ThreeLashes"],"picked":"SKIP","floor":14}],"player_experience":627984,"relics_obtained":[{"floor":9,"key":"Simple Rune"},{"floor":10,"key":"Toxic Egg 2"}],"event_choices":[{"damage_healed":0,"gold_gain":0,"player_choice":"Take Damage","damage_taken":18,"relics_obtained":["Golden Idol"],"max_hp_gain":0,"max_hp_loss":0,"event_name":"Golden Idol","floor":4,"gold_loss":0},{"damage_healed":0,"gold_gain":0,"player_choice":"Damaged","damage_taken":7,"max_hp_gain":0,"max_hp_loss":0,"event_name":"Wheel of Change","floor":7,"gold_loss":0},{"cards_removed":["hierophant:Strike_Hierophant"],"damage_healed":0,"gold_gain":0,"player_choice":"Card Removal","damage_taken":7,"max_hp_gain":0,"max_hp_loss":0,"event_name":"Golden Wing","floor":12,"gold_loss":0},{"damage_healed":0,"gold_gain":0,"cards_transformed":["hierophant:Defend_Hierophant"],"player_choice":"Transformed","damage_taken":0,"max_hp_gain":0,"max_hp_loss":0,"event_name":"Transmorgrifier","floor":13,"gold_loss":0,"cards_obtained":["hierophant:Empathy"]}],"is_beta":false,"boss_relics":[],"items_purged_floors":[],"is_endless":false,"potions_floor_spawned":[1,8,14],"killed_by":"Fading Forest","ascension_level":2}}