{"host":"yd9r7zy2pq4z3cad","time":1608797482,"event":{"mods":["AchievementEnabler","Act Like it!","Astrologer","BaseMod","Beaked The Cultist","Better Third Choice","BetterRewards","Colored Map","Colored Powertips","Conspire","Curses Come First","Displayed Cursed Tome","Downfall","Elementarium","GifTheSpireLib","Halation","Hallownest","Hermit","Highlight Path","Hubris","Infinite Spire","Jorbs\u0027s Wanderer Trilogy","Menagerie","Minty Spire (QoL Compilation)","Pale of the Ancients","Permanent Neow","Rare Cards Sparkle","Relic Sorter","Relic Stats","Replay The Spire","Shade Mod","StSLib","Stuff the Spire","The Alterego","The Blackbeard","The Bladedancer","The Bug Knight","The Cursed","The Dragon Tamer","The Exalted","The Factory","The Forsaken","The Gatherer","The Hierophant","The Jungle","The Mystic","The Necromancer","The Problem Sleuth","The Runesmith","The Servant 0.9.4","The Spell Scribe","vexMod"],"gold_per_floor":[114,130,130,3,16,16,31,31,80,80,93,113,126,141,141,242,242,261,272,272,272,288,288,288,320,320,320,320,337,354,369,369,472,472,483,483,499,499,516,516,536,536,559,459,491,504,517,517,517],"floor_reached":48,"playtime":2713,"items_purged":["Hallucinations","Defend_P","Strike_P"],"score":530,"play_id":"c246a118-ac19-4e8c-92a1-c532e6264c13","local_time":"20201224131121","is_ascension_mode":false,"campfire_choices":[{"data":"Eruption","floor":6.0,"key":"SMITH"},{"data":"SashWhip","floor":8.0,"key":"SMITH"},{"floor":15.0,"key":"REST"},{"data":"Eruption","floor":24.0,"key":"SMITH"},{"floor":28.0,"key":"REST"},{"data":"Pray","floor":32.0,"key":"SMITH"},{"floor":40,"key":"REST"},{"floor":42,"key":"REST"}],"circlet_count":0,"master_deck":["Strike_P","Strike_P","Defend_P","Defend_P","Defend_P","Vigilance","SandsOfTime","Replay:ManipulateFuture","EmptyBody","SashWhip+1","BowlingBash","Eruption+1","CrushJoints","Weave","Replay:AtTheReady","Replay:LoomingThreat","Consecrate","DeceiveReality","LikeWater","Pray+1","FlyingSleeves+1","Judgement","GearUp","Judgement","Sabotage","Consecrate+1","CarveReality"],"relics":["PureWater","hubris:OldNail","vexMod:CursedCompass","halation:SwordOfLegend","Bag of Preparation","hubris:DisguiseKit","alterego_mod:FleetingLove","Bromod:ArcaneEnergize","Vajra","StuffTheSpire:OldFever","infinitespire:Lychee Nut"],"acts_visited":["Exordium","TheCity","TheBeyond"],"potions_floor_usage":[35,37,41],"damage_taken":[{"damage":0.0,"enemies":"Cultist","floor":1.0,"turns":3.0},{"damage":3.0,"enemies":"Small Slimes","floor":2.0,"turns":2.0},{"damage":0.0,"enemies":"conspire:RoseBush","floor":5.0,"turns":3.0},{"damage":0.0,"enemies":"Exordium Thugs","floor":7.0,"turns":4.0},{"damage":0.0,"enemies":"Exordium Wildlife","floor":11.0,"turns":3.0},{"damage":0.0,"enemies":"Looter","floor":12.0,"turns":3.0},{"damage":0.0,"enemies":"Blue Slaver","floor":13.0,"turns":3.0},{"damage":10.0,"enemies":"Exordium Thugs","floor":14.0,"turns":4.0},{"damage":0.0,"enemies":"Slime Boss","floor":16.0,"turns":5.0},{"damage":0.0,"enemies":"Spheric Guardian","floor":18.0,"turns":3.0},{"damage":1.0,"enemies":"Shell Parasite","floor":19.0,"turns":5.0},{"damage":4.0,"enemies":"Centurion and Healer","floor":22.0,"turns":7.0},{"damage":24.0,"enemies":"Nightmare","floor":25.0,"turns":10.0},{"damage":9.0,"enemies":"Snake Plant","floor":29.0,"turns":4.0},{"damage":0.0,"enemies":"Sentry and Sphere","floor":30.0,"turns":3.0},{"damage":6.0,"enemies":"Centurion and Healer","floor":31.0,"turns":9.0},{"damage":44.0,"enemies":"hubris:MusketHawk","floor":33.0,"turns":11.0},{"damage":34,"enemies":"3 Darklings","floor":35,"turns":7},{"damage":0,"enemies":"3 Shapes","floor":37,"turns":3},{"damage":19,"enemies":"3 Darklings","floor":39,"turns":4},{"damage":6,"enemies":"4 Shapes","floor":41,"turns":2},{"damage":62,"enemies":"Nightmare","floor":45,"turns":10},{"damage":6,"enemies":"Jaw Worm Horde","floor":46,"turns":3},{"damage":0,"enemies":"3 Darklings","floor":47,"turns":1},{"damage":14,"enemies":"Maw","floor":48,"turns":5}],"seed_played":"5759543954549130982","potions_obtained":[{"floor":2.0,"key":"SpeedPotion"},{"floor":5.0,"key":"Fire Potion"},{"floor":11.0,"key":"Flashbang"},{"floor":16.0,"key":"ColorlessPotion"},{"floor":18.0,"key":"BlessingOfTheForge"},{"floor":22.0,"key":"BottledMiracle"},{"floor":29.0,"key":"Fire Potion"},{"floor":33.0,"key":"Block Potion"},{"floor":35,"key":"Fire Potion"},{"floor":39,"key":"BottledMiracle"}],"is_trial":false,"path_per_floor":["M","M","?","$","M","R","M","R","T","?","M","M","M","M","R","B",null,"M","M","?","AVR","M","?","R","NM","T","?","R","M","M","M","R_BF","B",null,"M","?","M","AVR","M","R","M","R","T","NS","NM","M","M","M"],"character_chosen":"WATCHER","items_purchased":["Adrenaline Potion"],"campfire_rested":4,"item_purchase_floors":[4],"current_hp_per_floor":[72,69,69,69,69,69,69,69,69,69,69,69,69,59,72,72,72,72,71,71,71,67,67,70,46,46,46,70,61,61,55,64,20,72,38,38,38,38,19,49,43,67,67,67,5,4,4,0,0],"gold":517,"neow_bonus":"REMOVE_CARD","is_daily":false,"chose_seed":false,"campfire_upgraded":4,"win_rate":0.0,"timestamp":1608797481,"path_taken":["M","M","?","$","M","R","M","R","T","?","M","M","?","M","R","BOSS","M","M","?","AVR","M","?","R","NM","T","?","R","M","M","M","R_BF","BOSS","M","?","?","AVR","M","R","M","R","T","NS","NM","M","M","M"],"items_purchased_type":["Potion"],"build_version":"2020-12-22","purchased_purges":3,"victory":false,"max_hp_per_floor":[72,72,72,72,72,72,72,72,72,72,72,72,72,72,72,72,72,72,72,72,72,72,72,72,72,72,72,72,72,72,72,72,72,72,72,72,72,72,72,72,72,72,72,72,54,54,54,54,54],"relic_stats":{"counters":[78,377],"Bag of Preparation":[24],"obtain_stats":[{"Darkstone Periapt":9,"Golden Egg":15,"Replay:Accelerometer":7,"Tiny House":17,"Menagerie:ShiftingBlessing":3,"Bromod:ArcaneNullifier":32,"Menagerie:HuntersKnife":14,"Vajra":9,"Bag of Preparation":13,"Hallownest:DreamNailRelic":3,"PrismaticShard":47,"alterego_mod:FleetingLove":27,"Sundial":9,"vexMod:RedPlottingStone":0,"Pantograph":19,"halation:VictoryRuler":8,"StuffTheSpire:ColdMirror":28,"MealTicket":11,"Iron Hammer":0,"HandDrill":31,"Replay:Wax Seal":41,"Cracked Core":0,"Gremlin Food":31,"hubris:DisguiseKit":26,"Inserter":34,"NeowsBlessing":0,"ReplayTheSpireMod:CursedCoin":11,"vexMod:MysteryBossChallenge":19,"Eternal Feather":46,"conspire:Boomerang":9,"vexMod:FocusSash":39,"Anchor":43,"halation:SwordOfLegend":21,"StuffTheSpire:MayFlowers":6,"infinitespire:Lychee Nut":45,"vexMod:HeadHunter":0,"HolyWater":19,"Bromod:ArcaneEnergize":34,"Ring of Fury":3,"vexMod:CursedCompass":17,"PureWater":0,"infinitespire:PuzzleCube":19,"hubris:OldNail":9,"StuffTheSpire:OldFever":43},{"Darkstone Periapt":4,"Golden Egg":41,"Replay:Accelerometer":46,"Tiny House":8,"Menagerie:ShiftingBlessing":1,"Bromod:ArcaneNullifier":25,"Menagerie:HuntersKnife":7,"Vajra":46,"Bag of Preparation":7,"Hallownest:DreamNailRelic":44,"PrismaticShard":31,"alterego_mod:FleetingLove":66,"Sundial":39,"vexMod:RedPlottingStone":33,"Pantograph":51,"halation:VictoryRuler":15,"StuffTheSpire:ColdMirror":24,"MealTicket":6,"Iron Hammer":33,"HandDrill":25,"Replay:Wax Seal":28,"Cracked Core":0,"Gremlin Food":25,"hubris:DisguiseKit":66,"Inserter":26,"NeowsBlessing":42,"ReplayTheSpireMod:CursedCoin":47,"vexMod:MysteryBossChallenge":19,"Eternal Feather":31,"conspire:Boomerang":15,"vexMod:FocusSash":27,"Anchor":28,"halation:SwordOfLegend":64,"StuffTheSpire:MayFlowers":15,"infinitespire:Lychee Nut":75,"vexMod:HeadHunter":0,"HolyWater":19,"Bromod:ArcaneEnergize":70,"Ring of Fury":13,"vexMod:CursedCompass":62,"PureWater":0,"infinitespire:PuzzleCube":19,"hubris:OldNail":57,"StuffTheSpire:OldFever":74},{"Darkstone Periapt":14,"Golden Egg":185,"Replay:Accelerometer":220,"Tiny House":39,"Menagerie:ShiftingBlessing":4,"Bromod:ArcaneNullifier":118,"Menagerie:HuntersKnife":31,"Vajra":220,"Bag of Preparation":31,"Hallownest:DreamNailRelic":203,"PrismaticShard":149,"alterego_mod:FleetingLove":315,"Sundial":179,"vexMod:RedPlottingStone":156,"Pantograph":249,"halation:VictoryRuler":74,"StuffTheSpire:ColdMirror":113,"MealTicket":25,"Iron Hammer":156,"HandDrill":118,"Replay:Wax Seal":137,"Cracked Core":0,"Gremlin Food":118,"hubris:DisguiseKit":315,"Inserter":128,"NeowsBlessing":201,"ReplayTheSpireMod:CursedCoin":225,"vexMod:MysteryBossChallenge":95,"Eternal Feather":149,"conspire:Boomerang":74,"vexMod:FocusSash":135,"Anchor":137,"halation:SwordOfLegend":298,"StuffTheSpire:MayFlowers":74,"infinitespire:Lychee Nut":368,"vexMod:HeadHunter":0,"HolyWater":95,"Bromod:ArcaneEnergize":342,"Ring of Fury":67,"vexMod:CursedCompass":290,"PureWater":0,"infinitespire:PuzzleCube":95,"hubris:OldNail":272,"StuffTheSpire:OldFever":358}]},"card_choices":[{"not_picked":["Conclude","Replay:AtTheReady"],"picked":"SandsOfTime","floor":1.0},{"not_picked":["Worship","Consecrate"],"picked":"Replay:ManipulateFuture","floor":2.0},{"not_picked":["Protect","ThirdEye"],"picked":"EmptyBody","floor":5.0},{"not_picked":["Scrawl","EmptyBody"],"picked":"SashWhip","floor":7.0},{"not_picked":["FollowUp","CutThroughFate"],"picked":"CrushJoints","floor":11.0},{"not_picked":["Study","Halt"],"picked":"Weave","floor":12.0},{"not_picked":["EmptyBody","JustLucky","SandsOfTime"],"picked":"SKIP","floor":13.0},{"not_picked":["WaveOfTheHand","Crescendo"],"picked":"Replay:AtTheReady","floor":14.0},{"not_picked":["ConjureBlade","Omniscience"],"picked":"Replay:LoomingThreat","floor":16.0},{"not_picked":["FlurryOfBlows","Replay:Vibes"],"picked":"Consecrate","floor":18.0},{"not_picked":["ClearTheMind","FlurryOfBlows"],"picked":"DeceiveReality","floor":19.0},{"not_picked":["WaveOfTheHand","Replay:AtTheReady","Scrawl"],"picked":"SKIP","floor":22.0},{"not_picked":["BowlingBash+1","Halt","Replay:Cycle"],"picked":"SKIP","floor":25.0},{"not_picked":["Indignation","PathToVictory","FloweringNight"],"picked":"LikeWater","floor":29.0},{"not_picked":["Halt","CutThroughFate","Ricochet"],"picked":"Pray","floor":30.0},{"not_picked":["Sanctity","Replay:BluntJabs","BottledTime"],"picked":"FlyingSleeves+1","floor":31.0},{"not_picked":["Scrawl","DevaForm","Initiator"],"picked":"Judgement","floor":33.0},{"not_picked":["SashWhip","FlyingSleeves","Study+1"],"picked":"GearUp","floor":35},{"not_picked":["WreathOfFlame","Evaluate","Comet"],"picked":"FollowUp+1","floor":37},{"not_picked":["CrushJoints","FlyingSleeves","Replay:Cycle+1"],"picked":"Sabotage","floor":39},{"not_picked":["JustLucky","ClearTheMind","Reset"],"picked":"Consecrate+1","floor":41},{"not_picked":["Fasting2","FollowUp","WreathOfFlame","SurpressingFire"],"picked":"SKIP","floor":45},{"not_picked":["FlyingSleeves","BowlingBash+1","Adaptation","Rearm"],"picked":"SKIP","floor":46},{"not_picked":["BowlingBash+1","FlyingSleeves+1","PendulumOfEternity"],"picked":"CarveReality","floor":47}],"player_experience":146820,"relics_obtained":[{"floor":9.0,"key":"hubris:OldNail"},{"floor":25.0,"key":"Bag of Preparation"},{"floor":26.0,"key":"hubris:DisguiseKit"},{"floor":43,"key":"StuffTheSpire:OldFever"},{"floor":45,"key":"infinitespire:Lychee Nut"}],"event_choices":[{"damage_healed":0.0,"max_hp_gain":0.0,"max_hp_loss":0.0,"gold_gain":0.0,"event_name":"Match and Keep!","player_choice":"2 cards matched","floor":10.0,"gold_loss":0.0,"damage_taken":0.0,"cards_obtained":["BowlingBash","Eruption"]},{"damage_healed":0.0,"max_hp_gain":0.0,"max_hp_loss":0.0,"gold_gain":0.0,"event_name":"conspire:Investor","player_choice":"Leave","floor":20.0,"gold_loss":0.0,"damage_taken":0.0},{"damage_healed":0.0,"max_hp_gain":0.0,"max_hp_loss":0.0,"gold_gain":0.0,"event_name":"Ghosts","player_choice":"Ignored","floor":23.0,"gold_loss":0.0,"damage_taken":0.0},{"damage_healed":0.0,"max_hp_gain":0.0,"max_hp_loss":0.0,"gold_gain":0.0,"event_name":"Secret Garden","player_choice":"Choice 1","floor":27.0,"gold_loss":0.0,"damage_taken":0.0,"relics_obtained":["alterego_mod:FleetingLove"]},{"damage_healed":0,"gold_gain":0,"player_choice":"Copied","damage_taken":0,"max_hp_gain":0,"max_hp_loss":0,"event_name":"Duplicator","floor":36,"gold_loss":0,"cards_obtained":["Judgement"]}],"is_beta":false,"boss_relics":[{"not_picked":["beaked:MawFillet","Runesmith:UraniumAnvil"],"picked":"vexMod:CursedCompass"},{"not_picked":["halation:Yufonium","SacredBark"],"picked":"Bromod:ArcaneEnergize"}],"items_purged_floors":[4,21,38],"is_endless":false,"potions_floor_spawned":[2,5,11,16,18,22,29,33,35,39],"killed_by":"Maw","ascension_level":0}}