{"host":"ejwrda5cjllq8zfn","time":1608819304,"event":{"mods":["2.2 Compatiblity","Act Like it!","Astrologer","BaseMod","Challenge The Spire","Colored Map","Colored Powertips","Defuse TimeMaze Blight","Energized Spire","Hermit","Highlight Path","Hubris","Infinite Spire","Lobotomy","Mad Scientist","Marisa????????","Minty Spire (QoL Compilation)","Random Character Button","Replay The Spire","StSLib","SuperFastMode","The Bladedancer","The Cursed","The Gatherer","The Jungle","The Mystic","The Spell Scribe","Unceasing Turn Reminder","vexMod"],"gold_per_floor":[27118,27137,26982,26982,26436,26436,26536,26536,26536,26546,26566,26566,26566],"floor_reached":12,"playtime":471,"items_purged":["astrologer:Strike","astrologer:Strike"],"score":143,"play_id":"8692fbb4-50d4-4a66-855b-b6d11b261246","local_time":"20201224151504","is_ascension_mode":false,"campfire_choices":[{"data":"astrologer:Novile","floor":6,"key":"SMITH"},{"data":"astrologer:Confirmation","floor":8,"key":"SMITH"}],"circlet_count":0,"master_deck":["astrologer:Strike","astrologer:Strike+1","astrologer:Defend","astrologer:Defend","astrologer:Defend","astrologer:Defend","astrologer:NorthStar","astrologer:TheFool+1","FairyFestival","astrologer:Novile+1","Wellcheers","astrologer:Confirmation+1","Yin","astrologer:Alignment"],"relics":["astrologer:SkyMirror","CogitoBucket","Dream Catcher","vexMod:FakeStar","Medical Kit","Whetstone","Yang_Lob"],"acts_visited":["Exordium"],"potions_floor_usage":[],"damage_taken":[{"damage":0,"enemies":"Jaw Worm","floor":1,"turns":5},{"damage":0,"enemies":"Small Slimes","floor":2,"turns":5},{"damage":0,"enemies":"Cultist","floor":10,"turns":3},{"damage":10,"enemies":"3 Louse","floor":11,"turns":3},{"damage":65,"enemies":"Lagavulin","floor":12,"turns":6}],"seed_played":"-3303278503475666701","potions_obtained":[{"floor":11,"key":"AttackPotion"}],"is_trial":false,"path_per_floor":["M","M","$","?","$","R","?","R","T","M","M","E"],"character_chosen":"ASTROLOGER","items_purchased":["astrologer:Confirmation","vexMod:FakeStar","Medical Kit"],"campfire_rested":0,"item_purchase_floors":[3,5,5],"current_hp_per_floor":[70,70,70,63,63,63,63,63,63,68,60,0,0],"gold":26566,"neow_bonus":"","is_daily":false,"chose_seed":false,"campfire_upgraded":2,"win_rate":0.0,"timestamp":1608819304,"path_taken":["M","M","$","?","$","R","?","R","T","M","M","E"],"items_purchased_type":["Card","Relic","Relic"],"build_version":"2020-12-22","purchased_purges":2,"victory":false,"max_hp_per_floor":[70,70,70,70,70,70,70,70,70,70,70,70,70],"card_choices":[{"not_picked":["WallGazer","CrumblingArmor"],"picked":"FairyFestival","floor":1},{"not_picked":["astrologer:TheEmperor","astrologer:Radiance"],"picked":"astrologer:Novile","floor":1},{"not_picked":["ShyLook","HeroicMonk"],"picked":"Wellcheers","floor":2},{"not_picked":["astrologer:Strength","astrologer:Stardust","astrologer:CometStrike"],"picked":"SKIP","floor":2},{"not_picked":["SingingMachine","Freischutz"],"picked":"Yin","floor":10},{"not_picked":["astrologer:Conjunction","astrologer:Stardust"],"picked":"astrologer:Alignment","floor":10},{"not_picked":["astrologer:Opposition","astrologer:ReadTheStars","astrologer:SpaceDust"],"picked":"SKIP","floor":11}],"player_experience":167040,"relics_obtained":[{"floor":9,"key":"Whetstone"}],"event_choices":[{"damage_healed":0,"gold_gain":0,"player_choice":"Success","damage_taken":7,"relics_obtained":["Dream Catcher"],"max_hp_gain":0,"max_hp_loss":0,"event_name":"Scrap Ooze","floor":4,"gold_loss":0},{"damage_healed":0,"gold_gain":100,"player_choice":"Pray","damage_taken":0,"max_hp_gain":0,"max_hp_loss":0,"event_name":"Golden Shrine","floor":7,"gold_loss":0}],"is_beta":false,"boss_relics":[],"items_purged_floors":[3,5],"is_endless":false,"potions_floor_spawned":[11],"killed_by":"Lagavulin","ascension_level":0}}