{"host":"873t0y8ybyo38pfq","time":1608840882,"event":{"mods":["BaseMod","Colored Map","Highlight Path","Minty Spire (QoL Compilation)","Rare Cards Sparkle","StSLib"],"gold_per_floor":[18,18,18,28,28,28,63,82,106,106,117,3,3,3,3,3,3],"floor_reached":16,"playtime":278,"items_purged":[],"score":196,"play_id":"ee71fab2-a302-462a-8a61-cdd202e07d3f","local_time":"20201224151442","is_ascension_mode":true,"campfire_choices":[{"data":"Poisoned Stab","floor":6,"key":"SMITH"},{"floor":13,"key":"REST"},{"floor":15,"key":"REST"}],"circlet_count":0,"master_deck":["AscendersBane","Strike_G","Strike_G","Strike_G","Strike_G","Defend_G","Defend_G","Defend_G","Defend_G","Defend_G","Survivor","Neutralize","Endless Agony","Poisoned Stab+1","Caltrops","Blur","PiercingWail","Cloak And Dagger","Deadly Poison"],"relics":["Ring of the Snake","Art of War","Potion Belt","Golden Idol"],"acts_visited":["Exordium"],"potions_floor_usage":[7,16,16,16],"damage_taken":[{"damage":0,"enemies":"Cultist","floor":1,"turns":4},{"damage":7,"enemies":"Small Slimes","floor":4,"turns":3},{"damage":50,"enemies":"3 Sentries","floor":7,"turns":9},{"damage":2,"enemies":"2 Louse","floor":8,"turns":2},{"damage":4,"enemies":"Blue Slaver","floor":11,"turns":5},{"damage":56,"enemies":"Slime Boss","floor":16,"turns":8}],"seed_played":"756568580242216557","potions_obtained":[{"floor":3,"key":"Poison Potion"},{"floor":3,"key":"Weak Potion"},{"floor":7,"key":"Block Potion"}],"is_trial":false,"path_per_floor":["M","?","?","M","$","R","E","M","T","?","M","$","R","?","R","B"],"character_chosen":"THE_SILENT","items_purchased":["Deadly Poison","AttackPotion"],"campfire_rested":2,"item_purchase_floors":[12,12],"current_hp_per_floor":[71,71,71,64,64,64,14,12,12,12,8,8,31,31,52,0,0],"gold":3,"neow_bonus":"TWENTY_PERCENT_HP_BONUS","is_daily":false,"chose_seed":false,"campfire_upgraded":1,"win_rate":0.0,"timestamp":1608840882,"path_taken":["M","?","?","?","?","R","E","M","T","?","M","$","R","?","R","BOSS"],"items_purchased_type":["Card","Potion"],"build_version":"2020-12-22","purchased_purges":0,"victory":false,"max_hp_per_floor":[78,78,78,78,78,78,78,78,78,78,78,78,78,71,71,71,71],"card_choices":[{"not_picked":["Backflip","Reflex"],"picked":"Endless Agony","floor":1},{"not_picked":["Flying Knee","Infinite Blades"],"picked":"Caltrops","floor":4},{"not_picked":["Cloak And Dagger","Tactician"],"picked":"Blur","floor":7},{"not_picked":["Dodge and Roll","Setup"],"picked":"PiercingWail","floor":8},{"not_picked":["Slice","Deflect"],"picked":"Cloak And Dagger","floor":11}],"player_experience":1352097,"relics_obtained":[{"floor":7,"key":"Art of War"},{"floor":9,"key":"Potion Belt"}],"event_choices":[{"damage_healed":0,"gold_gain":0,"cards_transformed":["Strike_G"],"player_choice":"Change","damage_taken":0,"max_hp_gain":0,"max_hp_loss":0,"event_name":"Living Wall","floor":2,"gold_loss":0,"cards_obtained":["Poisoned Stab"]},{"damage_healed":0,"gold_gain":0,"player_choice":"Got Potions","damage_taken":0,"max_hp_gain":0,"max_hp_loss":0,"event_name":"Lab","floor":3,"gold_loss":0},{"damage_healed":0,"gold_gain":0,"player_choice":"Ignored","damage_taken":0,"max_hp_gain":0,"max_hp_loss":0,"event_name":"Shining Light","floor":10,"gold_loss":0},{"damage_healed":0,"gold_gain":0,"player_choice":"Lose Max HP","damage_taken":0,"relics_obtained":["Golden Idol"],"max_hp_gain":0,"max_hp_loss":7,"event_name":"Golden Idol","floor":14,"gold_loss":0}],"is_beta":false,"boss_relics":[],"items_purged_floors":[],"is_endless":false,"potions_floor_spawned":[7],"killed_by":"Slime Boss","ascension_level":20}}