{"host":"udzsrhbqdxqtlypj","time":1608843151,"event":{"mods":["BaseMod","Minty Spire (QoL Compilation)","Relic Stats"],"gold_per_floor":[211,10,10,28,28,28,56,56,104,138,154,154,171,201,201,299,299,314,2,2,13,25,58,78,95,95,95,114,131,145,173,173,276,326,344,344,364,66,76,76,76,104,159,159,159],"floor_reached":44,"playtime":2249,"items_purged":["Strike_G"],"score":735,"play_id":"73b8fdae-1eef-41b1-a3e6-77873150d3de","local_time":"20201224145231","is_ascension_mode":true,"campfire_choices":[{"data":"1","floor":6,"key":"LIFT"},{"data":"2","floor":8,"key":"LIFT"},{"data":"3","floor":12,"key":"LIFT"},{"data":"Crippling Poison","floor":15,"key":"SMITH"},{"floor":27,"key":"REST"},{"data":"Dagger Spray","floor":32,"key":"SMITH"},{"data":"Corpse Explosion","floor":40,"key":"SMITH"}],"circlet_count":0,"master_deck":["AscendersBane","Strike_G","Strike_G","Defend_G","Defend_G","Defend_G","Defend_G","Survivor","Neutralize+1","Endless Agony","Dagger Throw","Poisoned Stab+1","Skewer","Crippling Poison+1","Dash","After Image","Bane","All Out Attack","Catalyst+1","Dagger Spray+1","PiercingWail+1","Cloak And Dagger","Blade Dance+1","Dodge and Roll+1","Corpse Explosion+1","Slice+1","Acrobatics+1","Catalyst+1","Cloak And Dagger+1","Footwork+1"],"relics":["Ring of the Snake","ClockworkSouvenir","Girya","Odd Mushroom","Regal Pillow","Du-Vu Doll","Potion Belt","Empty Cage","Orichalcum","The Specimen","Ginger","Letter Opener","Tiny House","DollysMirror","Happy Flower","Pen Nib","Snake Skull"],"acts_visited":["Exordium","TheCity","TheBeyond"],"potions_floor_usage":[23,24,24,31,33,33,37,39,39,42],"damage_taken":[{"damage":12,"enemies":"Jaw Worm","floor":1,"turns":8},{"damage":0,"enemies":"Cultist","floor":4,"turns":3},{"damage":3,"enemies":"The Mushroom Lair","floor":7,"turns":4},{"damage":15,"enemies":"Lagavulin","floor":10,"turns":5},{"damage":0,"enemies":"2 Louse","floor":11,"turns":2},{"damage":0,"enemies":"2 Fungi Beasts","floor":13,"turns":2},{"damage":12,"enemies":"3 Sentries","floor":14,"turns":5},{"damage":8,"enemies":"Hexaghost","floor":16,"turns":9},{"damage":15,"enemies":"2 Thieves","floor":18,"turns":4},{"damage":6,"enemies":"Spheric Guardian","floor":21,"turns":4},{"damage":1,"enemies":"Snecko","floor":22,"turns":3},{"damage":15,"enemies":"Slavers","floor":23,"turns":4},{"damage":16,"enemies":"Snake Plant","floor":24,"turns":2},{"damage":0,"enemies":"3 Cultists","floor":25,"turns":3},{"damage":0,"enemies":"Centurion and Healer","floor":28,"turns":5},{"damage":1,"enemies":"Snecko","floor":29,"turns":3},{"damage":2,"enemies":"Sentry and Sphere","floor":30,"turns":3},{"damage":11,"enemies":"Book of Stabbing","floor":31,"turns":4},{"damage":22,"enemies":"Collector","floor":33,"turns":6},{"damage":8,"enemies":"3 Shapes","floor":35,"turns":3},{"damage":3,"enemies":"Orb Walker","floor":37,"turns":3},{"damage":0,"enemies":"4 Shapes","floor":39,"turns":1},{"damage":40,"enemies":"Reptomancer","floor":42,"turns":6},{"damage":51,"enemies":"Giant Head","floor":44,"turns":7}],"seed_played":"-3254075188861374581","potions_obtained":[{"floor":1,"key":"Ancient Potion"},{"floor":10,"key":"LiquidBronze"},{"floor":16,"key":"Dexterity Potion"},{"floor":21,"key":"SneckoOil"},{"floor":22,"key":"BlessingOfTheForge"},{"floor":25,"key":"Poison Potion"},{"floor":31,"key":"Energy Potion"},{"floor":33,"key":"SpeedPotion"},{"floor":34,"key":"CunningPotion"},{"floor":35,"key":"Energy Potion"},{"floor":37,"key":"Energy Potion"},{"floor":42,"key":"FairyPotion"}],"is_trial":false,"path_per_floor":["M","$","?","M","?","R","?","R","T","E","M","R","M","E","R","B",null,"M","$","?","M","M","E","M","M","T","R","M","M","M","E","R","B",null,"M","?","M","$","M","R","?","E","T","E"],"character_chosen":"THE_SILENT","items_purchased":["ClockworkSouvenir","Dagger Throw","Orichalcum","All Out Attack","DollysMirror","Happy Flower"],"campfire_rested":1,"item_purchase_floors":[2,2,19,19,38,38],"current_hp_per_floor":[51,51,51,51,51,51,48,48,48,33,33,33,33,21,21,13,56,41,41,41,35,34,19,3,3,3,39,39,38,36,25,25,3,58,50,50,47,47,47,47,47,7,7,0,0],"gold":159,"neow_bonus":"HUNDRED_GOLD","is_daily":false,"chose_seed":false,"campfire_upgraded":3,"win_rate":0.0,"timestamp":1608843151,"path_taken":["M","$","?","?","?","R","?","R","T","E","M","R","M","E","R","BOSS","M","$","?","?","M","E","M","M","T","R","M","M","M","E","R","BOSS","M","?","?","$","M","R","?","E","T","E"],"items_purchased_type":["Relic","Card","Relic","Card","Relic","Relic"],"build_version":"2020-12-22","purchased_purges":1,"victory":false,"max_hp_per_floor":[70,70,70,70,70,70,70,70,70,70,70,70,70,70,70,70,70,70,70,70,70,70,70,70,70,70,70,70,70,70,70,70,70,75,75,75,75,75,75,75,75,75,75,75,75],"relic_stats":{"Regal Pillow":15,"Happy Flower":[4],"counters":[24,99],"Pen Nib":[1],"Snake Skull":[4],"Ginger":[6],"Letter Opener":[20],"Orichalcum":[198],"obtain_stats":[{"Potion Belt":14,"Girya":3,"Regal Pillow":9,"Tiny House":34,"The Specimen":23,"Happy Flower":38,"Pen Nib":42,"Snake Skull":43,"Ginger":26,"Letter Opener":31,"Odd Mushroom":7,"Orichalcum":19,"Empty Cage":17,"ClockworkSouvenir":2,"Du-Vu Doll":10,"DollysMirror":38,"Ring of the Snake":0},{"Potion Belt":7,"Girya":1,"Regal Pillow":3,"Tiny House":19,"The Specimen":12,"Happy Flower":21,"Pen Nib":23,"Snake Skull":23,"Ginger":14,"Letter Opener":18,"Odd Mushroom":3,"Orichalcum":9,"Empty Cage":8,"ClockworkSouvenir":1,"Du-Vu Doll":4,"DollysMirror":21,"Ring of the Snake":0},{"Potion Belt":29,"Girya":8,"Regal Pillow":15,"Tiny House":79,"The Specimen":53,"Happy Flower":85,"Pen Nib":92,"Snake Skull":92,"Ginger":58,"Letter Opener":73,"Odd Mushroom":15,"Orichalcum":42,"Empty Cage":38,"ClockworkSouvenir":8,"Du-Vu Doll":20,"DollysMirror":85,"Ring of the Snake":0}],"Ring of the Snake":[51]},"card_choices":[{"not_picked":["Infinite Blades","Prepared"],"picked":"Endless Agony","floor":1},{"not_picked":["Concentrate","Deflect"],"picked":"Poisoned Stab","floor":4},{"not_picked":["Setup","Underhanded Strike"],"picked":"Skewer","floor":10},{"not_picked":["Sucker Punch","Deadly Poison"],"picked":"Crippling Poison","floor":11},{"not_picked":["Underhanded Strike","Backflip"],"picked":"Dash","floor":13},{"not_picked":["Acrobatics","Dodge and Roll","Storm of Steel"],"picked":"SKIP","floor":14},{"not_picked":["Die Die Die","Adrenaline"],"picked":"After Image","floor":16},{"not_picked":["Underhanded Strike+1","Sucker Punch"],"picked":"Bane","floor":18},{"not_picked":["Blade Dance","Dagger Throw"],"picked":"Catalyst+1","floor":21},{"not_picked":["Expertise","Underhanded Strike","Outmaneuver"],"picked":"SKIP","floor":22},{"not_picked":["Flying Knee","Riddle With Holes","Acrobatics"],"picked":"SKIP","floor":23},{"not_picked":["All Out Attack","Calculated Gamble"],"picked":"Dagger Spray","floor":24},{"not_picked":["Deflect","Noxious Fumes"],"picked":"PiercingWail+1","floor":25},{"not_picked":["Flying Knee","Backflip"],"picked":"Cloak And Dagger","floor":28},{"not_picked":["Poisoned Stab","Flying Knee"],"picked":"Blade Dance","floor":29},{"not_picked":["Heel Hook","Deadly Poison","Infinite Blades"],"picked":"SKIP","floor":30},{"not_picked":["Choke","Calculated Gamble"],"picked":"Dodge and Roll+1","floor":31},{"not_picked":["After Image","Burst"],"picked":"Corpse Explosion","floor":33},{"not_picked":["Underhanded Strike","Infinite Blades"],"picked":"Slice+1","floor":34},{"not_picked":["Expertise","Escape Plan"],"picked":"Acrobatics+1","floor":35},{"not_picked":["Eviscerate","Dagger Throw","Reflex"],"picked":"SKIP","floor":37},{"not_picked":["Masterful Stab","Dash"],"picked":"Cloak And Dagger+1","floor":39},{"not_picked":["Quick Slash+1","Choke+1"],"picked":"Footwork+1","floor":42}],"player_experience":2725990,"relics_obtained":[{"floor":3,"key":"Girya"},{"floor":7,"key":"Odd Mushroom"},{"floor":9,"key":"Regal Pillow"},{"floor":10,"key":"Du-Vu Doll"},{"floor":14,"key":"Potion Belt"},{"floor":23,"key":"The Specimen"},{"floor":26,"key":"Ginger"},{"floor":31,"key":"Letter Opener"},{"floor":42,"key":"Pen Nib"},{"floor":43,"key":"Snake Skull"}],"event_choices":[{"damage_healed":0,"gold_gain":0,"player_choice":"Relic","damage_taken":0,"max_hp_gain":0,"max_hp_loss":0,"event_name":"Wheel of Change","floor":3,"gold_loss":0},{"damage_healed":0,"gold_gain":0,"player_choice":"Grow","damage_taken":0,"max_hp_gain":0,"max_hp_loss":0,"event_name":"Living Wall","floor":5,"gold_loss":0,"cards_upgraded":["Neutralize"]},{"damage_healed":0,"gold_gain":0,"player_choice":"Fought Mushrooms","damage_taken":0,"max_hp_gain":0,"max_hp_loss":0,"event_name":"Mushrooms","floor":7,"gold_loss":0},{"cards_removed":["Strike_G"],"damage_healed":0,"gold_gain":0,"player_choice":"Purged","damage_taken":0,"max_hp_gain":0,"max_hp_loss":0,"event_name":"Purifier","floor":20,"gold_loss":0},{"damage_healed":0,"gold_gain":0,"player_choice":"Upgraded","damage_taken":0,"max_hp_gain":0,"max_hp_loss":0,"event_name":"Upgrade Shrine","floor":36,"gold_loss":0,"cards_upgraded":["Blade Dance"]},{"damage_healed":0,"gold_gain":0,"player_choice":"Ignored","damage_taken":0,"max_hp_gain":0,"max_hp_loss":0,"event_name":"Mysterious Sphere","floor":41,"gold_loss":0}],"is_beta":false,"boss_relics":[{"not_picked":["Ring of the Serpent","Snecko Eye"],"picked":"Empty Cage"},{"not_picked":["Coffee Dripper","WristBlade"],"picked":"Tiny House"}],"items_purged_floors":[19],"is_endless":false,"potions_floor_spawned":[1,10,16,21,22,25,31,33,35,37,42],"killed_by":"Giant Head","ascension_level":10}}