{"host":"28bpuzdckreop5i0","time":1608794571,"event":{"mods":["Act Like it!","BaseMod","BetterRewards","Challenge The Spire","Conspire","Defuse TimeMaze Blight","Downfall","Energized Spire","Googly Eyes","Hubris","Infinite Spire","Lobotomy","Mimic Mod","Minty Spire (QoL Compilation)","Relic Stats","Spicy Shops","StSLib","The Awakened One except there are too many feathers","The Cursed","The Hierophant","The IronCluck","The Jungle","Thieving Mod","Transform Curses","Wandering Minibosses","slay the spire mod where everything is the same but ironclad has a cowboy hat"],"gold_per_floor":[114,289,301,251,264,264,291,232,286,296,296,296,322,332,332,434,434,452,267,267,278,288,319,2,2,34,34,56,81,81,103,103,127,127],"floor_reached":33,"playtime":1112,"items_purged":["Defend_R"],"score":370,"play_id":"fff9ebc4-fc79-47f8-ae49-c3c4efd44617","local_time":"20201224012251","is_ascension_mode":false,"campfire_choices":[{"data":"Thunderclap","floor":6,"key":"SMITH"},{"data":"Headbutt","floor":12,"key":"SMITH"},{"data":"Headbutt","floor":15,"key":"SMITH"},{"data":"Carnage","floor":32,"key":"SMITH"}],"circlet_count":0,"master_deck":["Strike_R","Strike_R","Strike_R","Strike_R","Strike_R","Defend_R","Defend_R+1","Defend_R+1","Thunderclap+1","Carnage+1","Cleave","Rampage+1","Headbutt+1","Headbutt+1","Headbutt","Headbutt"],"relics":["Burning Blood","PreservedInsect","Red Skull","Guardian:PocketSentry","hubris:Metronome","infinitespire:Cupcake","theJungle:Creamberry","Singing Bowl","War Paint","Membership Card","infinitespire:BottledMercury","infinitespire:Midas Blood","theJungle:BirthdayCakeSlice","Mercury Hourglass","hubris:MysteriousPyramids"],"acts_visited":["Exordium","Exordium"],"potions_floor_usage":[29,33,33],"damage_taken":[{"damage":0,"enemies":"2 Louse","floor":1,"turns":3},{"damage":11,"enemies":"Small Slimes","floor":3,"turns":6},{"damage":1,"enemies":"Cultist","floor":5,"turns":3},{"damage":30,"enemies":"Lagavulin","floor":7,"turns":5},{"damage":7,"enemies":"Blue Slaver","floor":10,"turns":3},{"damage":1,"enemies":"Gremlin Nob","floor":13,"turns":3},{"damage":0,"enemies":"2 Fungi Beasts","floor":14,"turns":2},{"damage":41,"enemies":"The Guardian","floor":16,"turns":7},{"damage":22,"enemies":"theJungle:MUSHROOMGANG","floor":18,"turns":3},{"damage":7,"enemies":"theJungle:5_Spyders","floor":21,"turns":4},{"damage":17,"enemies":"theJungle:2_Snecko_Cultists","floor":22,"turns":3},{"damage":15,"enemies":"Nightmare","floor":23,"turns":3},{"damage":5,"enemies":"theJungle:2_Flameangoes","floor":26,"turns":5},{"damage":22,"enemies":"theJungle:2_Flameangoes","floor":28,"turns":3},{"damage":0,"enemies":"theJungle:Cassacara","floor":29,"turns":2},{"damage":6,"enemies":"theJungle:Snecko_Cultist_And_Trap","floor":31,"turns":2},{"damage":65,"enemies":"theJungle:TotemBoss","floor":33,"turns":4}],"seed_played":"-5075284914889743108","potions_obtained":[{"floor":3,"key":"Regen Potion"},{"floor":10,"key":"PowerPotion"},{"floor":13,"key":"Energy Potion"}],"is_trial":false,"path_per_floor":["M","?","M","?","M","R","E","?","T","M","?","R","E","M","R","B",null,"M","?","AVR","M","M","NM","$","?","MIM","?","M","E","?","M","R","B"],"character_chosen":"IRONCLAD","items_purchased":["Membership Card","infinitespire:BottledMercury","infinitespire:Midas Blood"],"campfire_rested":0,"item_purchase_floors":[24,24,24],"current_hp_per_floor":[80,80,75,75,80,80,56,56,56,55,55,55,60,66,66,31,80,64,64,64,65,56,49,49,54,55,55,41,49,49,51,51,0,0],"gold":127,"neow_bonus":"REMOVE_CARD","is_daily":false,"chose_seed":false,"campfire_upgraded":4,"win_rate":0.0,"timestamp":1608794571,"path_taken":["M","?","M","?","M","R","E","?","T","?","?","R","E","M","R","BOSS","M","?","AVR","M","M","NM","$","?","MIM","?","?","E","?","M","R","BOSS"],"items_purchased_type":["Relic","Relic","Relic"],"build_version":"2020-12-22","purchased_purges":1,"victory":false,"max_hp_per_floor":[80,80,80,80,80,80,80,80,80,80,80,80,80,80,80,80,80,80,80,80,82,84,86,86,91,91,91,93,95,95,97,97,97,97],"relic_stats":{"Singing Bowl":12,"counters":[17,61],"PreservedInsect":110,"War Paint":["Defend_R","Defend_R"],"obtain_stats":[{"infinitespire:BottledMercury":24,"hubris:Metronome":13,"Singing Bowl":20,"PreservedInsect":7,"Guardian:PocketSentry":9,"theJungle:Creamberry":19,"War Paint":23,"hubris:MysteriousPyramids":29,"Burning Blood":0,"Mercury Hourglass":26,"theJungle:BirthdayCakeSlice":25,"Membership Card":24,"Red Skull":8,"infinitespire:Cupcake":17,"infinitespire:Midas Blood":24},{"infinitespire:BottledMercury":12,"hubris:Metronome":6,"Singing Bowl":9,"PreservedInsect":4,"Guardian:PocketSentry":4,"theJungle:Creamberry":9,"War Paint":12,"hubris:MysteriousPyramids":15,"Burning Blood":0,"Mercury Hourglass":13,"theJungle:BirthdayCakeSlice":12,"Membership Card":12,"Red Skull":4,"infinitespire:Cupcake":8,"infinitespire:Midas Blood":12},{"infinitespire:BottledMercury":45,"hubris:Metronome":23,"Singing Bowl":35,"PreservedInsect":17,"Guardian:PocketSentry":17,"theJungle:Creamberry":35,"War Paint":45,"hubris:MysteriousPyramids":55,"Burning Blood":0,"Mercury Hourglass":50,"theJungle:BirthdayCakeSlice":45,"Membership Card":45,"Red Skull":17,"infinitespire:Cupcake":32,"infinitespire:Midas Blood":45}],"Burning Blood":90,"Mercury Hourglass":[63]},"card_choices":[{"not_picked":["Wild Strike","Combust"],"picked":"Thunderclap","floor":1},{"not_picked":["Rupture","Twin Strike"],"picked":"Carnage","floor":3},{"not_picked":["Battle Trance","Warcry"],"picked":"Cleave","floor":5},{"not_picked":["Heavy Blade","Juggernaut"],"picked":"Rampage","floor":7},{"not_picked":["hubris:ReadiedAction","Perfected Strike"],"picked":"Headbutt","floor":10},{"not_picked":["Flex","Reckless Charge"],"picked":"Headbutt","floor":13},{"not_picked":["Wild Strike","Heavy Blade","Combust"],"picked":"SKIP","floor":14},{"not_picked":["Whirlwind+1","Combust"],"picked":"Headbutt","floor":18},{"not_picked":["hubris:SharpeningStone+1","Warcry","Uppercut+1"],"picked":"Singing Bowl","floor":21},{"not_picked":["Heavy Blade+1","Body Slam+1","Thunderclap"],"picked":"Singing Bowl","floor":22},{"not_picked":["Perfected Strike","Reaper+1","Havoc"],"picked":"Singing Bowl","floor":23},{"not_picked":["Clash","Burning Pact+1"],"picked":"Headbutt","floor":26},{"not_picked":["Carnage+1","Havoc","Body Slam"],"picked":"Singing Bowl","floor":28},{"not_picked":["Ghostly Armor+1","Feel No Pain+1","Battle Trance+1"],"picked":"Singing Bowl","floor":29},{"not_picked":["Disarm+1","Sword Boomerang","Iron Wave+1"],"picked":"Singing Bowl","floor":31}],"player_experience":886226,"relics_obtained":[{"floor":7,"key":"PreservedInsect"},{"floor":9,"key":"Guardian:PocketSentry"},{"floor":13,"key":"hubris:Metronome"},{"floor":23,"key":"War Paint"},{"floor":26,"key":"Mercury Hourglass"},{"floor":29,"key":"hubris:MysteriousPyramids"}],"event_choices":[{"damage_healed":0,"gold_gain":175,"player_choice":"AGREE","damage_taken":0,"max_hp_gain":0,"max_hp_loss":0,"event_name":"Liars Game","floor":2,"gold_loss":0,"cards_obtained":["Doubt"]},{"cards_removed":["Doubt"],"damage_healed":0,"gold_gain":0,"player_choice":"Card Removal","damage_taken":0,"max_hp_gain":0,"max_hp_loss":0,"event_name":"The Cleric","floor":4,"gold_loss":50},{"damage_healed":0,"gold_gain":0,"player_choice":"Paid Gold","damage_taken":0,"relics_obtained":["Red Skull"],"max_hp_gain":0,"max_hp_loss":0,"event_name":"WeMeetAgain","floor":8,"gold_loss":59},{"cards_removed":["Pride"],"damage_healed":0,"gold_gain":0,"player_choice":"Removed Curses","damage_taken":0,"max_hp_gain":0,"max_hp_loss":0,"event_name":"Fountain of Cleansing","floor":30,"gold_loss":0}],"is_beta":false,"boss_relics":[{"not_picked":["energizedSpire:OgreHead","Velvet Choker"],"picked":"infinitespire:Cupcake"}],"items_purged_floors":[20],"is_endless":false,"potions_floor_spawned":[3,10,13,14,16,18,21,28],"killed_by":"theJungle:TotemBoss","ascension_level":0}}