{"host":"utqe55yv0jihe4d6","time":1608776909,"event":{"mods":["2.2 Compatiblity","AchievementEnabler","BaseMod","Block Reminder","Colored Map","Colored Powertips","Minty Spire (QoL Compilation)","Quick Restart","Rare Cards Sparkle","Relic Stats","SuperFastMode"],"gold_per_floor":[111,127,137,137,137,137,163,163,163,203,203,239,239,0,0,96,96,116,139,139,159,209,250,250,285,310,310,6,6,42,56,56,152,152,168,199,199,214,214,214,214,227,227,227,227],"floor_reached":44,"playtime":2280,"items_purged":["Strike_B"],"score":940,"play_id":"279e0492-7f8c-48b4-8929-01c8695a8583","local_time":"20201223212829","is_ascension_mode":true,"campfire_choices":[{"data":"Streamline","floor":6,"key":"SMITH"},{"floor":11,"key":"REST"},{"data":"Electrodynamics","floor":13,"key":"SMITH"},{"floor":15,"key":"RECALL"},{"floor":24,"key":"REST"},{"floor":27,"key":"REST"},{"floor":32,"key":"REST"},{"floor":40,"key":"REST"}],"circlet_count":0,"master_deck":["AscendersBane","Strike_B+1","Defend_B","Defend_B","Defend_B","Defend_B","Zap","Dualcast","Streamline+1","Cold Snap+1","Electrodynamics+1","Seek","Conserve Battery+1","Defragment","Biased Cognition+1","Sweeping Beam","Reinforced Body","Machine Learning","Recycle"],"relics":["Cracked Core","Golden Idol","Juzu Bracelet","Art of War","Mercury Hourglass","Whetstone","CaptainsWheel","Membership Card","Bag of Preparation","Black Star","Nilry\u0027s Codex","Boot","PreservedInsect","Centennial Puzzle","Calipers","Regal Pillow","ClockworkSouvenir","Ornamental Fan","Darkstone Periapt","Sundial","Inserter","Du-Vu Doll"],"acts_visited":["Exordium","TheCity","TheBeyond"],"potions_floor_usage":[12,21,25,25,30,33,35],"damage_taken":[{"damage":0,"enemies":"Cultist","floor":1,"turns":4},{"damage":4,"enemies":"Jaw Worm","floor":2,"turns":3},{"damage":0,"enemies":"2 Louse","floor":3,"turns":2},{"damage":11,"enemies":"Gremlin Nob","floor":10,"turns":3},{"damage":13,"enemies":"3 Sentries","floor":12,"turns":4},{"damage":11,"enemies":"Slime Boss","floor":16,"turns":8},{"damage":0,"enemies":"Spheric Guardian","floor":18,"turns":4},{"damage":0,"enemies":"Chosen","floor":19,"turns":4},{"damage":11,"enemies":"Shelled Parasite and Fungi","floor":21,"turns":7},{"damage":16,"enemies":"Gremlin Leader","floor":23,"turns":6},{"damage":28,"enemies":"Book of Stabbing","floor":25,"turns":6},{"damage":23,"enemies":"Gremlin Leader","floor":30,"turns":3},{"damage":0,"enemies":"Snecko","floor":31,"turns":4},{"damage":22,"enemies":"Automaton","floor":33,"turns":10},{"damage":37,"enemies":"3 Darklings","floor":35,"turns":5},{"damage":0,"enemies":"Mind Bloom Boss Battle","floor":36,"turns":9},{"damage":0,"enemies":"3 Shapes","floor":38,"turns":3},{"damage":14,"enemies":"Spire Growth","floor":42,"turns":6},{"damage":50,"enemies":"Giant Head","floor":44,"turns":6}],"seed_played":"5745697755940934988","potions_obtained":[{"floor":3,"key":"PowerPotion"},{"floor":10,"key":"AttackPotion"},{"floor":16,"key":"EssenceOfSteel"},{"floor":21,"key":"Swift Potion"},{"floor":30,"key":"AttackPotion"},{"floor":31,"key":"PowerPotion"},{"floor":35,"key":"Dexterity Potion"},{"floor":42,"key":"Dexterity Potion"}],"is_trial":false,"path_per_floor":["M","M","M","?","?","R","T","?","T","E","R","E","R","$","R","B",null,"M","M","?","M","?","E","R","E","T","R","$","?","E","M","R","B",null,"M","?","?","M","?","R","?","M","T","E"],"character_chosen":"DEFECT","items_purchased":["Membership Card","Bag of Preparation","Defragment","ClockworkSouvenir","PowerPotion","Ornamental Fan"],"campfire_rested":5,"item_purchase_floors":[14,14,28,28,28,28],"current_hp_per_floor":[71,67,67,67,62,62,62,62,62,51,71,58,58,58,58,47,65,65,65,44,33,33,17,38,10,10,46,46,46,23,23,59,37,63,26,26,26,26,16,51,51,37,37,0,0],"gold":227,"neow_bonus":"TEN_PERCENT_HP_BONUS","is_daily":false,"chose_seed":false,"campfire_upgraded":2,"win_rate":0.0,"timestamp":1608776909,"path_taken":["M","M","M","?","?","R","?","?","T","E","R","E","R","?","R","BOSS","M","M","?","M","?","E","R","E","T","R","$","?","E","M","R","BOSS","M","?","?","M","?","R","?","M","T","E"],"items_purchased_type":["Relic","Relic","Card","Relic","Potion","Relic"],"build_version":"2020-12-22","purchased_purges":1,"victory":false,"max_hp_per_floor":[78,78,78,71,71,71,71,71,71,71,71,71,71,71,71,71,71,71,71,71,71,71,71,71,71,71,71,71,71,71,71,71,71,71,71,71,67,67,67,67,67,67,67,67,67],"relic_stats":{"Darkstone Periapt":0,"Regal Pillow":45,"Inserter":[14],"counters":[19,96],"Golden Idol":106,"PreservedInsect":221,"Juzu Bracelet":2,"Bag of Preparation":[28],"Whetstone":["Cold Snap","Strike_B"],"Boot":[2],"Mercury Hourglass":[321],"Centennial Puzzle":[15],"Ornamental Fan":[24],"Sundial":[10],"Art of War":[20],"Black Star":3,"obtain_stats":[{"Darkstone Periapt":30,"Regal Pillow":26,"Calipers":25,"Inserter":34,"Golden Idol":4,"Nilry\u0027s Codex":20,"PreservedInsect":23,"Juzu Bracelet":5,"Bag of Preparation":14,"Whetstone":10,"Boot":23,"Mercury Hourglass":9,"ClockworkSouvenir":28,"Du-Vu Doll":36,"CaptainsWheel":12,"Centennial Puzzle":25,"Ornamental Fan":28,"Sundial":30,"Art of War":7,"Black Star":17,"Membership Card":14,"Cracked Core":0},{"Darkstone Periapt":12,"Regal Pillow":11,"Calipers":11,"Inserter":14,"Golden Idol":3,"Nilry\u0027s Codex":8,"PreservedInsect":10,"Juzu Bracelet":3,"Bag of Preparation":5,"Whetstone":4,"Boot":10,"Mercury Hourglass":3,"ClockworkSouvenir":11,"Du-Vu Doll":16,"CaptainsWheel":5,"Centennial Puzzle":11,"Ornamental Fan":11,"Sundial":12,"Art of War":3,"Black Star":6,"Membership Card":5,"Cracked Core":0},{"Darkstone Periapt":53,"Regal Pillow":50,"Calipers":50,"Inserter":67,"Golden Idol":9,"Nilry\u0027s Codex":31,"PreservedInsect":44,"Juzu Bracelet":9,"Bag of Preparation":16,"Whetstone":12,"Boot":44,"Mercury Hourglass":9,"ClockworkSouvenir":50,"Du-Vu Doll":81,"CaptainsWheel":16,"Centennial Puzzle":50,"Ornamental Fan":50,"Sundial":53,"Art of War":9,"Black Star":23,"Membership Card":16,"Cracked Core":0}]},"card_choices":[{"not_picked":["Hologram","Conserve Battery"],"picked":"Streamline","floor":1},{"not_picked":["Leap","Turbo"],"picked":"Cold Snap","floor":2},{"not_picked":["Steam","Go for the Eyes","Skim"],"picked":"SKIP","floor":3},{"not_picked":["Tempest","Beam Cell","Rebound"],"picked":"SKIP","floor":10},{"not_picked":["Coolheaded","All For One"],"picked":"Electrodynamics","floor":12},{"not_picked":["Thunder Strike","Multi-Cast"],"picked":"Seek","floor":16},{"not_picked":["Cold Snap+1","Stack"],"picked":"Conserve Battery+1","floor":18},{"not_picked":["Stack","Barrage","Storm"],"picked":"SKIP","floor":19},{"not_picked":["Sunder","Barrage","Gash"],"picked":"SKIP","floor":21},{"not_picked":["Chaos","Compile Driver","All For One"],"picked":"SKIP","floor":23},{"not_picked":["Genetic Algorithm","Streamline+1","White Noise"],"picked":"SKIP","floor":25},{"not_picked":["Stack","Sunder"],"picked":"Reinforced Body","floor":30},{"not_picked":["Recycle","Ball Lightning","Steam"],"picked":"SKIP","floor":31},{"not_picked":["Hyperbeam","Meteor Strike"],"picked":"Machine Learning","floor":33},{"not_picked":["Cold Snap","Leap"],"picked":"Recycle","floor":35},{"not_picked":["Barrage+1","Heatsinks+1","Beam Cell"],"picked":"SKIP","floor":38},{"not_picked":["Cold Snap","Rebound+1","Darkness"],"picked":"SKIP","floor":42}],"player_experience":2840961,"relics_obtained":[{"floor":7,"key":"Art of War"},{"floor":9,"key":"Mercury Hourglass"},{"floor":10,"key":"Whetstone"},{"floor":12,"key":"CaptainsWheel"},{"floor":20,"key":"Nilry\u0027s Codex"},{"floor":23,"key":"Boot"},{"floor":23,"key":"PreservedInsect"},{"floor":25,"key":"Centennial Puzzle"},{"floor":25,"key":"Calipers"},{"floor":26,"key":"Regal Pillow"},{"floor":30,"key":"Darkstone Periapt"},{"floor":30,"key":"Sundial"},{"floor":36,"key":"Du-Vu Doll"}],"event_choices":[{"damage_healed":0,"gold_gain":0,"player_choice":"Lose Max HP","damage_taken":0,"relics_obtained":["Golden Idol"],"max_hp_gain":0,"max_hp_loss":7,"event_name":"Golden Idol","floor":4,"gold_loss":0},{"damage_healed":0,"gold_gain":0,"player_choice":"Success","damage_taken":5,"relics_obtained":["Juzu Bracelet"],"max_hp_gain":0,"max_hp_loss":0,"event_name":"Scrap Ooze","floor":5,"gold_loss":0},{"damage_healed":0,"gold_gain":0,"player_choice":"0 cards matched","damage_taken":0,"max_hp_gain":0,"max_hp_loss":0,"event_name":"Match and Keep!","floor":8,"gold_loss":0,"cards_obtained":[]},{"damage_healed":0,"gold_gain":0,"player_choice":"Obtained Book","damage_taken":21,"max_hp_gain":0,"max_hp_loss":0,"event_name":"Cursed Tome","floor":20,"gold_loss":0},{"damage_healed":0,"gold_gain":50,"player_choice":"Stole From Cult","damage_taken":0,"max_hp_gain":0,"max_hp_loss":0,"event_name":"Nest","floor":22,"gold_loss":0},{"damage_healed":0,"gold_gain":0,"cards_transformed":["Strike_B","Strike_B"],"player_choice":"Became Test Subject","damage_taken":0,"max_hp_gain":0,"max_hp_loss":0,"event_name":"Drug Dealer","floor":29,"gold_loss":0,"cards_obtained":["Biased Cognition","Sweeping Beam"]},{"damage_healed":0,"gold_gain":0,"player_choice":"Fight","damage_taken":0,"max_hp_gain":0,"max_hp_loss":0,"event_name":"MindBloom","floor":36,"gold_loss":0},{"damage_healed":0,"gold_gain":0,"player_choice":"Max HP","damage_taken":0,"max_hp_gain":0,"max_hp_loss":4,"event_name":"Winding Halls","floor":37,"gold_loss":0},{"damage_healed":0,"gold_gain":0,"player_choice":"Memory 3","damage_taken":10,"max_hp_gain":0,"max_hp_loss":0,"event_name":"SensoryStone","floor":39,"gold_loss":0},{"damage_healed":0,"gold_gain":0,"player_choice":"Upgraded","damage_taken":0,"max_hp_gain":0,"max_hp_loss":0,"event_name":"Upgrade Shrine","floor":41,"gold_loss":0,"cards_upgraded":["Biased Cognition"]}],"is_beta":false,"boss_relics":[{"not_picked":["Tiny House","Coffee Dripper"],"picked":"Black Star"},{"not_picked":["Nuclear Battery","Pandora\u0027s Box"],"picked":"Inserter"}],"items_purged_floors":[28],"is_endless":false,"potions_floor_spawned":[3,10,16,21,23,30,31,35,42],"killed_by":"Giant Head","ascension_level":20}}