{"host":"cr9rpoy6dx9riis3","time":1608840697,"event":{"mods":["AchievementEnabler","BaseMod","Better Altar","Better Note","Better Sensory Stone","Better Skull","Better Third Choice","Better-Laid Plans","BetterRewards","Block Reminder","Curses Come First","Displayed Cursed Tome","Emptier Cage","Marked Mod","Minty Spire (QoL Compilation)","Permanent Neow","Relic Sorter","StSLib","The Blue Laboratory","Transform Curses"],"gold_per_floor":[111,111,130,130,147,147,166,166,216,37,48,48,75,90,90,90,90],"floor_reached":16,"playtime":482,"items_purged":[],"score":158,"play_id":"0c67eb6c-63ed-4e2f-8809-94f238df47b7","local_time":"20201224211137","is_ascension_mode":true,"campfire_choices":[{"data":"Reckless Charge","floor":6,"key":"SMITH"},{"data":"Burning Pact","floor":8,"key":"SMITH"},{"data":"Feel No Pain","floor":12,"key":"SMITH"},{"data":"Sever Soul","floor":15,"key":"SMITH"}],"circlet_count":0,"master_deck":["Strike_R","Strike_R","Strike_R","Strike_R","Defend_R","Defend_R","Defend_R","Defend_R","Bash","Burning Pact+1","Sever Soul+1","Reckless Charge+1","Power Through","Sadistic Nature","Feel No Pain+1"],"relics":["Burning Blood","Lantern","Akabeko"],"acts_visited":["Exordium"],"potions_floor_usage":[3,13,16],"damage_taken":[{"damage":19,"enemies":"Jaw Worm","floor":1,"turns":6},{"damage":14,"enemies":"Small Slimes","floor":3,"turns":4},{"damage":1,"enemies":"Cultist","floor":5,"turns":3},{"damage":6,"enemies":"Exordium Thugs","floor":7,"turns":4},{"damage":3,"enemies":"3 Louse","floor":11,"turns":3},{"damage":4,"enemies":"Gremlin Nob","floor":13,"turns":4},{"damage":8,"enemies":"Blue Slaver","floor":14,"turns":3},{"damage":50,"enemies":"The Guardian","floor":16,"turns":11}],"seed_played":"-4021868998805978603","potions_obtained":[{"floor":1,"key":"SkillPotion"},{"floor":5,"key":"Block Potion"},{"floor":7,"key":"blueLaboratory:IronCompound"}],"is_trial":false,"path_per_floor":["M","?","M","?","M","R","M","R","T","$","M","R","E","M","R","B"],"character_chosen":"IRONCLAD","items_purchased":["Sadistic Nature"],"campfire_rested":0,"item_purchase_floors":[10],"current_hp_per_floor":[54,47,39,39,44,44,44,44,44,44,47,47,49,47,47,0,0],"gold":90,"neow_bonus":"TWENTY_PERCENT_HP_BONUS","is_daily":false,"chose_seed":false,"campfire_upgraded":4,"win_rate":0.0,"timestamp":1608840697,"path_taken":["M","?","M","?","?","R","M","R","T","?","M","R","E","M","R","BOSS"],"items_purchased_type":["Card"],"build_version":"2020-12-22","purchased_purges":0,"victory":false,"max_hp_per_floor":[96,96,96,96,96,96,96,96,96,96,96,96,96,96,96,96,96],"card_choices":[{"not_picked":["Pommel Strike","Cleave"],"picked":"Burning Pact","floor":1},{"not_picked":["Twin Strike","Thunderclap"],"picked":"Sever Soul","floor":3},{"not_picked":["Clash","Immolate"],"picked":"Reckless Charge","floor":5},{"not_picked":["Warcry","Heavy Blade"],"picked":"Power Through","floor":7},{"not_picked":["Shrug It Off","Headbutt"],"picked":"Feel No Pain","floor":11},{"not_picked":["Anger","Body Slam","Armaments"],"picked":"SKIP","floor":13},{"not_picked":["Twin Strike","Iron Wave","Clash"],"picked":"SKIP","floor":14}],"player_experience":745458,"relics_obtained":[{"floor":9,"key":"Akabeko"},{"floor":13,"key":"Lantern"}],"event_choices":[{"cards_removed":["Strike_R"],"damage_healed":0,"gold_gain":0,"player_choice":"Card Removal","damage_taken":7,"max_hp_gain":0,"max_hp_loss":0,"event_name":"Golden Wing","floor":2,"gold_loss":0},{"damage_healed":0,"gold_gain":0,"player_choice":"Ignored","damage_taken":0,"max_hp_gain":0,"max_hp_loss":0,"event_name":"WeMeetAgain","floor":4,"gold_loss":0}],"is_beta":false,"boss_relics":[],"items_purged_floors":[],"is_endless":false,"potions_floor_spawned":[1,5,7],"killed_by":"The Guardian","ascension_level":6}}