{"host":"dh4nu8nelr2izibb","time":1608839249,"event":{"mods":["Act Like it!","BaseMod","Better Third Choice","Card Forge","Displayed Cursed Tome","HololiveMod","Marisa????????","Minty Spire (QoL Compilation)","Puzzle Mod","Quick Restart","Relic Filter","StSLib","The Marked","The Poker Player","The Servant 0.9.4","WarShipGirlsR/????R mod","???????????mod"],"gold_per_floor":[117,1,1,19,32,32,58,70,97,112,112,128,140,151,151,255,255,272,200,299,142,57,57,68,68,68,68,48,48,80,94,94,94,94],"floor_reached":33,"playtime":1435,"items_purged":["theMarked:MagicAdept"],"score":267,"play_id":"96517429-7524-4776-a9cf-ec3e8a54a8f2","local_time":"20201224144729","is_ascension_mode":false,"campfire_choices":[{"data":"theMarked:SoldierOfQuellstein","floor":6.0,"key":"SMITH"},{"data":"theMarked:Indomitable","floor":11.0,"key":"SMITH"},{"data":"theMarked:PowerFlow","floor":15.0,"key":"SMITH"},{"data":"theMarked:BindingBlade","floor":23,"key":"SMITH"},{"data":"theMarked:HeritageOfTheMarked","floor":25,"key":"SMITH"},{"floor":32,"key":"REST"}],"circlet_count":0,"master_deck":["theMarked:Strike","theMarked:Strike","theMarked:Strike","theMarked:Strike","theMarked:Defend","theMarked:Defend","theMarked:Defend","theMarked:Defend","theMarked:SoldierOfQuellstein+1","theMarked:Levitate","theMarked:TwofoldDefense","theMarked:SelfDefenseTraining+1","theMarked:SelfDefenseTraining+1","theMarked:Electrocute","theMarked:Indomitable+1","theMarked:EmpowerWeapon","theMarked:Indomitable+1","theMarked:PowerFlow+1","theMarked:Overcharge","theMarked:BindingBlade+1","theMarked:HeritageOfTheMarked+1","theMarked:ReduceFriction","theMarked:HeightenedSenses","theMarked:ChannelForce"],"relics":["theMarked:ArtifactOfAir","Hammer of Thor","Seething Fire","Anvil of the Gods","theMarked:KettuFlask","Pen Nib","Blood Vial","Busted Crown","PreservedInsect","Ornamental Fan","Juzu Bracelet","Bag of Preparation"],"acts_visited":["Exordium","TheCity"],"potions_floor_usage":[33],"damage_taken":[{"damage":0.0,"enemies":"Small Slimes","floor":1.0,"turns":4.0},{"damage":0.0,"enemies":"Cultist","floor":4.0,"turns":3.0},{"damage":0.0,"enemies":"2 Louse","floor":5.0,"turns":2.0},{"damage":13.0,"enemies":"Lagavulin","floor":7.0,"turns":8.0},{"damage":0.0,"enemies":"2 Fungi Beasts","floor":8.0,"turns":3.0},{"damage":0.0,"enemies":"Exordium Wildlife","floor":10.0,"turns":3.0},{"damage":0.0,"enemies":"3 Louse","floor":12.0,"turns":4.0},{"damage":0.0,"enemies":"Lots of Slimes","floor":13.0,"turns":5.0},{"damage":0.0,"enemies":"2 Fungi Beasts","floor":14.0,"turns":3.0},{"damage":25,"enemies":"Hexaghost","floor":16,"turns":12},{"damage":15,"enemies":"Chosen","floor":18,"turns":5},{"damage":17,"enemies":"Shell Parasite","floor":24,"turns":5},{"damage":7,"enemies":"Book of Stabbing","floor":30,"turns":3},{"damage":2,"enemies":"Centurion and Healer","floor":31,"turns":6},{"damage":79,"enemies":"Automaton","floor":33,"turns":12}],"seed_played":"1265003179923720996","potions_obtained":[{"floor":1.0,"key":"Weak Potion"},{"floor":7.0,"key":"Fire Potion"},{"floor":13.0,"key":"DuplicationPotion"},{"floor":16,"key":"Energy Potion"},{"floor":18,"key":"SmokeBomb"},{"floor":30,"key":"Strength Potion"}],"is_trial":false,"path_per_floor":["M","$","?","M","M","R","E","M","T","M","R","M","M","M","R","B",null,"M","$","?","$","?","R","M","R","T","?","?","?","E","M","R","B"],"character_chosen":"THE_DEFAULT","items_purchased":["theMarked:SelfDefenseTraining","theMarked:MagicAdept","theMarked:HeritageOfTheMarked","theMarked:ReduceFriction"],"campfire_rested":1,"item_purchase_floors":[2,2,19,21],"current_hp_per_floor":[49,49,49,49,49,49,36,36,36,38,38,40,42,44,44,21,70,55,55,55,55,55,55,40,40,40,40,40,40,35,35,56,0,0],"gold":94,"neow_bonus":"THREE_RARE_CARDS","is_daily":false,"chose_seed":false,"campfire_upgraded":5,"win_rate":0.0,"timestamp":1608839249,"path_taken":["M","$","?","M","M","R","E","M","T","M","R","M","?","M","R","BOSS","M","$","?","$","?","R","M","R","T","?","?","?","E","M","R","BOSS"],"items_purchased_type":["Card","Card","Card","Card"],"build_version":"2020-12-22","purchased_purges":1,"victory":false,"max_hp_per_floor":[70,70,70,70,70,70,70,70,70,70,70,70,70,70,70,70,70,70,70,70,70,70,70,70,70,70,70,70,70,70,70,70,70,70],"card_choices":[{"not_picked":["theMarked:Snap","theMarked:Challenge"],"picked":"theMarked:Levitate","floor":0.0},{"not_picked":["theMarked:CreepingChasm","theMarked:ParalyzingBlade"],"picked":"theMarked:TwofoldDefense","floor":1.0},{"not_picked":["theMarked:WastefulAttack","theMarked:TwofoldDefense"],"picked":"theMarked:SelfDefenseTraining","floor":4.0},{"not_picked":["theMarked:CreepingChasm","theMarked:BanishingStrike"],"picked":"theMarked:Electrocute","floor":5.0},{"not_picked":["theMarked:TakeCover","theMarked:Opportunist"],"picked":"theMarked:Indomitable","floor":7.0},{"not_picked":["theMarked:WastefulAttack","theMarked:HeightenedSenses"],"picked":"theMarked:EmpowerWeapon","floor":8.0},{"not_picked":["theMarked:ResourceFulStrike","theMarked:WastefulAttack"],"picked":"theMarked:Indomitable","floor":10.0},{"not_picked":["theMarked:RogueSparks","theMarked:BanishingStrike"],"picked":"theMarked:PowerFlow","floor":12.0},{"not_picked":["theMarked:Electrify","theMarked:ComboAttacks"],"picked":"theMarked:Overcharge","floor":13.0},{"not_picked":["theMarked:GodGivenPower","theMarked:WastefulDefense","theMarked:KeepCalmAndFightOn"],"picked":"SKIP","floor":14.0},{"not_picked":["theMarked:ThrowWeapon","theMarked:UnarmedFury"],"picked":"theMarked:BindingBlade","floor":16},{"not_picked":["theMarked:Frustration"],"picked":"SKIP","floor":18},{"not_picked":["theMarked:TunnelVision+1"],"picked":"SKIP","floor":24},{"not_picked":[],"picked":"theMarked:HeightenedSenses","floor":28},{"not_picked":[],"picked":"theMarked:ChannelForce","floor":28},{"not_picked":["theMarked:MaelstromOfLightning"],"picked":"SKIP","floor":30},{"not_picked":["theMarked:Electrocute+1"],"picked":"SKIP","floor":31}],"player_experience":1115730,"relics_obtained":[{"floor":7.0,"key":"Pen Nib"},{"floor":9.0,"key":"Blood Vial"},{"floor":26,"key":"Ornamental Fan"},{"floor":30,"key":"Bag of Preparation"}],"event_choices":[{"damage_healed":0.0,"max_hp_gain":0.0,"max_hp_loss":0.0,"gold_gain":0.0,"event_name":"WeMeetAgain","player_choice":"Gave Potion","floor":3.0,"gold_loss":0.0,"damage_taken":0.0,"relics_obtained":["theMarked:KettuFlask"]},{"damage_healed":0,"gold_gain":99,"player_choice":"Steal","damage_taken":0,"max_hp_gain":0,"max_hp_loss":0,"event_name":"betterThird:BetterNest","floor":20,"gold_loss":0},{"damage_healed":0,"gold_gain":0,"player_choice":"Obtained Relic","damage_taken":0,"relics_obtained":["PreservedInsect"],"max_hp_gain":0,"max_hp_loss":0,"event_name":"Addict","floor":22,"gold_loss":85},{"damage_healed":0,"gold_gain":0,"player_choice":"Smashed Altar","damage_taken":0,"max_hp_gain":0,"max_hp_loss":0,"event_name":"Forgotten Altar","floor":27,"gold_loss":0,"cards_obtained":["Decay"]},{"damage_healed":0,"gold_gain":0,"player_choice":"Opened","damage_taken":0,"relics_obtained":["Juzu Bracelet"],"max_hp_gain":0,"max_hp_loss":0,"event_name":"The Mausoleum","floor":29,"gold_loss":0,"cards_obtained":["Writhe"]}],"is_beta":false,"boss_relics":[{"not_picked":["Calling Bell","Ectoplasm"],"picked":"Busted Crown"}],"items_purged_floors":[21],"is_endless":false,"potions_floor_spawned":[1,7,13,16,18,30],"killed_by":"Automaton","ascension_level":0}}