{"host":"zjc1tzo4ovig5lll","time":1608832034,"event":{"mods":["AchievementEnabler","Aspiration","BaseMod","Beaked The Cultist","Better Altar","Better Match","Better Note","Better Sensory Stone","Colored Map","Colored Powertips","Conspire","Energized Spire","Friendly Minions","GifTheSpireLib","Halation","Hermit","Hubris","Minty Spire (QoL Compilation)","Rare Cards Sparkle","Replay The Spire","Spikes Relics","StSLib","Stuff the Spire","The Bug Knight","The Construct","The Jungle","The Servant 0.9.4","everything is the same but u backflip on backflip","vexMod"],"gold_per_floor":[117,136,211,211,211,242,242,271,297,35,35,35,35,50,50,61,61,156,156,168,181,194,269,40,40,40,71,71,71,88,88,122,139,139,139,139],"floor_reached":35,"playtime":1722,"items_purged":[],"score":328,"play_id":"beed22b2-f988-43f5-9722-748e841b73ae","local_time":"20201224194714","is_ascension_mode":false,"campfire_choices":[{"data":"Eruption","floor":7,"key":"SMITH"},{"data":"Replay:ManipulateFuture","floor":17,"key":"SMITH"},{"data":"Crescendo","floor":25,"key":"SMITH"},{"floor":29,"key":"REST"},{"floor":31,"key":"REST"},{"floor":34,"key":"REST"}],"circlet_count":0,"master_deck":["Strike_P","Strike_P","Strike_P","Strike_P","Defend_P","Defend_P","Defend_P","Defend_P","Eruption+1","Vigilance","ForeignInfluence","Crescendo+1","DevaForm+1","Consecrate","Replay:ManipulateFuture+1","Replay:Hum","Meditate+1","Indignation+1","BarbarianYell+1","Replay:ManipulateFuture+1","Ragnarok","EmptyBody+1"],"relics":["PureWater","Centennial Puzzle","halation:EternalFortune","Simple Rune","HollowMod:StagPassRelic","LugNut","hubris:RunicObelisk","ClockworkSouvenir","Bottled Lightning","RoseTintedShades","halation:Trompette"],"acts_visited":["Exordium","TheCity"],"potions_floor_usage":[],"damage_taken":[{"damage":3,"enemies":"Jaw Worm","floor":1,"turns":3},{"damage":0,"enemies":"2 Louse","floor":2,"turns":2},{"damage":8,"enemies":"Gremlin Nob","floor":6,"turns":3},{"damage":6,"enemies":"HollowMod:MossKnight","floor":8,"turns":3},{"damage":0,"enemies":"Small Slimes","floor":14,"turns":2},{"damage":2,"enemies":"Looter","floor":16,"turns":3},{"damage":35,"enemies":"Hexaghost","floor":18,"turns":8},{"damage":0,"enemies":"Chosen","floor":20,"turns":2},{"damage":0,"enemies":"Shell Parasite","floor":21,"turns":2},{"damage":0,"enemies":"Sentry and Sphere","floor":22,"turns":2},{"damage":37,"enemies":"Book of Stabbing","floor":27,"turns":6},{"damage":24,"enemies":"Cultist and Chosen","floor":30,"turns":5},{"damage":11,"enemies":"conspire:Head Lice","floor":32,"turns":6},{"damage":47,"enemies":"Shelled Parasite and Fungi","floor":33,"turns":6},{"damage":55,"enemies":"Champ","floor":35,"turns":3}],"seed_played":"5518090968552953881","potions_obtained":[{"floor":18,"key":"Strength Potion"},{"floor":21,"key":"Doom Potion"},{"floor":32,"key":"Toxic Potion"}],"is_trial":false,"path_per_floor":["M","M","?","T","?","E","R","E","T","$","?","PTL","PTL","M","$","M","R","B",null,"M","M","M","?","$","R","?","E","T","R","M","R","E","M","R","B"],"character_chosen":"WATCHER","items_purchased":["LugNut","Indignation","ClockworkSouvenir"],"campfire_rested":3,"item_purchase_floors":[10,24,24],"current_hp_per_floor":[76,76,65,65,68,60,60,54,54,54,54,54,54,54,54,52,52,17,82,82,82,82,74,74,74,74,37,37,61,37,61,50,6,31,0,0],"gold":139,"neow_bonus":"TEN_PERCENT_HP_BONUS","is_daily":false,"chose_seed":false,"campfire_upgraded":3,"win_rate":0.0,"timestamp":1608832034,"path_taken":["M","M","?","?","?","E","R","E","T","$","?","PTL","PTL","M","?","?","R","BOSS","M","?","M","?","$","R","?","E","T","R","M","R","E","M","R","BOSS"],"items_purchased_type":["Relic","Card","Relic"],"build_version":"2020-12-22","purchased_purges":0,"victory":false,"max_hp_per_floor":[79,79,79,79,82,82,82,82,82,82,82,82,82,82,82,82,82,82,82,82,82,82,82,82,82,82,82,82,82,82,82,82,85,85,85,85],"card_choices":[{"not_picked":["FollowUp","Replay:Vibes"],"picked":"ForeignInfluence","floor":1},{"not_picked":["CutThroughFate","ThirdEye"],"picked":"Crescendo","floor":2},{"not_picked":["Pray","CutThroughFate","Evaluate"],"picked":"SKIP","floor":6},{"not_picked":["Replay:AtTheReady","Replay:ManipulateFuture"],"picked":"DevaForm","floor":8},{"not_picked":["Crescendo","FlurryOfBlows"],"picked":"Consecrate","floor":14},{"not_picked":["FlurryOfBlows","FollowUp"],"picked":"Replay:ManipulateFuture","floor":16},{"not_picked":["DeceiveReality","Meditate"],"picked":"Replay:Hum","floor":20},{"not_picked":["FlurryOfBlows","ClearTheMind"],"picked":"Meditate+1","floor":21},{"not_picked":["Crescendo+1","Replay:Battleflow","InnerPeace"],"picked":"SKIP","floor":22},{"not_picked":["CutThroughFate","Replay:Vibes","Replay:AtTheReady"],"picked":"SKIP","floor":27},{"not_picked":["Tantrum","BowlingBash"],"picked":"Replay:ManipulateFuture+1","floor":30},{"not_picked":["CutThroughFate","WreathOfFlame+1"],"picked":"Ragnarok","floor":32},{"not_picked":["Replay:Cycle","Crescendo"],"picked":"EmptyBody+1","floor":33}],"player_experience":588562,"relics_obtained":[{"floor":4,"key":"Centennial Puzzle"},{"floor":6,"key":"Simple Rune"},{"floor":8,"key":"HollowMod:StagPassRelic"},{"floor":27,"key":"Bottled Lightning"},{"floor":28,"key":"RoseTintedShades"},{"floor":32,"key":"halation:Trompette"},{"floor":33,"key":"halation:EternalFortune"}],"event_choices":[{"damage_healed":0,"gold_gain":75,"player_choice":"Gather Gold","damage_taken":11,"max_hp_gain":0,"max_hp_loss":0,"event_name":"World of Goop","floor":3,"gold_loss":0},{"damage_healed":0,"gold_gain":0,"player_choice":"Grow","damage_taken":0,"max_hp_gain":0,"max_hp_loss":0,"event_name":"Living Wall","floor":11,"gold_loss":0,"cards_upgraded":["DevaForm"]},{"damage_healed":0,"gold_gain":75,"player_choice":"Touch","damage_taken":8,"max_hp_gain":0,"max_hp_loss":0,"event_name":"FaceTrader","floor":23,"gold_loss":0},{"cards_removed":["Replay:ManipulateFuture"],"damage_healed":0,"gold_gain":0,"player_choice":"Take \u0026 Give","damage_taken":0,"max_hp_gain":0,"max_hp_loss":0,"event_name":"betterNote:BetterNote","floor":26,"gold_loss":0,"cards_obtained":["BarbarianYell"]}],"is_beta":false,"boss_relics":[{"not_picked":["halation:Prosthetics","halation:Yufonium"],"picked":"hubris:RunicObelisk"}],"items_purged_floors":[],"is_endless":false,"potions_floor_spawned":[2,6,18,21,32,33],"killed_by":"Champ","ascension_level":0}}