{"host":"uflv0e3ja7hvnij7","time":1608815587,"event":{"mods":["BaseMod","Conspire","Downfall","Hubris","Minty Spire (QoL Compilation)","Replay The Spire","Shop Mod","StSLib"],"gold_per_floor":[363,377,10,22,38,38,38,38,38,38,49,67,94,107,107,210,210,223,288,300,225,237,237,265,265,265,265,281,281,281],"floor_reached":29,"playtime":1413,"items_purged":["Slimebound:Defend_Slimebound"],"score":284,"play_id":"7b804316-316b-4725-b503-91d96a4e267f","local_time":"20201224081307","is_ascension_mode":true,"campfire_choices":[{"data":"Armaments","floor":6,"key":"SMITH"},{"data":"Inflame","floor":8,"key":"SMITH"},{"data":"Cleave","floor":10,"key":"SMITH"},{"floor":23,"key":"REST"},{"floor":25,"key":"REST"}],"circlet_count":0,"master_deck":["Strike_R","Strike_R","Strike_R","Strike_R","Strike_R","Defend_R","Defend_R","Defend_R","Defend_R","Bash","Slimebound:Tackle","Armaments+1","Ghostly Armor+1","Inflame+1","ReplayTheSpireMod:Stacked","Cleave+1","Heavy Blade","Demon Form","Seeing Red","Reckless Charge+1"],"relics":["Burning Blood","hubris:CuriousFeather","Red Skull","hubris:Spice","Pantograph","GremlinMask"],"acts_visited":["Exordium","TheCity"],"potions_floor_usage":[16,22,24,24],"damage_taken":[{"damage":11,"enemies":"Small Slimes","floor":1,"turns":5},{"damage":8,"enemies":"Jaw Worm","floor":2,"turns":5},{"damage":5,"enemies":"2 Louse","floor":4,"turns":3},{"damage":3,"enemies":"Blue Slaver","floor":5,"turns":5},{"damage":1,"enemies":"Gremlin Gang","floor":11,"turns":3},{"damage":0,"enemies":"3 Louse","floor":12,"turns":2},{"damage":43,"enemies":"conspire:MimicChest","floor":13,"turns":5},{"damage":2,"enemies":"Blue Slaver","floor":14,"turns":3},{"damage":61,"enemies":"Hexaghost","floor":16,"turns":8},{"damage":34,"enemies":"Shell Parasite","floor":18,"turns":7},{"damage":21,"enemies":"Spheric Guardian","floor":20,"turns":4},{"damage":4,"enemies":"Snake Plant","floor":22,"turns":3},{"damage":45,"enemies":"Book of Stabbing","floor":24,"turns":4},{"damage":20,"enemies":"3 Cultists","floor":28,"turns":5},{"damage":42,"enemies":"Shelled Parasite and Fungi","floor":29,"turns":2}],"seed_played":"7491459995710104394","potions_obtained":[{"floor":4,"key":"Death Potion"},{"floor":5,"key":"BloodPotion"},{"floor":14,"key":"PowerPotion"},{"floor":16,"key":"Energy Potion"},{"floor":22,"key":"BlessingOfTheForge"},{"floor":28,"key":"sneckomod:MuddlingPotion"}],"is_trial":false,"path_per_floor":["M","M","$","M","M","R","?","R","T","R","M","M","?","M","R","B",null,"M","?","M","$","M","R","E","R","T","?","M","M"],"character_chosen":"IRONCLAD","items_purchased":["hubris:CuriousFeather","Inflame"],"campfire_rested":2,"item_purchase_floors":[3,3],"current_hp_per_floor":[75,73,73,74,77,77,77,77,77,77,80,80,51,55,81,26,96,68,33,18,18,20,44,21,42,42,42,28,0,0],"gold":281,"neow_bonus":"TWO_FIFTY_GOLD","is_daily":false,"chose_seed":false,"campfire_upgraded":3,"win_rate":0.0,"timestamp":1608815587,"path_taken":["M","M","$","M","M","R","?","R","T","R","M","M","?","M","R","BOSS","M","?","M","$","M","R","E","R","T","?","M","M"],"items_purchased_type":["Relic","Card"],"build_version":"2020-12-22","purchased_purges":1,"victory":false,"max_hp_per_floor":[80,80,80,80,80,80,80,80,80,80,80,80,88,88,88,88,96,88,88,80,80,80,80,72,72,72,72,72,72,72],"card_choices":[{"not_picked":["Rage","Replay:Undeath\u0027s Touch"],"picked":"Armaments","floor":1},{"not_picked":["Body Slam","Life Link"],"picked":"Ghostly Armor","floor":2},{"not_picked":["Abandon","Dropkick"],"picked":"ReplayTheSpireMod:Stacked","floor":4},{"not_picked":["Warcry","Sever Soul"],"picked":"Cleave","floor":5},{"not_picked":["Sword Boomerang","Armaments"],"picked":"Heavy Blade","floor":11},{"not_picked":["Havoc","Reckless Charge","Massacre"],"picked":"SKIP","floor":12},{"not_picked":["Wild Strike","Defy Death","Power Through"],"picked":"SKIP","floor":14},{"not_picked":["Barricade","Fiend Fire"],"picked":"Demon Form","floor":16},{"not_picked":["Rage+1","Havoc+1"],"picked":"hubris:SpiceAddiction","floor":18},{"not_picked":["Searing Blow","Run Through"],"picked":"Seeing Red","floor":19},{"not_picked":["Clash+1","Ghostly Armor"],"picked":"hubris:SpiceAddiction","floor":20},{"not_picked":["Headbutt","Flame Barrier","Replay:Undeath\u0027s Touch"],"picked":"SKIP","floor":22},{"not_picked":["Clothesline","True Grit"],"picked":"Reckless Charge+1","floor":24},{"not_picked":["Defy Death","Cleave","Clash"],"picked":"SKIP","floor":28}],"player_experience":308302,"relics_obtained":[{"floor":9,"key":"Red Skull"},{"floor":13,"key":"hubris:Spice"},{"floor":24,"key":"hubris:Spice"},{"floor":26,"key":"Pantograph"}],"event_choices":[{"damage_healed":0,"gold_gain":0,"player_choice":"Leave","damage_taken":0,"max_hp_gain":0,"max_hp_loss":0,"event_name":"conspire:Investor","floor":7,"gold_loss":0},{"damage_healed":0,"gold_gain":0,"player_choice":"Trade","damage_taken":0,"relics_obtained":["GremlinMask"],"max_hp_gain":0,"max_hp_loss":0,"event_name":"FaceTrader","floor":27,"gold_loss":0}],"is_beta":false,"boss_relics":[{"not_picked":["Sozu","Pandora\u0027s Box"],"picked":"hubris:Spice"}],"items_purged_floors":[21],"is_endless":false,"potions_floor_spawned":[4,5,14,16,22,28],"killed_by":"Shelled Parasite and Fungi","ascension_level":4}}