{"host":"x4x6fw95e6eqd4n0","time":1608797742,"event":{"mods":["AchievementEnabler","BaseMod","Colored Map","Colored Powertips","DeckTracker","Minty Spire (QoL Compilation)"],"gold_per_floor":[16,16,16,30,30,30,73,73,73,98,98,98,121,139,139,259,259,272,286,211,230,255,255,255,255],"floor_reached":24,"playtime":723,"items_purged":[],"score":204,"play_id":"02de310b-a488-4007-b2e4-7b3632e0c1a3","local_time":"20201224101542","is_ascension_mode":true,"campfire_choices":[{"data":"Thunder Strike","floor":6,"key":"SMITH"},{"floor":11,"key":"REST"},{"data":"Hologram","floor":15,"key":"SMITH"},{"data":"Thunder Strike","floor":23,"key":"SMITH"}],"circlet_count":0,"master_deck":["Strike_B","Strike_B+1","Defend_B+1","Defend_B","Defend_B","Defend_B","Zap","Dualcast","Undo","Thunder Strike+1","White Noise","Self Repair","Hologram+1","Thunder Strike+1","Leap+1","Fusion+1","Conserve Battery","Parasite"],"relics":["Cracked Core","Unceasing Top","Golden Idol","Blood Vial","Pear","Bag of Marbles","Centennial Puzzle","Cursed Key","Happy Flower"],"acts_visited":["Exordium","TheCity"],"potions_floor_usage":[7,16,16,16,16,24],"damage_taken":[{"damage":1,"enemies":"Jaw Worm","floor":1,"turns":3},{"damage":2,"enemies":"2 Louse","floor":4,"turns":2},{"damage":16,"enemies":"Gremlin Nob","floor":7,"turns":4},{"damage":0,"enemies":"Small Slimes","floor":13,"turns":4},{"damage":0,"enemies":"Looter","floor":14,"turns":4},{"damage":39,"enemies":"Hexaghost","floor":16,"turns":9},{"damage":7,"enemies":"3 Byrds","floor":18,"turns":3},{"damage":42,"enemies":"Chosen","floor":19,"turns":7},{"damage":14,"enemies":"Snecko","floor":21,"turns":5},{"damage":54,"enemies":"Gremlin Leader","floor":24,"turns":4}],"seed_played":"607621199289684104","potions_obtained":[{"floor":1,"key":"FearPotion"},{"floor":7,"key":"EntropicBrew"},{"floor":13,"key":"AttackPotion"},{"floor":18,"key":"BlessingOfTheForge"}],"is_trial":false,"path_per_floor":["M","$","?","M","?","R","E","?","T","T","R","?","M","M","R","B",null,"M","M","?","M","T","R","E"],"character_chosen":"DEFECT","items_purchased":[],"campfire_rested":1,"item_purchase_floors":[],"current_hp_per_floor":[74,74,56,54,39,39,23,16,26,26,51,51,53,62,62,25,85,85,50,50,45,45,45,0,0],"gold":255,"neow_bonus":"ONE_RARE_RELIC","is_daily":false,"chose_seed":false,"campfire_upgraded":3,"win_rate":0.0,"timestamp":1608797742,"path_taken":["M","$","?","M","?","R","E","?","T","?","R","?","M","M","R","BOSS","M","M","?","M","?","R","E"],"items_purchased_type":[],"build_version":"2020-12-13","purchased_purges":0,"victory":false,"max_hp_per_floor":[75,75,75,75,75,75,75,75,85,85,85,85,85,85,85,85,85,85,85,85,85,85,85,85,85],"card_choices":[{"not_picked":["Gash","Compile Driver"],"picked":"Undo","floor":1},{"not_picked":["Steam","Barrage"],"picked":"Thunder Strike","floor":4},{"not_picked":["Chill","Barrage"],"picked":"White Noise","floor":7},{"not_picked":["Coolheaded","Sweeping Beam"],"picked":"Self Repair","floor":13},{"not_picked":["Barrage","Compile Driver"],"picked":"Hologram","floor":14},{"not_picked":["Multi-Cast","Seek"],"picked":"Thunder Strike","floor":16},{"not_picked":["Stack","BootSequence"],"picked":"Leap+1","floor":18},{"not_picked":["Ball Lightning","Chill+1"],"picked":"Fusion+1","floor":19},{"not_picked":["Compile Driver","Go for the Eyes"],"picked":"Conserve Battery","floor":21}],"player_experience":69665,"relics_obtained":[{"floor":7,"key":"Blood Vial"},{"floor":9,"key":"Pear"},{"floor":10,"key":"Bag of Marbles"},{"floor":22,"key":"Happy Flower"}],"event_choices":[{"damage_healed":0,"gold_gain":0,"player_choice":"Take Damage","damage_taken":18,"relics_obtained":["Golden Idol"],"max_hp_gain":0,"max_hp_loss":0,"event_name":"Golden Idol","floor":3,"gold_loss":0},{"damage_healed":0,"gold_gain":0,"player_choice":"Entered Light","damage_taken":15,"max_hp_gain":0,"max_hp_loss":0,"event_name":"Shining Light","floor":5,"gold_loss":0,"cards_upgraded":["Strike_B","Defend_B"]},{"cards_removed":["Strike_B"],"damage_healed":0,"gold_gain":0,"player_choice":"Card Removal","damage_taken":7,"max_hp_gain":0,"max_hp_loss":0,"event_name":"Golden Wing","floor":8,"gold_loss":0},{"damage_healed":0,"gold_gain":0,"player_choice":"Searched \u00271\u0027 times","damage_taken":0,"relics_obtained":["Centennial Puzzle"],"max_hp_gain":0,"max_hp_loss":0,"event_name":"Dead Adventurer","floor":12,"gold_loss":0},{"cards_removed":["Strike_B"],"damage_healed":0,"gold_gain":0,"player_choice":"Gave Gold","damage_taken":0,"max_hp_gain":0,"max_hp_loss":0,"event_name":"Beggar","floor":20,"gold_loss":75}],"is_beta":false,"boss_relics":[{"not_picked":["Velvet Choker","Runic Dome"],"picked":"Cursed Key"}],"items_purged_floors":[],"is_endless":false,"potions_floor_spawned":[1,7,13,18],"killed_by":"Gremlin Leader","ascension_level":1}}