{"host":"8w77ry71wnq5rafu","time":1608847319,"event":{"mods":["AchievementEnabler","BaseMod","ChefMod","Colored Map","Hermit","Highlight Path","Key Reminder","Minty Spire (QoL Compilation)","Permanent Neow","Random Character Button","Rare Cards Sparkle","StSLib","The Edgeheg","The IronCluck","The Problem Sleuth","The Senshi","Unceasing Turn Reminder","egg","everything is the same but u backflip on backflip","slay the spire mod where everything is the same but ironclad has a cowboy hat","thorton"],"gold_per_floor":[118,193,193,204,218,218,251,251,251,267,287,8,43,43,43,114,114,133,150,0,0,12,45,57,82,82,82,82],"floor_reached":27,"playtime":3362,"items_purged":["Strike_R","Strike_R"],"score":434,"play_id":"fcf0679f-b61a-4dce-8d9a-3ae1658ff802","local_time":"20201224150159","is_ascension_mode":true,"campfire_choices":[{"data":"Clothesline","floor":6.0,"key":"SMITH"},{"data":"Uppercut","floor":8.0,"key":"SMITH"},{"floor":15.0,"key":"REST"}],"circlet_count":0,"master_deck":["AscendersBane","Strike_R","Strike_R","Strike_R","Defend_R","Defend_R","Defend_R","Defend_R","Bash","Clothesline+1","Thunderclap","Ghostly Armor","Uppercut+1","Spot Weakness","Metallicize","Reaper","Dual Wield","Berserk+1","Double Tap","Battle Trance","Panacea","RitualDagger","Infernal Blade","Pommel Strike","Headbutt"],"relics":["Burning Blood","Boot","Darkstone Periapt","Shuriken","Membership Card","Nunchaku","Coffee Dripper","Potion Belt","theSenshi:SailorFukuRelic","Self Forming Clay"],"acts_visited":["Exordium","TheCity"],"potions_floor_usage":[16,19,24,25,27],"damage_taken":[{"damage":11.0,"enemies":"Cultist","floor":1.0,"turns":4.0},{"damage":4.0,"enemies":"2 Louse","floor":4.0,"turns":3.0},{"damage":0.0,"enemies":"Small Slimes","floor":5.0,"turns":3.0},{"damage":32.0,"enemies":"3 Sentries","floor":7.0,"turns":9.0},{"damage":9.0,"enemies":"Blue Slaver","floor":10.0,"turns":4.0},{"damage":32.0,"enemies":"Exordium Thugs","floor":11.0,"turns":7.0},{"damage":22.0,"enemies":"Lagavulin","floor":13.0,"turns":9.0},{"damage":24,"enemies":"Slime Boss","floor":16,"turns":10},{"damage":10,"enemies":"Shell Parasite","floor":18,"turns":7},{"damage":12,"enemies":"Chosen","floor":19,"turns":4},{"damage":26,"enemies":"Centurion and Healer","floor":22,"turns":6},{"damage":43,"enemies":"Book of Stabbing","floor":23,"turns":6},{"damage":24,"enemies":"Snake Plant","floor":24,"turns":3},{"damage":45,"enemies":"Slavers","floor":25,"turns":6},{"damage":49,"enemies":"Shelled Parasite and Fungi","floor":27,"turns":3}],"seed_played":"1115070944218901874","potions_obtained":[{"floor":4.0,"key":"Regen Potion"},{"floor":10.0,"key":"Weak Potion"},{"floor":13.0,"key":"Explosive Potion"},{"floor":18,"key":"SkillPotion"},{"floor":22,"key":"FearPotion"},{"floor":23,"key":"EssenceOfSteel"}],"is_trial":false,"path_per_floor":["M","?","?","M","M","R","E","R","T","M","M","$","E","?","R","B",null,"M","M","$","?","M","E","M","E","T","M"],"character_chosen":"IRONCLAD","items_purchased":["Membership Card","Reaper","Dual Wield","Fruit Juice","Panacea"],"campfire_rested":1,"item_purchase_floors":[12,12,12,20,20],"current_hp_per_floor":[67,56,57,59,65,65,39,39,39,36,25,25,15,15,39,28,68,79,75,75,69,75,47,40,16,16,0,0],"gold":82,"neow_bonus":"RANDOM_COMMON_RELIC","is_daily":false,"chose_seed":false,"campfire_upgraded":2,"win_rate":0.0,"timestamp":1608847319,"path_taken":["M","?","?","M","M","R","E","R","T","M","M","$","E","?","R","BOSS","M","M","?","?","M","E","M","E","T","?"],"items_purchased_type":["Relic","Card","Card","Potion","Card"],"build_version":"2020-12-22","purchased_purges":2,"victory":false,"max_hp_per_floor":[80,80,81,81,81,81,81,81,81,81,81,81,81,81,81,81,81,81,81,81,81,81,81,81,81,81,86,86],"card_choices":[{"not_picked":["Thunderclap","Pommel Strike"],"picked":"Clothesline","floor":1.0},{"not_picked":["Iron Wave","Burning Pact"],"picked":"Thunderclap","floor":4.0},{"not_picked":["Rupture","Anger"],"picked":"Ghostly Armor","floor":5.0},{"not_picked":["Thunderclap","Clash"],"picked":"Uppercut","floor":7.0},{"not_picked":["Anger","Thunderclap"],"picked":"Spot Weakness","floor":10.0},{"not_picked":["Hemokinesis","Body Slam"],"picked":"Metallicize","floor":11.0},{"not_picked":["Burning Pact","Flex"],"picked":"Berserk","floor":13.0},{"not_picked":["Corruption","Reaper"],"picked":"Double Tap","floor":16},{"not_picked":["Warcry","Intimidate"],"picked":"Battle Trance","floor":18},{"not_picked":["Clash+1","Spot Weakness","Wild Strike"],"picked":"SKIP","floor":19},{"not_picked":["Clothesline","Berserk"],"picked":"Infernal Blade","floor":22},{"not_picked":["Warcry","Clash","Reckless Charge"],"picked":"SKIP","floor":23},{"not_picked":["Heavy Blade","Combust"],"picked":"Pommel Strike","floor":24},{"not_picked":["Sword Boomerang","Clash"],"picked":"Headbutt","floor":25}],"player_experience":455966,"relics_obtained":[{"floor":7.0,"key":"Darkstone Periapt"},{"floor":9.0,"key":"Shuriken"},{"floor":13.0,"key":"Nunchaku"},{"floor":23,"key":"Potion Belt"},{"floor":25,"key":"theSenshi:SailorFukuRelic"},{"floor":26,"key":"Self Forming Clay"}],"event_choices":[{"damage_healed":0.0,"max_hp_gain":0.0,"max_hp_loss":0.0,"gold_gain":75.0,"event_name":"World of Goop","player_choice":"Gather Gold","floor":2.0,"gold_loss":0.0,"damage_taken":11.0},{"damage_healed":0.0,"max_hp_gain":0.0,"max_hp_loss":0.0,"gold_gain":0.0,"event_name":"Upgrade Shrine","player_choice":"Upgraded","floor":14.0,"gold_loss":0.0,"damage_taken":0.0,"cards_upgraded":["Berserk"]},{"damage_healed":0,"gold_gain":0,"player_choice":"Joined the Cult","damage_taken":6,"max_hp_gain":0,"max_hp_loss":0,"event_name":"Nest","floor":21,"gold_loss":0,"cards_obtained":["RitualDagger"]}],"is_beta":false,"boss_relics":[{"not_picked":["Runic Dome","Black Blood"],"picked":"Coffee Dripper"}],"items_purged_floors":[12,20],"is_endless":false,"potions_floor_spawned":[4,10,13,18,22,23],"killed_by":"Shelled Parasite and Fungi","ascension_level":13}}