{"host":"ymw71f7rc9ndansy","time":1608812591,"event":{"mods":["ATMod(阿瑾Mod)","Act Like it!","Aspiration","BaseMod","DeckTracker","Hubris","Library of Ruina","Library of Ruina Extra","Minty Spire (QoL Compilation)","MostiFishMod","Remove Card Discount Mod","Replay The Spire","StSLib","TestMod","【遗物卡牌】REMEMod","残留之物"],"gold_per_floor":[116,129,129,51,51,51,81,481,481,481,481,481,492,523,533,567,567,640,640,657,674,245,245,265,265,94,123,123,121,148,148,148],"floor_reached":31,"playtime":568,"items_purged":["Strike_R","Strike_R","Strike_R","Strike_R","Strike_R","Bash","Defend_R","Defend_R+1","Perfected Strike+1","AT_BodySlamDance"],"score":678,"play_id":"20c602e0-82f5-4c5b-86c4-39b646b5a478","local_time":"20201224202311","is_ascension_mode":true,"campfire_choices":[{"data":"LessonLearned","floor":6.0,"key":"SMITH"},{"data":"MostiFishMod:RacingGame","floor":17,"key":"SMITH"},{"data":"Limit Break","floor":25,"key":"SMITH"},{"data":"Armaments","floor":31,"key":"SMITH"}],"circlet_count":0,"master_deck":["AscendersBane","Defend_R+1","Defend_R+1","LessonLearned+1","testmod-TaurusBlackCat+1","Shrug It Off","AT_BodySlamDance","Shockwave+1","MostiFishMod:RacingGame+1","Limit Break+1","Reaper","AT_BodySlamDance+1","MostiFishMod:RacingGame+1","Armaments+1"],"relics":["Burning Blood","DaveBox","REME_ComplimentaryCards","AT_ATBox","SentryEyes","testmod-FatalChain","SynthV:TestCard","hubris:Towel","PlaceholderMod:SoulofChaos","Blood Vial","PageOfAlriune","War Paint","Sozu","ReplayTheSpireMod:Ninjato","DollysMirror","hubris:TenFootPole","SynthV:C4"],"acts_visited":["Exordium","TheCity"],"potions_floor_usage":[27],"damage_taken":[{"damage":0.0,"enemies":"Small Slimes","floor":1.0,"turns":2.0},{"damage":0.0,"enemies":"2 Louse","floor":2.0,"turns":2.0},{"damage":24.0,"enemies":"Gremlin Nob","floor":7.0,"turns":4.0},{"damage":0.0,"enemies":"Cultist","floor":13.0,"turns":2.0},{"damage":10,"enemies":"3 Sentries","floor":14,"turns":3},{"damage":0,"enemies":"Looter","floor":15,"turns":2},{"damage":12,"enemies":"Lagavulin","floor":16,"turns":4},{"damage":0,"enemies":"Slime Boss","floor":18,"turns":3},{"damage":3,"enemies":"Spheric Guardian","floor":20,"turns":3},{"damage":0,"enemies":"Shell Parasite","floor":21,"turns":2},{"damage":0,"enemies":"Centurion and Healer","floor":24,"turns":4},{"damage":29,"enemies":"Slavers","floor":27,"turns":2},{"damage":13,"enemies":"Book of Stabbing","floor":30,"turns":3}],"seed_played":"-1641429901202417635","potions_obtained":[{"floor":2.0,"key":"Swift Potion"},{"floor":14,"key":"Swift Potion"}],"is_trial":false,"path_per_floor":["M","M","?","$","?","R","E","?","T","?","PTL","PTL","M","E","M","E","R","B",null,"M","M","$","?","M","R","$","E","T","$","E","R"],"character_chosen":"IRONCLAD","items_purchased":["Shockwave+1","ReplayTheSpireMod:Ninjato","Reaper","DollysMirror"],"campfire_rested":0,"item_purchase_floors":[4,22,22,26],"current_hp_per_floor":[68,68,68,68,73,73,55,58,58,61,61,61,69,67,75,71,71,79,79,79,79,79,82,82,82,82,82,82,82,82,82,82],"gold":148,"neow_bonus":"RANDOM_COLORLESS_2","is_daily":false,"chose_seed":false,"campfire_upgraded":4,"win_rate":0.0,"timestamp":1608812591,"path_taken":["M","M","?","$","?","R","E","?","T","?","PTL","PTL","M","E","M","E","R","BOSS","M","M","$","?","M","R","$","E","T","$","E","R"],"items_purchased_type":["Card","Relic","Card","Relic"],"build_version":"2020-12-22","purchased_purges":10,"victory":false,"max_hp_per_floor":[68,68,68,68,73,73,73,76,76,79,79,79,79,79,79,79,79,79,79,79,79,79,82,82,82,82,82,82,82,82,82,82],"card_choices":[{"not_picked":["MostiFishMod:MusicBox","testmod-AdversityCounterattack"],"picked":"testmod-TaurusBlackCat","floor":0.0},{"not_picked":["ReplayTheSpireMod:Strike From Hell","Thunderclap"],"picked":"Shrug It Off","floor":1.0},{"not_picked":["Run Through","Anger","Pommel Strike","hubris:ReadiedAction"],"picked":"AT_BodySlamDance","floor":2.0},{"not_picked":["Havoc","Disarm","ReplayTheSpireMod:Strike From Hell","Warcry","Dual Wield"],"picked":"SKIP","floor":7.0},{"not_picked":["Abandon","Hemogenesis","Pommel Strike","hubris:ReadiedAction","hubris:SharpeningStone"],"picked":"SKIP","floor":14},{"not_picked":["Clash","Dark Embrace","Dual Wield","ReplayTheSpireMod:Muscle Training"],"picked":"MostiFishMod:RacingGame","floor":15},{"not_picked":["Combust","Armaments","Rage","Twin Strike"],"picked":"Limit Break","floor":16},{"not_picked":["Armaments","Searing Blow","AT_DrawKnifeCut","Life Link","Flex"],"picked":"SKIP","floor":20},{"not_picked":["Clothesline","Replay:Undeath\u0027s Touch","Sword Boomerang","Armaments","Seeing Red"],"picked":"SKIP","floor":21},{"not_picked":["Reaper","Dual Wield","Wild Strike","ReplayTheSpireMod:Stacked"],"picked":"AT_BodySlamDance+1","floor":24},{"not_picked":["hubris:CleavingFinish","Replay:Undeath\u0027s Touch","Pommel Strike","Anger","ReplayTheSpireMod:Corrosion Curse+1"],"picked":"SKIP","floor":27},{"not_picked":["Bloodletting","Inflame","ReplayReversal","Thunderclap+1"],"picked":"Armaments","floor":30}],"player_experience":990118,"relics_obtained":[{"floor":1.0,"key":"SynthV:TestCard"},{"floor":7.0,"key":"PlaceholderMod:SoulofChaos"},{"floor":9.0,"key":"Blood Vial"},{"floor":14,"key":"PageOfAlriune"},{"floor":16,"key":"War Paint"},{"floor":27,"key":"hubris:TenFootPole"},{"floor":30,"key":"SynthV:C4"}],"event_choices":[{"damage_healed":0.0,"max_hp_gain":5.0,"max_hp_loss":0.0,"gold_gain":0.0,"event_name":"Big Fish","player_choice":"Donut","floor":5.0,"gold_loss":0.0,"damage_taken":0.0},{"damage_healed":0.0,"max_hp_gain":0.0,"max_hp_loss":0.0,"gold_gain":400.0,"event_name":"恩洛斯的盘子","player_choice":"Sell","floor":8.0,"relics_lost":["testmod-TestBox"],"gold_loss":0.0,"damage_taken":0.0},{"damage_healed":0.0,"max_hp_gain":0.0,"max_hp_loss":0.0,"gold_gain":0.0,"event_name":"给自己的盒子","player_choice":"Ignored","floor":10.0,"gold_loss":0.0,"damage_taken":0.0},{"damage_healed":0,"gold_gain":0,"player_choice":"1 cards matched","damage_taken":0,"max_hp_gain":0,"max_hp_loss":0,"event_name":"Match and Keep!","floor":23,"gold_loss":0,"cards_obtained":["Perfected Strike"]}],"is_beta":false,"boss_relics":[{"not_picked":["JellyFishMachine","FrostBlade"],"picked":"Sozu"}],"items_purged_floors":[4,4,4,4,4,4,22,22,26,29],"is_endless":false,"potions_floor_spawned":[2,14,20,24,30],"ascension_level":20}}