{"host":"cc187","time":1608850432,"event":{"mods":["AchievementEnabler","BaseMod","Bestiary","Colored Map","Colored Powertips","Highlight Path","Keyboard Shortcuts","Minty Spire (QoL Compilation)","Quick Restart","Rare Cards Sparkle","Relic Stats","StSLib","SuperFastMode","Synergy Search","ojb\u0027s Info Mod"],"gold_per_floor":[118,135,150,150,150,176,176,196,196,263,263,276,276,276],"floor_reached":13,"playtime":532,"items_purged":[],"score":170,"play_id":"f96b40d7-8138-4c97-818e-cdc17d5eeb59","local_time":"20201224225352","is_ascension_mode":true,"campfire_choices":[{"floor":7,"key":"REST"},{"floor":11,"key":"REST"}],"circlet_count":0,"master_deck":["AscendersBane","Strike_G","Strike_G","Strike_G","Strike_G","Strike_G","Defend_G","Defend_G","Defend_G","Defend_G","Defend_G+1","Survivor","Neutralize","Poisoned Stab","Dagger Spray","Skewer","Backflip+1","Bouncing Flask","PiercingWail"],"relics":["Ring of the Snake","Calipers","SsserpentHead","Bronze Scales","War Paint"],"acts_visited":["Exordium"],"potions_floor_usage":[6,6,10,13],"damage_taken":[{"damage":2,"enemies":"Small Slimes","floor":1,"turns":5},{"damage":0,"enemies":"Jaw Worm","floor":2,"turns":5},{"damage":1,"enemies":"Cultist","floor":3,"turns":3},{"damage":46,"enemies":"Lagavulin","floor":6,"turns":11},{"damage":9,"enemies":"Blue Slaver","floor":8,"turns":4},{"damage":4,"enemies":"Gremlin Gang","floor":10,"turns":5},{"damage":11,"enemies":"3 Louse","floor":12,"turns":3},{"damage":27,"enemies":"3 Sentries","floor":13,"turns":5}],"seed_played":"7958836368764439717","potions_obtained":[{"floor":2,"key":"EssenceOfSteel"},{"floor":3,"key":"SpeedPotion"},{"floor":6,"key":"SkillPotion"},{"floor":12,"key":"Dexterity Potion"}],"is_trial":false,"path_per_floor":["M","M","M","?","?","E","R","M","T","M","R","M","E"],"character_chosen":"THE_SILENT","items_purchased":[],"campfire_rested":2,"item_purchase_floors":[],"current_hp_per_floor":[57,57,56,56,56,10,28,19,19,15,33,22,0,0],"gold":276,"neow_bonus":"ONE_RARE_RELIC","is_daily":false,"chose_seed":false,"campfire_upgraded":0,"win_rate":0.0,"timestamp":1608850432,"path_taken":["M","M","M","?","?","E","R","M","T","?","R","M","E"],"items_purchased_type":[],"build_version":"2020-12-18","purchased_purges":0,"victory":false,"max_hp_per_floor":[60,60,60,60,60,60,60,60,60,60,60,60,60,60],"relic_stats":{"SsserpentHead":50,"counters":[8,41],"Bronze Scales":[43],"War Paint":["Defend_G","Backflip"],"obtain_stats":[{"SsserpentHead":5,"Calipers":0,"Bronze Scales":6,"War Paint":9,"Ring of the Snake":0},{"SsserpentHead":3,"Calipers":0,"Bronze Scales":4,"War Paint":5,"Ring of the Snake":0},{"SsserpentHead":13,"Calipers":0,"Bronze Scales":24,"War Paint":28,"Ring of the Snake":0}],"Ring of the Snake":[16]},"card_choices":[{"not_picked":["Blade Dance","Setup"],"picked":"Poisoned Stab","floor":1},{"not_picked":["Finisher","Flying Knee"],"picked":"Dagger Spray","floor":2},{"not_picked":["Dodge and Roll","Dagger Throw","Quick Slash"],"picked":"SKIP","floor":3},{"not_picked":["Setup","Dagger Spray"],"picked":"Skewer","floor":6},{"not_picked":["Reflex","Setup"],"picked":"Backflip","floor":8},{"not_picked":["Flying Knee","Escape Plan"],"picked":"Bouncing Flask","floor":10},{"not_picked":["Heel Hook","Cloak And Dagger"],"picked":"PiercingWail","floor":12}],"player_experience":844317,"relics_obtained":[{"floor":6,"key":"Bronze Scales"},{"floor":9,"key":"War Paint"}],"event_choices":[{"damage_healed":0,"gold_gain":0,"player_choice":"Ignored","damage_taken":0,"max_hp_gain":0,"max_hp_loss":0,"event_name":"Golden Wing","floor":4,"gold_loss":0},{"damage_healed":0,"gold_gain":0,"player_choice":"Trade","damage_taken":0,"relics_obtained":["SsserpentHead"],"max_hp_gain":0,"max_hp_loss":0,"event_name":"FaceTrader","floor":5,"gold_loss":0}],"is_beta":true,"boss_relics":[],"items_purged_floors":[],"is_endless":false,"potions_floor_spawned":[2,3,6,12],"killed_by":"3 Sentries","ascension_level":19}}