{"host":"4nheqd2tld5ixkgx","time":1608826290,"event":{"mods":["BaseMod","GifTheSpireLib","HololiveMod","KinomotoSakuraMod(–Ø”V–{?)","Minty Spire (QoL Compilation)","StSLib","The Cursed"],"gold_per_floor":[77,89,89,100,120,154,154,154,154],"floor_reached":8,"playtime":499,"items_purged":[],"score":83,"play_id":"2ce6060e-063e-4d60-8a5b-18602a64c284","local_time":"20201225011130","is_ascension_mode":false,"campfire_choices":[],"circlet_count":0,"master_deck":["Hololive_Strike","Hololive_Strike","Hololive_Defend","Hololive_Defend","Hololive_Teleport","Hololive_CallAiraniIofifteen","Hololive_CallAmaneKanata","Hololive_CallInugamiKorone","Hololive_CallRosalyn","Hololive_CallShiroganeNoel","Hololive_Psychosis","Hololive_CallManoAloe","Hololive_MaximGun","Hololive_OvertimeWork","Hololive_CallYukihanaLamy","Hololive_CallFriendA","Pain"],"relics":["Hololive_TheStar","Dream Catcher","Smiling Mask","WarpedTongs"],"acts_visited":["Exordium"],"potions_floor_usage":[8,8,8],"damage_taken":[{"damage":0,"enemies":"Small Slimes","floor":1,"turns":2},{"damage":0,"enemies":"Cultist","floor":2,"turns":3},{"damage":0,"enemies":"Jaw Worm","floor":4,"turns":3},{"damage":1,"enemies":"Red Slaver","floor":5,"turns":3},{"damage":0,"enemies":"Lagavulin","floor":6,"turns":4},{"damage":30,"enemies":"3 Sentries","floor":8,"turns":5}],"seed_played":"5393655080067735356","potions_obtained":[{"floor":4,"key":"Strength Potion"},{"floor":6,"key":"EntropicBrew"}],"is_trial":false,"path_per_floor":["M","M","?","M","M","E","?","E"],"character_chosen":"Hololive_HololiveCharacter","items_purchased":[],"campfire_rested":0,"item_purchase_floors":[],"current_hp_per_floor":[35,35,35,35,34,34,34,4,4],"gold":154,"neow_bonus":"RANDOM_COMMON_RELIC","is_daily":false,"chose_seed":false,"campfire_upgraded":0,"win_rate":0.0,"timestamp":1608826290,"path_taken":["M","M","?","?","M","E","?","E"],"items_purchased_type":[],"build_version":"2020-12-22","purchased_purges":0,"victory":false,"max_hp_per_floor":[35,35,35,35,35,35,35,35,35],"card_choices":[{"not_picked":["Hololive_StrengthChampion","Hololive_CallShiroganeNoel","Hololive_Trident"],"picked":"Hololive_Psychosis","floor":1},{"not_picked":["Hololive_Breathe","Hololive_OvertimeWork","Hololive_CallAZKi"],"picked":"Hololive_CallManoAloe","floor":2},{"not_picked":["Hololive_Psychosis","Hololive_OvertimeWork","Hololive_Sequa"],"picked":"Hololive_CallYukihanaLamy","floor":4},{"not_picked":["Hololive_Trident","Hololive_Rebound","Hololive_HuntDinosaur"],"picked":"Hololive_CallFriendA","floor":5},{"not_picked":["Hololive_Sequa","Hololive_Breathe","Hololive_LuckPotion","Hololive_HuntDinosaur"],"picked":"SKIP","floor":6}],"player_experience":301452,"relics_obtained":[{"floor":6,"key":"Smiling Mask"}],"event_choices":[{"damage_healed":0,"gold_gain":0,"player_choice":"2 cards matched","damage_taken":0,"max_hp_gain":0,"max_hp_loss":0,"event_name":"Match and Keep!","floor":3,"gold_loss":0,"cards_obtained":["Hololive_MaximGun","Hololive_OvertimeWork"]},{"damage_healed":0,"gold_gain":0,"player_choice":"Rummage","damage_taken":0,"relics_obtained":["WarpedTongs"],"max_hp_gain":0,"max_hp_loss":0,"event_name":"Accursed Blacksmith","floor":7,"gold_loss":0,"cards_obtained":["Pain"]}],"is_beta":false,"boss_relics":[],"items_purged_floors":[],"is_endless":false,"potions_floor_spawned":[4,6],"killed_by":"3 Sentries","ascension_level":0}}