{"host":"bhj73plqr6q46rek","time":1608800714,"event":{"mods":["2.2 Compatiblity","Abigail Mod","Aspiration","BaseMod","Better Third Choice","BetterRewards","CapriCore","Conspire","Downfall","Energized Spire","Friendly Minions","GungeonMod","Halation","HololiveMod","Hubris","Infinite Spire","KinomotoSakuraMod(ñÿîVñ{?)","KiyohimeÅiê¥?Åj","Koishi","KomeijiMod","Lobotomy","LobotomyExtend","Minty Spire (QoL Compilation)","Prisma Mod","Relic Sorter","StSLib","The Alterego","The Immortal","TheSwordswoman","TheVelvet"],"gold_per_floor":[117,137,137,61,61,61,91,91,91,91,91,106,106,117,117,117,117],"floor_reached":16,"playtime":749,"items_purged":[],"score":98,"play_id":"cb1aa560-832a-4e8c-8269-277d05d8a634","local_time":"20201224100514","is_ascension_mode":false,"campfire_choices":[{"data":"PrismaMod:ChloeBetterTracePools","floor":6,"key":"SMITH"},{"floor":8,"key":"REST"},{"data":"PrismaMod:ChloeCaladbolg","floor":11,"key":"SMITH"},{"floor":15,"key":"REST"}],"circlet_count":0,"master_deck":["PrismaMod:ChloeCommonAttack","PrismaMod:ChloeCommonAttack","PrismaMod:ChloeCommonAttack","PrismaMod:ChloeCommonAttack","PrismaMod:ChloeCommonAttack","PrismaMod:ChloeCommonDefend","PrismaMod:ChloeCommonDefend","PrismaMod:ChloeCommonDefend","PrismaMod:ChloeCommonDefend","PrismaMod:ChloeCommonDefend","PrismaMod:ChloeCheapAttack","PrismaMod:ChloeDemonicTutor+1","PrismaMod:ChloeBetterTracePools+1","PrismaMod:ChloeCaladbolg+1"],"relics":["PrismaMod:PrismaTraceOn","LetterFromLob","infinitespire:ShieldingShard","aspiration:SeaSaltIceCream","aspiration:Nostalgia","Koishi:ImaginaryFriend"],"acts_visited":["Exordium"],"potions_floor_usage":[7,7],"damage_taken":[{"damage":0,"enemies":"2 Louse","floor":1,"turns":2},{"damage":0,"enemies":"Cultist","floor":2,"turns":3},{"damage":69,"enemies":"Gremlin Nob","floor":7,"turns":7},{"damage":1,"enemies":"Jaw Worm","floor":12,"turns":3},{"damage":2,"enemies":"Exordium Wildlife","floor":14,"turns":4},{"damage":53,"enemies":"Hexaghost","floor":16,"turns":11}],"seed_played":"1342983206671864496","potions_obtained":[{"floor":1,"key":"Regen Potion"},{"floor":2,"key":"Guardian:BlockOnCardUsePotion"}],"is_trial":false,"path_per_floor":["M","M","?","$","$","R","E","R","T","?","R","M","$","M","R","B"],"character_chosen":"CHLOE","items_purchased":["PrismaMod:ChloeBetterTracePools"],"campfire_rested":2,"item_purchase_floors":[4],"current_hp_per_floor":[75,75,75,75,75,75,11,33,33,33,33,32,32,30,52,0,0],"gold":117,"neow_bonus":"REMOVE_CARD","is_daily":false,"chose_seed":false,"campfire_upgraded":2,"win_rate":0.0,"timestamp":1608800714,"path_taken":["M","M","?","?","$","R","E","R","T","?","R","M","$","?","R","BOSS"],"items_purchased_type":["Card"],"build_version":"2020-12-22","purchased_purges":0,"victory":false,"max_hp_per_floor":[75,75,75,75,75,75,75,75,75,75,75,75,75,75,75,75,75],"card_choices":[{"not_picked":["PrismaMod:ChloeCheapAttackTwo","PrismaMod:ChloeCheapDefendTwo","PrismaMod:ChloeCommonAOEAttack"],"picked":"SKIP","floor":1},{"not_picked":["PrismaMod:ChloeChristmas","PrismaMod:ChloeCheapDefendTwo"],"picked":"PrismaMod:ChloeDemonicTutor","floor":2},{"not_picked":["PrismaMod:ChloeCommonAOEAttack","PrismaMod:ChloeMaid"],"picked":"PrismaMod:ChloeCaladbolg","floor":7},{"not_picked":["PrismaMod:ChloeCheapAttack","PrismaMod:ChloeDiscardRecovery","PrismaMod:ChloeChristmas"],"picked":"SKIP","floor":12},{"not_picked":["PrismaMod:ChloeCheapAttack","PrismaMod:ChloeMaid","PrismaMod:ChloeCheapAttackTwo"],"picked":"SKIP","floor":14}],"player_experience":285754,"relics_obtained":[{"floor":1,"key":"LetterFromLob"},{"floor":7,"key":"infinitespire:ShieldingShard"},{"floor":9,"key":"aspiration:SeaSaltIceCream"}],"event_choices":[{"damage_healed":0,"gold_gain":0,"player_choice":"Forge","damage_taken":0,"max_hp_gain":0,"max_hp_loss":0,"event_name":"Accursed Blacksmith","floor":3,"gold_loss":0,"cards_upgraded":["PrismaMod:ChloeDemonicTutor"]}],"is_beta":false,"boss_relics":[],"items_purged_floors":[],"is_endless":false,"potions_floor_spawned":[1,2],"killed_by":"Hexaghost","ascension_level":0}}