{"host":"CarrotHands","time":1608789087,"event":{"mods":["BaseMod","Minty Spire (QoL Compilation)","Relic Stats","StSLib"],"gold_per_floor":[10,29,44,4,4,32,32,57,57,77,88,2,2,2,2,81,81,98,112,112,122,140,140,140,140,140],"floor_reached":25,"playtime":1292,"items_purged":[],"score":426,"play_id":"e4b0defa-8726-4b37-bd28-84a3cf47686b","local_time":"20201223215127","is_ascension_mode":true,"campfire_choices":[{"data":"Doom and Gloom","floor":7,"key":"SMITH"},{"floor":15,"key":"REST"},{"floor":23,"key":"REST"},{"data":"Defragment","floor":24,"key":"SMITH"}],"circlet_count":0,"master_deck":["AscendersBane","Strike_B","Defend_B","Defend_B","Defend_B","Defend_B","Zap","Dualcast","Undo","Cold Snap","Ball Lightning","Doom and Gloom+1","Darkness+1","Rainbow+1","Redo+1","Defragment+1","Seek+1","Stack+1","Heatsinks+1","Core Surge+1","Hologram+1","Turbo+1","Necronomicurse"],"relics":["Cracked Core","StoneCalendar","Toxic Egg 2","WingedGreaves","Emotion Chip","HornCleat","Astrolabe","Necronomicon"],"acts_visited":["Exordium","TheCity"],"potions_floor_usage":[6,11,11,21],"damage_taken":[{"damage":1,"enemies":"Cultist","floor":1,"turns":3},{"damage":4,"enemies":"Small Slimes","floor":2,"turns":3},{"damage":8,"enemies":"Jaw Worm","floor":3,"turns":4},{"damage":0,"enemies":"Looter","floor":4,"turns":4},{"damage":31,"enemies":"Gremlin Nob","floor":6,"turns":4},{"damage":12,"enemies":"Lagavulin","floor":8,"turns":5},{"damage":12,"enemies":"Large Slime","floor":10,"turns":4},{"damage":0,"enemies":"Gremlin Gang","floor":11,"turns":4},{"damage":15,"enemies":"Slime Boss","floor":16,"turns":6},{"damage":0,"enemies":"Chosen","floor":18,"turns":3},{"damage":11,"enemies":"2 Thieves","floor":19,"turns":5},{"damage":25,"enemies":"3 Cultists","floor":21,"turns":5},{"damage":2,"enemies":"Snecko","floor":22,"turns":4},{"damage":30,"enemies":"Slavers","floor":25,"turns":2}],"seed_played":"6231466568094389575","potions_obtained":[{"floor":1,"key":"SteroidPotion"},{"floor":8,"key":"BlessingOfTheForge"},{"floor":10,"key":"LiquidMemories"},{"floor":19,"key":"Regen Potion"}],"is_trial":false,"path_per_floor":["M","M","M","M","?","E","R","E","T","M","M","$","T","$","R","B",null,"M","M","?","M","M","R","R","E"],"character_chosen":"DEFECT","items_purchased":["Defragment"],"campfire_rested":2,"item_purchase_floors":[12],"current_hp_per_floor":[63,59,51,51,56,25,25,13,13,1,1,1,1,1,23,8,59,59,48,27,7,5,27,27,0,0],"gold":140,"neow_bonus":"ONE_RARE_RELIC","is_daily":false,"chose_seed":false,"campfire_upgraded":2,"win_rate":0.0,"timestamp":1608789087,"path_taken":["M","?","M","M","?","E","R","E","T","M","M","$","?","$","R","BOSS","M","M","?","M","M","R","R","E"],"items_purchased_type":["Card"],"build_version":"2020-12-18","purchased_purges":0,"victory":false,"max_hp_per_floor":[71,71,71,71,76,76,76,76,76,76,76,76,76,76,76,76,76,76,76,76,76,76,76,76,76,76],"relic_stats":{"Emotion Chip":[26,10,8,8,0],"counters":[14,56],"Astrolabe":["Stack","Heatsinks","Core Surge"],"StoneCalendar":[0],"Necronomicon":[2],"obtain_stats":[{"Emotion Chip":9,"HornCleat":13,"Astrolabe":17,"StoneCalendar":0,"WingedGreaves":8,"Necronomicon":20,"Toxic Egg 2":6,"Cracked Core":0},{"Emotion Chip":6,"HornCleat":8,"Astrolabe":9,"StoneCalendar":0,"WingedGreaves":6,"Necronomicon":11,"Toxic Egg 2":5,"Cracked Core":0},{"Emotion Chip":23,"HornCleat":31,"Astrolabe":37,"StoneCalendar":0,"WingedGreaves":23,"Necronomicon":45,"Toxic Egg 2":18,"Cracked Core":0}]},"card_choices":[{"not_picked":["White Noise","Redo"],"picked":"Undo","floor":1},{"not_picked":["Beam Cell","Sweeping Beam"],"picked":"Cold Snap","floor":2},{"not_picked":["Beam Cell","Steam","Gash"],"picked":"SKIP","floor":3},{"not_picked":["Capacitor","Steam"],"picked":"Ball Lightning","floor":4},{"not_picked":["Genetic Algorithm+1","Rebound"],"picked":"Doom and Gloom","floor":6},{"not_picked":["Hologram+1","Turbo+1"],"picked":"Darkness+1","floor":8},{"not_picked":["Force Field+1","Beam Cell"],"picked":"Rainbow+1","floor":10},{"not_picked":["Beam Cell","Ball Lightning"],"picked":"Redo+1","floor":11},{"not_picked":["Hyperbeam","Amplify+1"],"picked":"Seek+1","floor":16},{"not_picked":["Stack+1","Sweeping Beam+1"],"picked":"Hologram+1","floor":18},{"not_picked":["Rebound","Tempest+1"],"picked":"Turbo+1","floor":19},{"not_picked":["Beam Cell","Go for the Eyes","Rainbow+1"],"picked":"SKIP","floor":21},{"not_picked":["Leap+1","Streamline","Auto Shields+1"],"picked":"SKIP","floor":22}],"player_experience":3010649,"relics_obtained":[{"floor":6,"key":"Toxic Egg 2"},{"floor":8,"key":"WingedGreaves"},{"floor":9,"key":"Emotion Chip"},{"floor":13,"key":"HornCleat"},{"floor":20,"key":"Necronomicon"}],"event_choices":[{"damage_healed":0,"gold_gain":0,"player_choice":"Donut","damage_taken":0,"max_hp_gain":5,"max_hp_loss":0,"event_name":"Big Fish","floor":5,"gold_loss":0},{"damage_healed":0,"gold_gain":0,"player_choice":"Obtained Book","damage_taken":21,"max_hp_gain":0,"max_hp_loss":0,"event_name":"Cursed Tome","floor":20,"gold_loss":0}],"is_beta":true,"boss_relics":[{"not_picked":["SlaversCollar","Philosopher\u0027s Stone"],"picked":"Astrolabe"}],"items_purged_floors":[],"is_endless":false,"potions_floor_spawned":[1,8,10,19],"killed_by":"Slavers","ascension_level":20}}