{"host":"4nqeo0vu1vuav7gg","time":1608820504,"event":{"mods":["AchievementEnabler","BaseMod","Block Reminder","Colored Map","Colored Powertips","Highlight Path","Minty Spire (QoL Compilation)","Quick Restart","Rare Cards Sparkle","Relic Relevance Reorder","StSLib"],"gold_per_floor":[111,111,111,186,25,56,56,95,119,119,13,36,36,77,77,77,77],"floor_reached":16,"playtime":439,"items_purged":["Injury"],"score":295,"play_id":"55306665-a1d7-4fc4-9a29-76c90db253b6","local_time":"20201224153504","is_ascension_mode":true,"campfire_choices":[{"floor":10.0,"key":"REST"},{"floor":15,"key":"REST"}],"circlet_count":0,"master_deck":["AscendersBane","Strike_B","Strike_B","Strike_B+1","Strike_B","Defend_B","Defend_B","Defend_B+1","Defend_B","Zap","Dualcast","Go for the Eyes+1","Genetic Algorithm","Conserve Battery","FTL+1","Gash","BootSequence"],"relics":["Cracked Core","NeowsBlessing","Question Card","Prayer Wheel","Ancient Tea Set","Juzu Bracelet","Golden Idol","Strawberry","Whetstone"],"acts_visited":["Exordium"],"potions_floor_usage":[14],"damage_taken":[{"damage":0.0,"enemies":"Small Slimes","floor":1.0,"turns":1.0},{"damage":0.0,"enemies":"3 Sentries","floor":6.0,"turns":1.0},{"damage":0.0,"enemies":"Gremlin Nob","floor":8.0,"turns":1.0},{"damage":0.0,"enemies":"2 Louse","floor":12.0,"turns":3.0},{"damage":53,"enemies":"3 Sentries","floor":14,"turns":11},{"damage":26,"enemies":"Hexaghost","floor":16,"turns":9}],"seed_played":"-1606094493602656428","potions_obtained":[{"floor":1.0,"key":"SneckoOil"},{"floor":6.0,"key":"Strength Potion"}],"is_trial":false,"path_per_floor":["M","?","?","?","$","E","?","E","T","R","$","M","?","E","R","B"],"character_chosen":"DEFECT","items_purchased":["Genetic Algorithm","FairyPotion"],"campfire_rested":2,"item_purchase_floors":[5,11],"current_hp_per_floor":[64,64,43,32,32,39,4,4,4,27,27,27,27,3,26,0,0],"gold":77,"neow_bonus":"THREE_ENEMY_KILL","is_daily":false,"chose_seed":false,"campfire_upgraded":0,"win_rate":0.0,"timestamp":1608820504,"path_taken":["M","?","?","?","$","E","?","E","T","R","?","M","?","E","R","BOSS"],"items_purchased_type":["Card","Potion"],"build_version":"2020-12-22","purchased_purges":1,"victory":false,"max_hp_per_floor":[71,71,71,71,71,78,78,78,78,78,78,78,78,78,78,78,78],"card_choices":[{"not_picked":["Barrage","Undo"],"picked":"Go for the Eyes","floor":1.0},{"not_picked":["Force Field","Barrage"],"picked":"Conserve Battery","floor":6.0},{"not_picked":["Compile Driver","Barrage"],"picked":"FTL","floor":8.0},{"not_picked":["Compile Driver","Cold Snap","Coolheaded"],"picked":"Gash","floor":12.0},{"not_picked":["Reprogram","White Noise","Lockon"],"picked":"BootSequence","floor":14}],"player_experience":997382,"relics_obtained":[{"floor":6.0,"key":"Strawberry"},{"floor":8.0,"key":"Question Card"},{"floor":9.0,"key":"Ancient Tea Set"},{"floor":14,"key":"Whetstone"}],"event_choices":[{"damage_healed":0.0,"max_hp_gain":0.0,"max_hp_loss":0.0,"gold_gain":0.0,"event_name":"Golden Idol","player_choice":"Take Wound","floor":2.0,"gold_loss":0.0,"damage_taken":0.0,"relics_obtained":["Golden Idol"],"cards_obtained":["Injury"]},{"damage_healed":0.0,"max_hp_gain":0.0,"max_hp_loss":0.0,"gold_gain":0.0,"event_name":"Shining Light","player_choice":"Entered Light","floor":3.0,"gold_loss":0.0,"damage_taken":21.0,"cards_upgraded":["Go for the Eyes","Defend_B"]},{"damage_healed":0.0,"max_hp_gain":0.0,"max_hp_loss":0.0,"gold_gain":75.0,"event_name":"World of Goop","player_choice":"Gather Gold","floor":4.0,"gold_loss":0.0,"damage_taken":11.0},{"damage_healed":0.0,"max_hp_gain":0.0,"max_hp_loss":0.0,"gold_gain":0.0,"event_name":"Scrap Ooze","player_choice":"Success","floor":7.0,"gold_loss":0.0,"damage_taken":35.0,"relics_obtained":["Juzu Bracelet"]},{"damage_healed":0.0,"max_hp_gain":0.0,"max_hp_loss":0.0,"gold_gain":0.0,"event_name":"Dead Adventurer","player_choice":"Searched \u00272\u0027 times","floor":13.0,"gold_loss":0.0,"damage_taken":0.0,"relics_obtained":["Prayer Wheel"]}],"is_beta":false,"boss_relics":[],"items_purged_floors":[5],"is_endless":false,"potions_floor_spawned":[1,6],"killed_by":"Hexaghost","ascension_level":16}}