{"host":"ds1yr10zonoc6w4a","time":1608845380,"event":{"mods":["2.2 Compatiblity","AchievementEnabler","Act Like it!","BaseMod","Downfall","Elementarium","Gensokyo","Infinite Spire","Jorbs\u0027s Wanderer Trilogy","Koishi","Menagerie","Minty Spire (QoL Compilation)","Pale of the Ancients","StSLib","The Animator","Wandering Minibosses"],"gold_per_floor":[126,126,143,166,166,166,200,31,31,31,3,27,27,57,57,160,160,172,79,229,229],"floor_reached":20,"playtime":1714,"items_purged":[],"score":250,"play_id":"5ce58bbb-8d75-4e18-88a8-d1996e2be7f3","local_time":"20201224142940","is_ascension_mode":true,"campfire_choices":[{"floor":6,"key":"RECALL"},{"data":"animator:IrohaTamaki","floor":10,"key":"SMITH"},{"floor":15,"key":"REST"}],"circlet_count":0,"master_deck":["AscendersBane","animator:Strike_MadokaMagica","animator:Defend_MadokaMagica","animator:Strike","animator:Strike","animator:Strike","animator:Defend","animator:Defend","animator:Defend","animator:IrohaTamaki+1","animator:YuiTsuruno","animator:Witch","animator:Priestess","animator:Spearman","animator:Hitei+1","animator:Spearman","animator:Patchouli","Injury","animator:KyokoSakura","animator:Eve","Elementarium:StickyTar","animator:DwarfShaman"],"relics":["animator:LivingPicture","animator:TheMissingPiece","animator:PurgingStone","NeowsBlessing","Oddly Smooth Stone","infinitespire:Golems Mask","animator:OldCoffin","Cursed Key","Meat on the Bone"],"acts_visited":["Gensokyo:Gensokyo","Elementarium:Elementarium"],"potions_floor_usage":[7,7,16,20],"damage_taken":[{"damage":0,"enemies":"Gensokyo:3_Fairies","floor":1,"turns":1},{"damage":0,"enemies":"Gensokyo:2_Kodama","floor":3,"turns":1},{"damage":0,"enemies":"Gensokyo:Gryphon","floor":4,"turns":1},{"damage":22,"enemies":"Gensokyo:Cirno","floor":7,"turns":8},{"damage":25,"enemies":"Gensokyo:VengefulSpirit","floor":14,"turns":6},{"damage":27,"enemies":"Gensokyo:Kokoro","floor":16,"turns":6},{"damage":19,"enemies":"Elementarium:MUD_AND_TAR_GOLEMS","floor":18,"turns":6},{"damage":35,"enemies":"Elementarium:GOLDEN_STATUES","floor":20,"turns":5}],"seed_played":"4819478875108321389","potions_obtained":[{"floor":4,"key":"Explosive Potion"},{"floor":14,"key":"hexamod:EctoCoolerPotion"},{"floor":18,"key":"Guardian:BlockOnCardUsePotion"}],"is_trial":false,"path_per_floor":["M","?","M","M","?","R","E","$","T","R","COS","T","?","M","R","B",null,"M","?","?"],"character_chosen":"THE_ANIMATOR","items_purchased":["animator:Patchouli"],"campfire_rested":1,"item_purchase_floors":[8],"current_hp_per_floor":[59,59,60,60,60,60,38,38,38,38,38,38,38,13,33,6,52,34,34,0,0],"gold":229,"neow_bonus":"THREE_ENEMY_KILL","is_daily":false,"chose_seed":false,"campfire_upgraded":1,"win_rate":0.0,"timestamp":1608845380,"path_taken":["M","?","?","M","?","R","E","$","T","R","COS","?","?","?","R","BOSS","M","?","?"],"items_purchased_type":["Card"],"build_version":"2020-12-22","purchased_purges":0,"victory":false,"max_hp_per_floor":[66,66,67,67,67,67,67,67,67,67,67,67,67,67,67,67,67,68,68,68,68],"card_choices":[{"not_picked":["animator:Raven","animator:Ciel"],"picked":"animator:Witch","floor":1},{"not_picked":["animator:Chung","animator:Tatsumaki"],"picked":"animator:Priestess","floor":3},{"not_picked":["animator:Togame","animator:Nanami"],"picked":"animator:Spearman","floor":4},{"not_picked":["animator:HighElfArcher","animator:DwarfShaman"],"picked":"animator:Spearman","floor":7},{"not_picked":["animator:Aisha","animator:Yoichi"],"picked":"animator:KyokoSakura","floor":14},{"not_picked":["animator:Boros","animator:ItamiYouji"],"picked":"animator:Eve","floor":16},{"not_picked":["animator:CrowleyEusford","animator:Elsword"],"picked":"animator:DwarfShaman","floor":18}],"player_experience":524743,"relics_obtained":[{"floor":7,"key":"Oddly Smooth Stone"},{"floor":9,"key":"infinitespire:Golems Mask"}],"event_choices":[{"damage_healed":0,"gold_gain":0,"player_choice":"Gold","damage_taken":0,"relics_obtained":["Meat on the Bone"],"max_hp_gain":0,"max_hp_loss":0,"event_name":"Elementarium:ShatteredPortal","floor":19,"gold_loss":93},{"damage_healed":0,"gold_gain":0,"player_choice":"Fight","damage_taken":0,"max_hp_gain":0,"max_hp_loss":0,"event_name":"Elementarium:GoldenStatues","floor":20,"gold_loss":0}],"is_beta":false,"boss_relics":[{"not_picked":["infinitespire:Cupcake","Ectoplasm"],"picked":"Cursed Key"}],"items_purged_floors":[],"is_endless":false,"potions_floor_spawned":[4,14,18],"killed_by":"Elementarium:GOLDEN_STATUES","ascension_level":10}}