{"host":"f3zc1jx8b75bp9n4","time":1608845275,"event":{"mods":["AchievementEnabler","Act Like it!","AlwaysNeverKeys","BaseMod","Bestiary","Better-Laid Plans","BetterRewards","Block Reminder","Clockwork Mod","Colored Map","Colored Powertips","Conspire","DeckTracker","Downfall","Emptier Cage","Energized Spire","Friendly Minions","GifTheSpireLib","Gold Saver","Grow up Mod","Highlight Path","Hubris","Infinite Spire","Marisa????????","Minty Spire (QoL Compilation)","Permanent Neow","Quick Restart","Rare Cards Sparkle","Relic Stats","Replay The Spire","StSLib","Stuff the Spire","SuperFastMode","Synergy Search","The Animator","The Bladedancer","The Bug Knight","The Construct","The Cursed","The Necromancer","The Poker Player","The Runesmith","The Senshi","The Servant 0.9.4","Transform Curses","Unceasing Turn Reminder","Yuri Mod"],"gold_per_floor":[1520,1520,1532,1546,1564,1589,1589,1599,1647,1675,1690,1715,1715,1745,1745,1745,1745,1866,1866,1896,1896,1913,1946,765,765,811,8,82,130,130,171,171,171,171,292,292,332,332,395,460,528,528,627,627,627,627,701,783,872,872,872,910,910,910,13,86,86],"floor_reached":58,"playtime":5113,"items_purged":["Strike_MRS","Strike_MRS","Strike_MRS"],"score":1277,"play_id":"27a5e8d5-110a-43f0-9b13-4f08812838ef","local_time":"20201224232755","is_ascension_mode":false,"campfire_choices":[{"data":"FairyDestructionRay","floor":7,"key":"SMITH"},{"data":"DeepEcoloBomb","floor":7,"key":"SMITH"},{"floor":13,"key":"REST"},{"data":"PowerUp","floor":17,"key":"SMITH"},{"data":"UpSweep","floor":17,"key":"SMITH"},{"data":"MillisecondPulsars","floor":25,"key":"SMITH"},{"data":"ChargingUp","floor":25,"key":"SMITH"},{"data":"1","floor":32,"key":"LIFT"},{"data":"2","floor":34,"key":"LIFT"},{"data":"3","floor":42,"key":"LIFT"},{"data":"ManaRampage","floor":44,"key":"SMITH"},{"data":"The Bomb","floor":44,"key":"SMITH"},{"data":"PowerUp","floor":46,"key":"SMITH"},{"data":"Singularity","floor":46,"key":"SMITH"},{"data":"Replay:SS_hec_4","floor":51,"key":"SMITH"},{"data":"GravityBeat","floor":51,"key":"SMITH"},{"data":"Singularity","floor":54,"key":"SMITH"},{"data":"BlazeAway","floor":54,"key":"SMITH"}],"circlet_count":0,"master_deck":["Strike_MRS","Defend_MRS","Defend_MRS","Defend_MRS","Defend_MRS","MasterSpark","UpSweep+1","CasketOfStar+1","DeepEcoloBomb+1","GrandCross","FairyDestructionRay+1","Singularity+1","Acceleration","GalacticHalo","PowerUp+1","ManaConvection","SporeBomb","NonDirectionalLaser","Acceleration","Strike_MRS","Strike_MRS","Strike_MRS","Strike_MRS","Defend_MRS","Defend_MRS","Defend_MRS","Defend_MRS","MasterSpark","UpSweep+1","CasketOfStar+1","DeepEcoloBomb+1","GrandCross","FairyDestructionRay+1","Singularity+1","Acceleration","GalacticHalo","PowerUp+1","ManaConvection","SporeBomb","NonDirectionalLaser","MillisecondPulsars","Acceleration","AlicesGift+1","MagicChant","The Bomb+1","Replay:SS_hec_4+1","EventHorizon","ShootingEcho","StarBarrage","ChargingUp+1","Orbital","LuminesStrike","GravityBeat+1","RefractionSpark","ManaRampage+1","PulseMagic+1","MillisecondPulsars+1","PowerUp+1","MysteriousBeam+1","PowerUp+1","BlazeAway+1","ChargingUp+1","SatelliteIllusion","AlicesGift","Master of Strategy","Acceleration","GravityBeat","MilkyWay","Replay:SS_forest_5","PropBag+1"],"relics":["MiniHakkero","Replay:Arrowhead","Lantern","Blood Vial","Replay:Bandana","SlaversCollar","Orichalcum","Gremlin Food","conspire:TreasureMap","TungstenRod","hubris:MedicalManual","Meat on the Bone","TheAbacus","Girya","theSenshi:SailorFukuRelic","hubris:Towel","infinitespire:EvilPickle","Honey Jar","StuffTheSpire:Mouthbags","CatCart","infinitespire:Satchel","Replay:Baseball","Happy Flower","StuffTheSpire:BottledEssence","Oddly Smooth Stone","Ornamental Fan"],"acts_visited":["Exordium","TheCity","TheBeyond","TheEnding"],"potions_floor_usage":[10,18,20,26,35,52,57,57],"damage_taken":[{"damage":5,"enemies":"conspire:RoseBush","floor":1,"turns":2},{"damage":1,"enemies":"Cultist","floor":3,"turns":3},{"damage":1,"enemies":"2 Louse","floor":4,"turns":3},{"damage":0,"enemies":"Gremlin Gang","floor":5,"turns":3},{"damage":21,"enemies":"Lagavulin","floor":6,"turns":5},{"damage":7,"enemies":"Blue Slaver","floor":8,"turns":2},{"damage":41,"enemies":"Gremlin Nob","floor":10,"turns":5},{"damage":5,"enemies":"Looter","floor":11,"turns":2},{"damage":17,"enemies":"Replay:BlueRogue","floor":12,"turns":4},{"damage":0,"enemies":"Lots of Slimes","floor":14,"turns":1},{"damage":93,"enemies":"Hexaghost","floor":18,"turns":8},{"damage":26,"enemies":"Shell Parasite","floor":20,"turns":4},{"damage":0,"enemies":"Spheric Guardian","floor":22,"turns":1},{"damage":43,"enemies":"Shelled Parasite and Fungi","floor":23,"turns":4},{"damage":30,"enemies":"Slavers","floor":26,"turns":3},{"damage":5,"enemies":"Book of Stabbing","floor":29,"turns":3},{"damage":3,"enemies":"Cultist and Chosen","floor":31,"turns":2},{"damage":8,"enemies":"Pondfish","floor":35,"turns":8},{"damage":15,"enemies":"Orb Walker","floor":37,"turns":3},{"damage":13,"enemies":"3 Darklings","floor":39,"turns":2},{"damage":22,"enemies":"Orin","floor":40,"turns":9},{"damage":8,"enemies":"Sphere and 2 Shapes","floor":41,"turns":3},{"damage":6,"enemies":"Giant Head","floor":43,"turns":4},{"damage":9,"enemies":"Spire Growth","floor":47,"turns":3},{"damage":21,"enemies":"3 Darklings","floor":48,"turns":3},{"damage":0,"enemies":"HollowMod:StalkingDevout","floor":49,"turns":2},{"damage":65,"enemies":"Replay:Hell Engine","floor":52,"turns":8},{"damage":28,"enemies":"Shield and Spear","floor":56,"turns":3},{"damage":0,"enemies":"The Heart","floor":57,"turns":1}],"seed_played":"5008646663169545659","potions_obtained":[{"floor":3,"key":"LifebloodPotion"},{"floor":6,"key":"PowerPotion"},{"floor":8,"key":"sneckomod:MuddlingPotion"},{"floor":14,"key":"Cursed Concoction"},{"floor":18,"key":"Explosive Potion"},{"floor":22,"key":"champ:CounterPotion"},{"floor":26,"key":"hexamod:EctoCoolerPotion"},{"floor":35,"key":"champ:CounterPotion"},{"floor":47,"key":"BottledSpark"},{"floor":48,"key":"Energy Potion"},{"floor":56,"key":"ColorlessPotion"}],"is_trial":false,"path_per_floor":["M","?","M","M","M","E","R","M","T","E","M","E","R","M","PTL","R_BF","R","B",null,"M","?","M","M","$","R","E","$","T","E","AVR","M","R","?","R","B",null,"M","?","M","?","M","R","E","R","T","R","M","M","E","AVR","R","B",null,"R","$","E","B",null],"character_chosen":"MARISA","items_purchased":["Orichalcum","Gremlin Food","conspire:TreasureMap","The Bomb","Replay:SS_hec_4","EventHorizon","ShootingEcho","StarBarrage","ChargingUp","Orbital","BlessingOfTheForge","hubris:MedicalManual","Meat on the Bone","TheAbacus","StuffTheSpire:BottledEssence","Oddly Smooth Stone","Master of Strategy","Acceleration","GravityBeat","MilkyWay","Elixir","Replay:SS_forest_5"],"campfire_rested":1,"item_purchase_floors":[24,24,24,24,24,24,24,24,24,24,24,27,27,27,55,55,55,55,55,55,55,55],"current_hp_per_floor":[83,93,102,111,121,110,120,123,133,102,109,104,173,185,195,205,215,134,268,252,262,274,243,253,263,245,255,265,272,282,291,301,311,321,325,438,433,443,442,432,436,446,452,462,472,482,485,476,488,498,508,455,608,618,628,610,632],"gold":86,"neow_bonus":"THREE_RARE_CARDS","is_daily":false,"chose_seed":false,"campfire_upgraded":14,"win_rate":0.0,"timestamp":1608845275,"path_taken":["M","?","?","M","M","E","R","M","T","E","M","E","R","M","PTL","R_BF","R","BOSS","M","?","M","M","$","R","E","$","T","E","AVR","?","R","?","R","BOSS","M","?","?","?","M","R","E","R","T","R","M","M","E","AVR","R","BOSS","R","$","E","BOSS"],"items_purchased_type":["Relic","Relic","Relic","Card","Card","Card","Card","Card","Card","Card","Potion","Relic","Relic","Relic","Relic","Relic","Card","Card","Card","Card","Potion","Card"],"build_version":"2020-12-22","purchased_purges":3,"victory":true,"max_hp_per_floor":[88,98,108,118,128,138,148,158,168,178,188,198,208,218,228,238,248,258,268,278,288,298,308,318,328,338,348,358,368,378,388,398,408,418,428,438,448,458,468,478,488,498,508,518,528,538,548,558,568,578,588,598,608,618,628,638,658],"relic_stats":{"Blood Vial":38,"TheAbacus":[6],"Happy Flower":[4],"counters":[29,104],"Ornamental Fan":[0],"Orichalcum":[204],"obtain_stats":[{"Lantern":9,"StuffTheSpire:BottledEssence":55,"Blood Vial":10,"Replay:Bandana":12,"TheAbacus":27,"Sundial":57,"Honey Jar":36,"theSenshi:SailorFukuRelic":29,"Gremlin Food":24,"Girya":28,"conspire:TreasureMap":24,"Happy Flower":49,"Oddly Smooth Stone":55,"hubris:MedicalManual":27,"Orichalcum":24,"hubris:Towel":33,"Replay:Arrowhead":6,"infinitespire:EvilPickle":35,"SlaversCollar":19,"Replay:Baseball":45,"StuffTheSpire:Mouthbags":38,"Ornamental Fan":56,"infinitespire:Satchel":43,"MiniHakkero":0,"CatCart":40,"TungstenRod":26,"Meat on the Bone":27},{"Lantern":6,"StuffTheSpire:BottledEssence":27,"Blood Vial":7,"Replay:Bandana":9,"TheAbacus":15,"Sundial":29,"Honey Jar":18,"theSenshi:SailorFukuRelic":16,"Gremlin Food":14,"Girya":15,"conspire:TreasureMap":14,"Happy Flower":26,"Oddly Smooth Stone":27,"hubris:MedicalManual":15,"Orichalcum":14,"hubris:Towel":17,"Replay:Arrowhead":5,"infinitespire:EvilPickle":18,"SlaversCollar":11,"Replay:Baseball":23,"StuffTheSpire:Mouthbags":19,"Ornamental Fan":28,"infinitespire:Satchel":23,"MiniHakkero":0,"CatCart":21,"TungstenRod":15,"Meat on the Bone":15},{"Lantern":18,"StuffTheSpire:BottledEssence":100,"Blood Vial":23,"Replay:Bandana":29,"TheAbacus":50,"Sundial":104,"Honey Jar":63,"theSenshi:SailorFukuRelic":53,"Gremlin Food":47,"Girya":50,"conspire:TreasureMap":47,"Happy Flower":92,"Oddly Smooth Stone":100,"hubris:MedicalManual":50,"Orichalcum":47,"hubris:Towel":55,"Replay:Arrowhead":16,"infinitespire:EvilPickle":63,"SlaversCollar":38,"Replay:Baseball":84,"StuffTheSpire:Mouthbags":66,"Ornamental Fan":103,"infinitespire:Satchel":84,"MiniHakkero":0,"CatCart":77,"TungstenRod":50,"Meat on the Bone":50}],"TungstenRod":45,"Meat on the Bone":0},"card_choices":[{"not_picked":["SatelliteIllusion","BlazingStar"],"picked":"CasketOfStar","floor":0},{"not_picked":["SporeBomb","MagicChant"],"picked":"DeepEcoloBomb","floor":1},{"not_picked":["DragonMeteor","EventHorizon"],"picked":"GrandCross","floor":3},{"not_picked":["ShootingEcho","Robbery"],"picked":"FairyDestructionRay","floor":4},{"not_picked":["StarBarrage","NonDirectionalLaser"],"picked":"Singularity","floor":5},{"not_picked":["MilkyWay","LuminesStrike"],"picked":"Acceleration","floor":6},{"not_picked":["DC","WitchOfGreed"],"picked":"GalacticHalo","floor":8},{"not_picked":["EscapeVelocity","MeteoricShower"],"picked":"PowerUp","floor":10},{"not_picked":["WitchOfGreed","GalacticHalo"],"picked":"ManaConvection","floor":11},{"not_picked":["GalacticHalo","ManaRampage"],"picked":"SporeBomb","floor":12},{"not_picked":["DragonMeteor","WitchLeyline"],"picked":"NonDirectionalLaser","floor":14},{"not_picked":["UltimateShortwave","TreasureHunter"],"picked":"MillisecondPulsars","floor":18},{"not_picked":["Robbery","OpenUniverse"],"picked":"Acceleration","floor":20},{"not_picked":["IllusionStar","WitchOfGreed"],"picked":"AlicesGift+1","floor":22},{"not_picked":["ManaRampage","SporeBomb"],"picked":"MagicChant","floor":23},{"not_picked":["DarkMatter","IllusionStar"],"picked":"LuminesStrike","floor":26},{"not_picked":["MagicChant","DoubleSpark"],"picked":"GravityBeat","floor":29},{"not_picked":["StarBarrage","WitchOfGreed+1"],"picked":"RefractionSpark","floor":31},{"not_picked":["StarDustReverie","EscapeVelocity"],"picked":"ManaRampage","floor":35},{"not_picked":["DragonMeteor+1","OortCloud+1","GravityBeat"],"picked":"PulseMagic+1","floor":37},{"not_picked":["LuminesStrike","NonDirectionalLaser","UnstableBomb"],"picked":"PowerUp+1","floor":39},{"not_picked":["Acceleration","JA","BlazeAway+1"],"picked":"MysteriousBeam+1","floor":40},{"not_picked":["DC","MysteriousBeam+1","GrandCross+1"],"picked":"PowerUp","floor":41},{"not_picked":["GalacticHalo","NonDirectionalLaser","Orbital"],"picked":"BlazeAway","floor":43},{"not_picked":["EarthLightRay","EventHorizon+1","GrandCross+1"],"picked":"ChargingUp+1","floor":47},{"not_picked":["DoubleSpark","WitchLeyline+1","OneTimeOff"],"picked":"SatelliteIllusion","floor":48},{"not_picked":["GrandCross","FairyDestructionRay+1","DeepEcoloBomb"],"picked":"AlicesGift","floor":49},{"not_picked":["StarDustReverie","OpenUniverse+1","MagicAbsorber+1"],"picked":"PropBag+1","floor":56}],"player_experience":244853,"relics_obtained":[{"floor":6,"key":"Replay:Arrowhead"},{"floor":9,"key":"Lantern"},{"floor":10,"key":"Blood Vial"},{"floor":12,"key":"Replay:Bandana"},{"floor":26,"key":"TungstenRod"},{"floor":28,"key":"Girya"},{"floor":29,"key":"theSenshi:SailorFukuRelic"},{"floor":38,"key":"StuffTheSpire:Mouthbags"},{"floor":40,"key":"CatCart"},{"floor":43,"key":"infinitespire:Satchel"},{"floor":45,"key":"Replay:Baseball"},{"floor":49,"key":"Happy Flower"},{"floor":56,"key":"Ornamental Fan"}],"event_choices":[{"damage_healed":0,"gold_gain":0,"player_choice":"Forge","damage_taken":0,"max_hp_gain":0,"max_hp_loss":0,"event_name":"Accursed Blacksmith","floor":2,"gold_loss":0,"cards_upgraded":["CasketOfStar"]},{"damage_healed":0,"gold_gain":0,"player_choice":"Relic","damage_taken":0,"max_hp_gain":0,"max_hp_loss":0,"event_name":"Wheel of Change","floor":38,"gold_loss":0},{"damage_healed":0,"gold_gain":0,"player_choice":"Fight","damage_taken":0,"max_hp_gain":0,"max_hp_loss":0,"event_name":"OrinTheCat","floor":40,"gold_loss":0}],"is_beta":false,"boss_relics":[{"not_picked":["energizedSpire:EnergizedDie","energizedSpire:CursedPentagram"],"picked":"SlaversCollar"},{"not_picked":["Velvet Choker","StuffTheSpire:ModemDavis"],"picked":"Honey Jar"}],"items_purged_floors":[24,27,55],"is_endless":false,"potions_floor_spawned":[3,6,8,14,18,22,23,26,35,47,48,56],"ascension_level":0}}