{"host":"7e10z5l40kwn195d","time":1608802635,"event":{"mods":["ATMod(∞¢Ë™Mod)","BaseMod","Bestiary","Curses Come First","Luminous","Marisa£®ÏF”Í°°ƒß¿Ì…≥£©","Minty Spire (QoL Compilation)","Remilia£®¿Ÿ√◊¿Ú—«£©","Robot Space Explorer","Shop Mod","StSLib","The Alterego","The Bug Knight","The Construct","The Cursed","The Dragon Tamer","The Runesmith","The Servant 0.9.4","Yuyuko","[IsaacMod]“‘»ˆº‚À˛","°æ“≈ŒÔø®≈∆°øREMEMod"],"gold_per_floor":[117,117,136,154,187,187,234,248,248,280,270,270,270,352,352,463,463,482,492,519,526,559,587,587],"floor_reached":23,"playtime":1606,"items_purged":["HollowMod:QuickDashStart"],"score":253,"play_id":"653ab7c1-e97f-41f3-84b0-cad8e4e4c614","local_time":"20201224173715","is_ascension_mode":false,"campfire_choices":[{"data":"HollowMod:FocusHealStart","floor":6.0,"key":"SMITH"},{"data":"HollowMod:BaldurShell","floor":12.0,"key":"SMITH"},{"data":"HollowMod:SoulSplash","floor":15.0,"key":"SMITH"}],"circlet_count":0,"master_deck":["HollowMod:NailStrikeStart","HollowMod:NailStrikeStart","HollowMod:NailStrikeStart","HollowMod:NailStrikeStart","HollowMod:QuickDashStart","HollowMod:QuickDashStart","HollowMod:QuickDashStart","HollowMod:FocusHealStart+1","HollowMod:PogoStrike","AT_ChampionStep","TheCursedMod:StunningStrike","HollowMod:VoidDash","HollowMod:ChannelNail+1","HollowMod:SoulSplash+1","HollowMod:AwokenDreamNail","HollowMod:VengefulSpirit","HollowMod:CycloneSlash","HollowMod:BaldurShell+1","HollowMod:HornetsHelp","HollowMod:MantisMark","HollowMod:DesolateDive","HollowMod:CornifersMapStart+1","HollowMod:BaldurShell","HollowMod:MonarchWings","HollowMod:DreamGate"],"relics":["HollowMod:VesselMask","HushsDoor","REME_ComplimentaryCards","AT_ATBox","SalivaCoin","PillsDrop","Ancient Tea Set","AT_BellDemon","AT_DeathDance","BlankCard","TuHaoJin","Meat on the Bone","Darkstone Periapt","AT_TrinityForce","GuppysTail","Pen Nib","Akabeko","Kunai","Molten Egg 2"],"acts_visited":["Exordium","TheCity"],"potions_floor_usage":[20,23,23,23],"damage_taken":[{"damage":0.0,"enemies":"Jaw Worm","floor":1.0,"turns":2.0},{"damage":3.0,"enemies":"Small Slimes","floor":3.0,"turns":4.0},{"damage":0.0,"enemies":"2 Louse","floor":4.0,"turns":2.0},{"damage":9.0,"enemies":"Exordium Thugs","floor":5.0,"turns":4.0},{"damage":17.0,"enemies":"3 Sentries","floor":7.0,"turns":7.0},{"damage":20.0,"enemies":"Lagavulin","floor":10.0,"turns":4.0},{"damage":0.0,"enemies":"2 Fungi Beasts","floor":11.0,"turns":1.0},{"damage":3.0,"enemies":"Slime Boss","floor":16.0,"turns":4.0},{"damage":0.0,"enemies":"Shell Parasite","floor":18.0,"turns":2.0},{"damage":0.0,"enemies":"Spheric Guardian","floor":19.0,"turns":2.0},{"damage":0,"enemies":"Snake Plant","floor":20,"turns":2},{"damage":19,"enemies":"Centurion and Healer","floor":22,"turns":4},{"damage":47,"enemies":"Slavers","floor":23,"turns":2}],"seed_played":"309837589827756830","potions_obtained":[{"floor":1.0,"key":"Regen Potion"},{"floor":7.0,"key":"SteroidPotion"},{"floor":11.0,"key":"Ancient Potion"},{"floor":16.0,"key":"REME_GoldPotion"},{"floor":20,"key":"construct:ShiftPotion"},{"floor":22,"key":"EssenceOfSteel"}],"is_trial":false,"path_per_floor":["M","?","M","M","M","R","E","?","T","E","M","R","?","?","R","B",null,"M","M","M","?","M","E"],"character_chosen":"THE_BUGKNIGHT","items_purchased":["GuppysTail","HollowMod:MantisMark","HollowMod:DesolateDive"],"campfire_rested":0,"item_purchase_floors":[17,17,17],"current_hp_per_floor":[75,80,80,80,71,71,75,68,68,54,54,54,54,47,47,50,54,49,49,49,47,34,0,0],"gold":587,"neow_bonus":"RANDOM_COMMON_RELIC","is_daily":false,"chose_seed":false,"campfire_upgraded":3,"win_rate":0.0,"timestamp":1608802635,"path_taken":["M","?","M","M","M","R","E","?","T","E","M","R","?","?","R","BOSS","M","M","M","?","M","E"],"items_purchased_type":["Relic","Card","Card"],"build_version":"2020-12-22","purchased_purges":1,"victory":false,"max_hp_per_floor":[75,80,80,80,80,80,80,80,80,75,75,75,75,75,75,75,54,49,49,49,54,54,54,54],"card_choices":[{"not_picked":[],"picked":"ChaosCard","floor":0.0},{"not_picked":["HollowMod:SiblingsSouls","HollowMod:SharpenedNail"],"picked":"HollowMod:VoidDash","floor":1.0},{"not_picked":["HollowMod:InfectedCysts","HollowMod:SoulEater"],"picked":"HollowMod:ChannelNail","floor":3.0},{"not_picked":["HollowMod:BaldurShell","HollowMod:GoodIntentions"],"picked":"HollowMod:SoulSplash","floor":4.0},{"not_picked":["HollowMod:CycloneSlash","HollowMod:SharpenedNail"],"picked":"HollowMod:AwokenDreamNail","floor":5.0},{"not_picked":["HollowMod:SoulVessel","HollowMod:WraithStrike"],"picked":"HollowMod:VengefulSpirit","floor":7.0},{"not_picked":["HollowMod:DescendingDark","HollowMod:SoulEater"],"picked":"HollowMod:CycloneSlash","floor":10.0},{"not_picked":["HollowMod:SharpenedNail","HollowMod:HowlingWraiths"],"picked":"HollowMod:BaldurShell","floor":11.0},{"not_picked":["HollowMod:LifebloodCore","HollowMod:Weaversong"],"picked":"HollowMod:HornetsHelp","floor":16.0},{"not_picked":["HollowMod:SiblingsShadow","HollowMod:NewJinnsSoul"],"picked":"HollowMod:CornifersMapStart+1","floor":18.0},{"not_picked":["HollowMod:PureNailStrike+1","HollowMod:CycloneSlash"],"picked":"HollowMod:BaldurShell","floor":19.0},{"not_picked":["HollowMod:SharpenedNail","HollowMod:GoodIntentions"],"picked":"HollowMod:MonarchWings","floor":20},{"not_picked":["HollowMod:HeavyBlow+1","HollowMod:CornifersMapStart"],"picked":"HollowMod:DreamGate","floor":22}],"player_experience":275486,"relics_obtained":[{"floor":7.0,"key":"Ancient Tea Set"},{"floor":9.0,"key":"AT_DeathDance"},{"floor":10.0,"key":"BlankCard"},{"floor":10.0,"key":"TuHaoJin"},{"floor":11.0,"key":"Meat on the Bone"},{"floor":16.0,"key":"Darkstone Periapt"},{"floor":18.0,"key":"Pen Nib"},{"floor":19.0,"key":"Akabeko"},{"floor":20,"key":"Kunai"},{"floor":22,"key":"Molten Egg 2"}],"event_choices":[{"damage_healed":0.0,"max_hp_gain":5.0,"max_hp_loss":0.0,"gold_gain":0.0,"event_name":"Big Fish","player_choice":"Donut","floor":2.0,"gold_loss":0.0,"damage_taken":0.0},{"damage_healed":0.0,"max_hp_gain":0.0,"max_hp_loss":0.0,"gold_gain":0.0,"event_name":"Scrap Ooze","player_choice":"Success","floor":8.0,"gold_loss":0.0,"damage_taken":7.0,"relics_obtained":["AT_BellDemon"]},{"damage_healed":0.0,"max_hp_gain":0.0,"max_hp_loss":0.0,"gold_gain":0.0,"event_name":"Upgrade Shrine","player_choice":"Upgraded","floor":13.0,"gold_loss":0.0,"damage_taken":0.0,"cards_upgraded":["HollowMod:ChannelNail"]},{"damage_healed":0.0,"max_hp_gain":0.0,"max_hp_loss":0.0,"gold_gain":75.0,"event_name":"World of Goop","player_choice":"Gather Gold","floor":14.0,"gold_loss":0.0,"damage_taken":11.0},{"damage_healed":0,"gold_gain":0,"player_choice":"Shed Blood","damage_taken":12,"max_hp_gain":5,"max_hp_loss":0,"event_name":"Forgotten Altar","floor":21,"gold_loss":0}],"is_beta":false,"boss_relics":[{"not_picked":["Calling Bell","construct:WeddingRing"],"picked":"AT_TrinityForce"},{"not_picked":[]}],"items_purged_floors":[17],"is_endless":false,"potions_floor_spawned":[1,7,11,16,20,22],"killed_by":"Slavers","ascension_level":0}}