{"host":"v1m5rkjj38qutr02","time":1608820949,"event":{"mods":["Act Like it!","BaseMod","Conspire","Gensokyo","GungeonMod","Hallownest","Minty Spire (QoL Compilation)","Replay The Spire","StSLib","The Bug Knight","Youmu£®ªÍ∆«—˝√Œ£©"],"gold_per_floor":[110,135,148,98,118,118,133,8,8,8,8,8],"floor_reached":11,"playtime":258,"items_purged":["Strike_P"],"score":66,"play_id":"7f77153e-53ca-4f19-92aa-daf19192f468","local_time":"20201224224229","is_ascension_mode":true,"campfire_choices":[{"data":"ClearTheMind","floor":6,"key":"SMITH"},{"data":"Prostrate","floor":10,"key":"SMITH"}],"circlet_count":0,"master_deck":["Strike_P","Strike_P","Defend_P","Defend_P","Defend_P","Defend_P","Eruption","Vigilance","Pot Of Greed","ClearTheMind+1","Prostrate+1","Pot Of Greed"],"relics":["PureWater","NeowsBlessing","Grinning Jar","HornCleat"],"acts_visited":["Exordium"],"potions_floor_usage":[],"damage_taken":[{"damage":0,"enemies":"Cultist","floor":1,"turns":1},{"damage":0,"enemies":"2 Louse","floor":3,"turns":1},{"damage":0,"enemies":"Jaw Worm","floor":5,"turns":1},{"damage":5,"enemies":"Blue Slaver","floor":7,"turns":3},{"damage":23,"enemies":"3 Sentries","floor":11,"turns":12}],"seed_played":"-1386488712103377035","potions_obtained":[{"floor":1,"key":"SpeedPotion"},{"floor":5,"key":"Fire Potion"}],"is_trial":false,"path_per_floor":["M","T","M","?","M","R","M","$","T","R","E"],"character_chosen":"WATCHER","items_purchased":["Prostrate"],"campfire_rested":0,"item_purchase_floors":[8],"current_hp_per_floor":[72,72,72,72,72,72,67,67,67,67,44,44],"gold":8,"neow_bonus":"THREE_ENEMY_KILL","is_daily":false,"chose_seed":false,"campfire_upgraded":2,"win_rate":0.0,"timestamp":1608820949,"path_taken":["M","?","?","?","M","R","M","?","T","R","E"],"items_purchased_type":["Card"],"build_version":"2020-12-22","purchased_purges":1,"victory":false,"max_hp_per_floor":[72,72,72,72,72,72,72,72,72,72,72,72],"card_choices":[{"not_picked":["JustLucky","CrushJoints","Replay:Hum"],"picked":"SKIP","floor":1},{"not_picked":["Replay:Anticipation","Wallop","Perseverance"],"picked":"SKIP","floor":3},{"not_picked":["EmptyFist","Replay:ManipulateFuture"],"picked":"ClearTheMind","floor":5},{"not_picked":["WreathOfFlame","PathToVictory","EmptyFist"],"picked":"SKIP","floor":7}],"player_experience":375952,"relics_obtained":[{"floor":2,"key":"Grinning Jar"},{"floor":9,"key":"HornCleat"}],"event_choices":[{"cards_removed":["Strike_P"],"damage_healed":0,"gold_gain":0,"player_choice":"Card Removal","damage_taken":0,"max_hp_gain":0,"max_hp_loss":0,"event_name":"The Cleric","floor":4,"gold_loss":50}],"is_beta":false,"boss_relics":[],"items_purged_floors":[8],"is_endless":false,"potions_floor_spawned":[1,5],"killed_by":"3 Sentries","ascension_level":1}}