{"host":"8u7tvcybuv0u72fd","time":1608785549,"event":{"mods":["BaseMod","BetterRewards","Colored Map","Colored Powertips","Minty Spire (QoL Compilation)","Quick Restart","Shop Mod"],"gold_per_floor":[133,172,172,189,233,233,275,356,381,444,444,482,482,482,482,606,606,647,398,398,398,398,398,78,139,139,192,192,192,252,292,292,420,420,465,465,482,112,177,196,196,231,231,275,275,317,392,11,11,11,11,11,6,64,64],"floor_reached":56,"playtime":3452,"items_purged":["Strike_R","Strike_R","Defend_R"],"score":1564,"play_id":"5d81411e-4b70-4c5c-bbd5-6c28c482f376","local_time":"20201223235229","is_ascension_mode":false,"campfire_choices":[{"data":"Apotheosis","floor":6.0,"key":"SMITH"},{"data":"Uppercut","floor":13.0,"key":"SMITH"},{"data":"Bash","floor":15.0,"key":"SMITH"},{"data":"Double Tap","floor":23.0,"key":"SMITH"},{"data":"Flex","floor":28.0,"key":"SMITH"},{"data":"Dropkick","floor":32.0,"key":"SMITH"},{"floor":41.0,"key":"DIG"},{"floor":49.0,"key":"RECALL"},{"floor":52.0,"key":"DIG"}],"circlet_count":0,"master_deck":["Strike_R","Strike_R","Strike_R","Defend_R","Defend_R","Defend_R","Bash+1","Apotheosis+1","HandOfGreed","Body Slam+1","Uppercut+1","Flex+1","Headbutt","Dropkick+1","Double Tap+1","Shrug It Off+1","Entrench+1","Seeing Red+1","Rage+1","True Grit+1"],"relics":["Burning Blood","Blood Vial","Sundial","Nunchaku","Incense Burner","SacredBark","MutagenicStrength","Membership Card","PreservedInsect","Mark of Pain","MerchantsRug","Red Skull","Turnip","Oddly Smooth Stone","Orichalcum","Ancient Tea Set","CaptainsWheel","FossilizedHelix","Akabeko","HornCleat","Ice Cream","Bottled Flame"],"acts_visited":["Exordium","TheCity","TheBeyond","TheEnding"],"potions_floor_usage":[54,55,55,55],"damage_taken":[{"damage":0.0,"enemies":"2 Louse","floor":1.0,"turns":2.0},{"damage":0.0,"enemies":"Cultist","floor":2.0,"turns":3.0},{"damage":3.0,"enemies":"Jaw Worm","floor":4.0,"turns":3.0},{"damage":5.0,"enemies":"2 Fungi Beasts","floor":5.0,"turns":4.0},{"damage":4.0,"enemies":"Looter","floor":7.0,"turns":3.0},{"damage":12.0,"enemies":"3 Sentries","floor":8.0,"turns":8.0},{"damage":13.0,"enemies":"Exordium Wildlife","floor":10.0,"turns":5.0},{"damage":0.0,"enemies":"Large Slime","floor":12.0,"turns":5.0},{"damage":24.0,"enemies":"The Guardian","floor":16.0,"turns":7.0},{"damage":20.0,"enemies":"Shell Parasite","floor":18.0,"turns":6.0},{"damage":4.0,"enemies":"3 Byrds","floor":25.0,"turns":4.0},{"damage":1.0,"enemies":"Gremlin Leader","floor":27.0,"turns":6.0},{"damage":17.0,"enemies":"Book of Stabbing","floor":30.0,"turns":6.0},{"damage":2.0,"enemies":"Centurion and Healer","floor":31.0,"turns":9.0},{"damage":51.0,"enemies":"Collector","floor":33.0,"turns":12.0},{"damage":40.0,"enemies":"3 Darklings","floor":35.0,"turns":10.0},{"damage":6.0,"enemies":"Orb Walker","floor":37.0,"turns":4.0},{"damage":12.0,"enemies":"Jaw Worm Horde","floor":39.0,"turns":5.0},{"damage":47.0,"enemies":"Maw","floor":40.0,"turns":10.0},{"damage":10.0,"enemies":"Sphere and 2 Shapes","floor":42.0,"turns":4.0},{"damage":3.0,"enemies":"Jaw Worm Horde","floor":44.0,"turns":5.0},{"damage":10.0,"enemies":"3 Darklings","floor":46.0,"turns":10.0},{"damage":32.0,"enemies":"Mind Bloom Boss Battle","floor":47.0,"turns":5.0},{"damage":26.0,"enemies":"Time Eater","floor":50.0,"turns":7.0},{"damage":8,"enemies":"Shield and Spear","floor":54,"turns":5},{"damage":102,"enemies":"The Heart","floor":55,"turns":9}],"seed_played":"848583906077931139","potions_obtained":[{"floor":1.0,"key":"Explosive Potion"},{"floor":7.0,"key":"Swift Potion"},{"floor":8.0,"key":"Dexterity Potion"},{"floor":27.0,"key":"Energy Potion"},{"floor":31.0,"key":"ColorlessPotion"},{"floor":37.0,"key":"Energy Potion"},{"floor":39.0,"key":"BlessingOfTheForge"},{"floor":40.0,"key":"Explosive Potion"},{"floor":44.0,"key":"FearPotion"}],"is_trial":false,"path_per_floor":["M","M","?","M","M","R","M","E","T","M","?","M","R","T","R","B",null,"M","$","?","?","$","R","$","M","T","E","R","T","E","M","R","B",null,"M","?","M","$","M","M","R","M","T","M","T","M","?","$","R","B",null,"R","$","E","B",null],"character_chosen":"IRONCLAD","items_purchased":["Tiny Chest","Apotheosis","Blood Vial","HandOfGreed","Fire Potion","Pear","Membership Card","Potion Belt","Explosive Potion","Explosive Potion","MerchantsRug","Regen Potion","Weak Potion","Fruit Juice","EntropicBrew","Shovel","Red Skull","Oddly Smooth Stone","Explosive Potion","Orichalcum","Ancient Tea Set","CaptainsWheel","FossilizedHelix","Akabeko","Ice Cream","LiquidBronze","LiquidBronze","Fire Potion","Weak Potion"],"campfire_rested":0,"item_purchase_floors":[0,0,0,0,0,19,24,24,24,24,38,38,38,38,38,38,38,48,48,48,48,48,48,48,53,53,53,53,53],"current_hp_per_floor":[55,63,63,68,71,71,75,71,71,66,66,74,74,74,74,58,80,66,76,76,76,76,76,76,80,80,94,94,94,85,91,91,48,97,63,63,65,75,101,62,76,74,74,79,79,77,53,53,53,35,121,121,121,119,25],"gold":64,"neow_bonus":"","is_daily":false,"chose_seed":false,"campfire_upgraded":6,"win_rate":0.0,"timestamp":1608785549,"path_taken":["M","M","?","M","?","R","M","E","T","M","?","M","R","?","R","BOSS","M","$","?","?","?","R","$","M","T","E","R","?","E","M","R","BOSS","M","?","M","$","M","M","R","M","T","M","?","M","?","$","R","BOSS","R","$","E","BOSS"],"items_purchased_type":["Relic","Card","Relic","Card","Potion","Relic","Relic","Relic","Potion","Potion","Relic","Potion","Potion","Potion","Potion","Relic","Relic","Relic","Potion","Relic","Relic","Relic","Relic","Relic","Relic","Potion","Potion","Potion","Potion"],"build_version":"2020-12-22","purchased_purges":3,"victory":true,"max_hp_per_floor":[80,80,80,80,80,80,80,80,80,80,80,80,80,80,80,80,80,80,90,90,90,90,90,90,90,90,97,97,97,97,97,97,97,97,97,97,97,107,107,107,121,121,121,121,121,121,121,121,121,121,121,121,121,121,121],"card_choices":[{"not_picked":["Wild Strike","Heavy Blade"],"picked":"Body Slam","floor":1.0},{"not_picked":["Anger","Second Wind","Sentinel"],"picked":"SKIP","floor":2.0},{"not_picked":["Thunderclap","Flame Barrier","Wild Strike"],"picked":"SKIP","floor":4.0},{"not_picked":["Exhume","Intimidate"],"picked":"Uppercut","floor":5.0},{"not_picked":["Cleave","Twin Strike","Heavy Blade"],"picked":"SKIP","floor":7.0},{"not_picked":["Wild Strike","Cleave"],"picked":"Flex","floor":8.0},{"not_picked":["Clash","Feel No Pain"],"picked":"Headbutt","floor":10.0},{"not_picked":["Infernal Blade","Entrench","Dropkick"],"picked":"SKIP","floor":12.0},{"not_picked":["Infernal Blade","Entrench"],"picked":"Dropkick","floor":12.0},{"not_picked":["Limit Break","Juggernaut"],"picked":"Double Tap","floor":16.0},{"not_picked":["Clothesline+1","Infernal Blade","True Grit"],"picked":"SKIP","floor":18.0},{"not_picked":["Armaments+1","Pommel Strike"],"picked":"Shrug It Off+1","floor":25.0},{"not_picked":["Clothesline","Exhume"],"picked":"Entrench+1","floor":27.0},{"not_picked":["Feel No Pain+1","Reckless Charge","Combust+1"],"picked":"SKIP","floor":30.0},{"not_picked":["Clothesline","Shrug It Off","Infernal Blade+1"],"picked":"SKIP","floor":31.0},{"not_picked":["Twin Strike","Warcry","Entrench+1"],"picked":"SKIP","floor":35.0},{"not_picked":["Warcry","Twin Strike+1","Flex"],"picked":"SKIP","floor":37.0},{"not_picked":["Power Through+1","Heavy Blade"],"picked":"Seeing Red+1","floor":39.0},{"not_picked":["Spot Weakness","Flex+1"],"picked":"Rage+1","floor":40.0},{"not_picked":["Evolve+1","Armaments","True Grit"],"picked":"SKIP","floor":42.0},{"not_picked":["Dropkick+1","True Grit+1","Reckless Charge"],"picked":"SKIP","floor":44.0},{"not_picked":["Dropkick+1","Reckless Charge"],"picked":"True Grit+1","floor":44.0},{"not_picked":["Pommel Strike","Havoc","Perfected Strike+1"],"picked":"SKIP","floor":46.0},{"not_picked":["Evolve","Headbutt+1","Sentinel"],"picked":"SKIP","floor":54}],"player_experience":1205386,"relics_obtained":[{"floor":8.0,"key":"Sundial"},{"floor":9.0,"key":"Nunchaku"},{"floor":14.0,"key":"Incense Burner"},{"floor":26.0,"key":"Frozen Egg 2"},{"floor":27.0,"key":"Strawberry"},{"floor":29.0,"key":"The Courier"},{"floor":30.0,"key":"PreservedInsect"},{"floor":41.0,"key":"Mango"},{"floor":45.0,"key":"Dream Catcher"},{"floor":47.0,"key":"Turnip"},{"floor":52.0,"key":"HornCleat"},{"floor":54,"key":"Bottled Flame"}],"event_choices":[{"damage_healed":0.0,"max_hp_gain":0.0,"max_hp_loss":0.0,"gold_gain":0.0,"event_name":"NoteForYourself","player_choice":"Ignored","floor":3.0,"gold_loss":0.0,"damage_taken":0.0},{"damage_healed":0.0,"max_hp_gain":0.0,"max_hp_loss":0.0,"gold_gain":0.0,"event_name":"Living Wall","player_choice":"Grow","floor":11.0,"gold_loss":0.0,"damage_taken":0.0,"cards_upgraded":["Body Slam"]},{"damage_healed":0.0,"max_hp_gain":0.0,"max_hp_loss":0.0,"gold_gain":0.0,"event_name":"Drug Dealer","player_choice":"Inject Mutagens","floor":20.0,"gold_loss":0.0,"damage_taken":0.0,"relics_obtained":["MutagenicStrength"]},{"damage_healed":0.0,"max_hp_gain":0.0,"max_hp_loss":0.0,"gold_gain":0.0,"event_name":"The Mausoleum","player_choice":"Opened","floor":21.0,"gold_loss":0.0,"damage_taken":0.0,"relics_obtained":["Regal Pillow"]},{"damage_healed":0.0,"max_hp_gain":0.0,"max_hp_loss":0.0,"gold_gain":0.0,"event_name":"Tomb of Lord Red Mask","player_choice":"Ignored","floor":36.0,"gold_loss":0.0,"damage_taken":0.0},{"damage_healed":0.0,"max_hp_gain":0.0,"max_hp_loss":0.0,"gold_gain":0.0,"event_name":"MindBloom","player_choice":"Fight","floor":47.0,"gold_loss":0.0,"damage_taken":0.0}],"is_beta":false,"boss_relics":[{"not_picked":["Black Blood","Astrolabe"],"picked":"SacredBark"},{"not_picked":["Calling Bell","Tiny House"],"picked":"Mark of Pain"}],"items_purged_floors":[0,24,38],"is_endless":false,"potions_floor_spawned":[1,7,8,16,27,31,37,39,40,44],"ascension_level":0}}