{"host":"96bpdudduaq3ttpf","time":1608793192,"event":{"mods":["Act Like it!","Astrologer","Bard","Bartender","BaseMod","BetterRewards","CapriCore","Challenge The Spire","Chen","Downfall","Elementarium","Friendly Minions","GifTheSpireLib","Hallownest","Hermit","Jorbs\u0027s Wanderer Trilogy","KinomotoSakuraMod(????)","Koishi","KomeijiMod","Mari Mod (Legacy)","Mari\u0027s V1 Patch","Marisa????????","Mimic Mod","Minty Spire (QoL Compilation)","Prisma Mod","Replay The Spire","Shade Mod","StSLib","Td1madao Mod","The Administrix","The Animator","The Bug Knight","The Construct","The Cursed","The Factory","The Gatherer","The Hierophant","The Immortal","The IronCluck","The Jungle","The Mystic","The Necromancer","The Runesmith","The Senshi","The Servant 0.9.4","WarShipGirlsR/????R mod","Yohane!","Yuyuko"],"gold_per_floor":[10,27,37,47,47,47,78,78,78,96,96,113,125,135,135,231,231,245,261,272,284,284,284,137,337,367,114,126,154,172,192,192,297,297,315,333,373,373,167,167,202,218,270,317,343,343,357,392,392,392],"floor_reached":51,"playtime":2469,"items_purged":["Koishi:BasicDefend","Koishi:BasicStrike","Koishi:BasicDefend"],"score":963,"play_id":"c323f120-b1a4-4573-b444-8cacece354a9","local_time":"20201223235952","is_ascension_mode":false,"campfire_choices":[{"data":"Koishi:HeartAttack","floor":6,"key":"SMITH"},{"data":"Koishi:GeneticsOfTheUnconscious","floor":8,"key":"SMITH"},{"floor":15,"key":"DIG"},{"data":"Koishi:MassHysteria","floor":23,"key":"SMITH"},{"data":"Koishi:PredatoryInstincts","floor":32,"key":"SMITH"},{"data":"Koishi:MassHysteria","floor":40,"key":"SMITH"},{"floor":49,"key":"REST"}],"circlet_count":0,"master_deck":["Koishi:BasicStrike","Koishi:BasicDefend","Koishi:Provoke","Koishi:HauntingSlash","Koishi:UnconsciousUprising","Koishi:GeneticsOfTheUnconscious+1","Koishi:HeartAttack+1","Koishi:SubterraneanRose","Koishi:SubterraneanRose","Koishi:Whimsy","Koishi:FreudianInstinct+1","Koishi:SubconsciousSweep","Koishi:PredatoryInstincts+1","Koishi:Prune","Koishi:SuperEgo","Koishi:EmbersOfLove","Koishi:MassHysteria+1","Koishi:SprinkleStarAndHeart","Koishi:RorschachInDanmaku+1","Koishi:SubconsciousSweep","Koishi:ImGoingToCallYouNow","Koishi:ReleaseOfTheId","Koishi:ReleaseOfTheId","Koishi:MassHysteria+1","Koishi:SubterraneanRose+1","Parasite","Koishi:GhostParty"],"relics":["Koishi:ImaginaryFriend","Calipers","Pear","Replay:WaspNest","Koishi:ColorfulDays","Singing Bowl","Koishi:AHoleWhereASisterShouldBe","Tiny Chest","construct:WeddingRing","construct:BoolHorns","theSenshi:SailorFukuRelic","Ancient Tea Set","Lizard Tail","KyoryuNoHagoromo","Counterbalance","Pen Nib"],"acts_visited":["Exordium","TheCity","TheBeyond"],"potions_floor_usage":[21,31,45,45,48,50,50],"damage_taken":[{"damage":5,"enemies":"Small Slimes","floor":1,"turns":4},{"damage":2,"enemies":"2 Louse","floor":2,"turns":4},{"damage":0,"enemies":"Cultist","floor":3,"turns":5},{"damage":3,"enemies":"Red Slaver","floor":4,"turns":2},{"damage":20,"enemies":"Gremlin Nob","floor":7,"turns":4},{"damage":0,"enemies":"3 Louse","floor":10,"turns":3},{"damage":0,"enemies":"Blue Slaver","floor":12,"turns":3},{"damage":0,"enemies":"2 Fungi Beasts","floor":13,"turns":3},{"damage":0,"enemies":"3 Louse","floor":14,"turns":2},{"damage":4,"enemies":"Fading Forest","floor":16,"turns":11},{"damage":5,"enemies":"Shell Parasite","floor":18,"turns":2},{"damage":0,"enemies":"Chosen","floor":19,"turns":3},{"damage":0,"enemies":"3 Cultists","floor":20,"turns":5},{"damage":5,"enemies":"Chosen and Byrds","floor":21,"turns":6},{"damage":0,"enemies":"Shelled Parasite and Fungi","floor":26,"turns":4},{"damage":0,"enemies":"Shelled Parasite and Fungi","floor":28,"turns":2},{"damage":0,"enemies":"Slavers","floor":29,"turns":3},{"damage":0,"enemies":"Sentry and Sphere","floor":30,"turns":3},{"damage":0,"enemies":"Chosen and Byrds","floor":31,"turns":2},{"damage":3,"enemies":"Pondfish","floor":33,"turns":11},{"damage":0,"enemies":"3 Shapes","floor":35,"turns":3},{"damage":0,"enemies":"Orb Walker","floor":36,"turns":2},{"damage":0,"enemies":"Spire Growth","floor":37,"turns":7},{"damage":6,"enemies":"Giant Head","floor":41,"turns":7},{"damage":12,"enemies":"Spire Growth","floor":42,"turns":3},{"damage":1,"enemies":"2 Orb Walkers","floor":44,"turns":2},{"damage":36,"enemies":"HollowMod:StalkingDevout","floor":45,"turns":6},{"damage":3,"enemies":"Writhing Mass","floor":47,"turns":3},{"damage":0,"enemies":"R_Hoarder","floor":48,"turns":8},{"damage":0,"enemies":"Donu and Deca","floor":50,"turns":8}],"seed_played":"5618049515578083006","potions_obtained":[{"floor":3,"key":"SneckoOil"},{"floor":4,"key":"construct:ShiftPotion"},{"floor":10,"key":"SpeedPotion"},{"floor":14,"key":"Block Potion"},{"floor":16,"key":"ColorlessPotion"},{"floor":20,"key":"Energy Potion"},{"floor":21,"key":"Milkshake"},{"floor":33,"key":"PowerPotion"},{"floor":45,"key":"SkillPotion"},{"floor":48,"key":"LifebloodPotion"}],"is_trial":false,"path_per_floor":["M","M","M","M","$","R","E","R","T","M","?","M","M","M","R","B",null,"M","M","M","M","?","R","$","?","MIM","$","M","E","M","M","R","B",null,"M","M","MIM","?","$","R","E","M","T","?","E","T","M","E","R","B",null],"character_chosen":"KOISHI","items_purchased":["Koishi:SprinkleStarAndHeart","Koishi:AHoleWhereASisterShouldBe","Koishi:MassHysteria"],"campfire_rested":1,"item_purchase_floors":[24,27,39],"current_hp_per_floor":[56,56,58,56,56,56,37,37,47,47,47,48,49,49,49,59,70,65,65,70,70,70,70,70,70,70,70,72,72,74,76,76,76,76,76,78,78,78,78,78,74,74,74,74,53,53,52,66,86,86],"gold":392,"neow_bonus":"REMOVE_TWO","is_daily":false,"chose_seed":false,"campfire_upgraded":5,"win_rate":0.0,"timestamp":1608793192,"path_taken":["M","M","M","M","$","R","E","R","T","M","?","M","M","M","R","BOSS","M","M","M","M","?","R","$","?","MIM","$","M","E","M","M","R","BOSS","M","M","?","?","$","R","E","M","T","?","E","?","M","E","R","BOSS"],"items_purchased_type":["Card","Relic","Card"],"build_version":"2020-12-22","purchased_purges":3,"victory":true,"max_hp_per_floor":[60,60,60,60,60,60,60,60,70,70,70,70,70,70,70,70,70,70,70,70,70,70,70,70,70,70,70,72,72,74,76,76,76,76,76,78,78,78,78,78,80,82,82,82,84,84,86,86,86,86],"card_choices":[{"not_picked":["Koishi:EmbryosDream","Koishi:JumpScare"],"picked":"Koishi:UnconsciousUprising","floor":1},{"not_picked":["Koishi:Jaunt","Koishi:BramblyRoseGarden"],"picked":"Koishi:GeneticsOfTheUnconscious","floor":2},{"not_picked":["Koishi:BloodcurdlingScream","Koishi:IdleWhim"],"picked":"Koishi:HeartAttack","floor":3},{"not_picked":["Koishi:HeartfeltFancy","Koishi:PhantomBarrier"],"picked":"Koishi:SubterraneanRose","floor":4},{"not_picked":["Koishi:TerrifyingSpectre","Koishi:HeartfeltFancy"],"picked":"Koishi:SubterraneanRose","floor":7},{"not_picked":["Koishi:DNAsFlaw","Koishi:PredatoryInstincts"],"picked":"Koishi:Whimsy","floor":10},{"not_picked":["Koishi:FleetingPhantom","Koishi:FreudianInstinct"],"picked":"Koishi:SubconsciousSweep","floor":12},{"not_picked":["Koishi:ParalyzingFear","Koishi:BloodcurdlingScream"],"picked":"Koishi:PredatoryInstincts","floor":13},{"not_picked":["Koishi:HeartfeltFancy","Koishi:EmbersOfLove"],"picked":"Koishi:Prune","floor":14},{"not_picked":["Koishi:RuptureMind","Koishi:ConditionedTeleport"],"picked":"Koishi:SuperEgo","floor":16},{"not_picked":["Koishi:DreadfulBlow","Koishi:PhantomStrike"],"picked":"Koishi:EmbersOfLove","floor":18},{"not_picked":["Koishi:YoukaiPolygraph+1","Koishi:PhantomBarrier","Koishi:JumpScare"],"picked":"SKIP","floor":19},{"not_picked":["Koishi:BloodcurdlingScream+1","Koishi:PhantomStrike+1","Koishi:Possession+1"],"picked":"SKIP","floor":20},{"not_picked":["Koishi:ImGoingToCallYouNow","Koishi:CatchAndRose"],"picked":"Koishi:MassHysteria","floor":21},{"not_picked":["Koishi:Jaunt+1","Koishi:PhantomBarrier"],"picked":"Koishi:RorschachInDanmaku+1","floor":26},{"not_picked":["Koishi:HeartfeltFancy","Koishi:PhantomStrike","Koishi:EmbryosDream"],"picked":"Singing Bowl","floor":28},{"not_picked":["Koishi:PredatoryInstincts+1","Koishi:SpiritedAway+1"],"picked":"Koishi:SubconsciousSweep","floor":29},{"not_picked":["Koishi:EmbersOfLove","Koishi:ReflexRadar","Koishi:PredatoryInstincts+1"],"picked":"Singing Bowl","floor":30},{"not_picked":["Koishi:CatchAndRose","Koishi:TremblingHands","Koishi:Jaunt"],"picked":"Singing Bowl","floor":31},{"not_picked":["Koishi:ConditionedTeleport","Koishi:MentalBreakdown"],"picked":"Koishi:ImGoingToCallYouNow","floor":33},{"not_picked":["Koishi:UnconsciousUprising","Koishi:PhantomBarrier"],"picked":"Koishi:ReleaseOfTheId","floor":35},{"not_picked":["Koishi:ParalyzingFear+1","Koishi:CatchAndRose","Koishi:StingingMind+1"],"picked":"Singing Bowl","floor":36},{"not_picked":["Koishi:Jaunt","Koishi:CatchAndRose+1"],"picked":"Koishi:ReleaseOfTheId","floor":37},{"not_picked":["Koishi:RoseHell","Koishi:SprinkleStarAndHeart","Koishi:FreudianInstinct+1"],"picked":"Singing Bowl","floor":41},{"not_picked":["Koishi:DanmakuParanoia","Koishi:HeartfeltFancy+1","Koishi:DreadfulBlow"],"picked":"Singing Bowl","floor":42},{"not_picked":["Koishi:StrangeCloudFist","Koishi:ReflexRadar"],"picked":"Koishi:SubterraneanRose+1","floor":44},{"not_picked":["Koishi:UnconsciousUprising","Koishi:RacingHeart","Koishi:TraumaticStroke+1"],"picked":"Singing Bowl","floor":45},{"not_picked":["Koishi:StingingMind","Koishi:ReflexRadar+1","Koishi:Prune"],"picked":"Singing Bowl","floor":47},{"not_picked":["Koishi:UnansweredLove","Koishi:Possession+1"],"picked":"Koishi:GhostParty","floor":48}],"player_experience":726785,"relics_obtained":[{"floor":7,"key":"Calipers"},{"floor":9,"key":"Pear"},{"floor":15,"key":"Replay:WaspNest"},{"floor":26,"key":"Singing Bowl"},{"floor":29,"key":"Tiny Chest"},{"floor":37,"key":"construct:BoolHorns"},{"floor":41,"key":"theSenshi:SailorFukuRelic"},{"floor":43,"key":"Ancient Tea Set"},{"floor":44,"key":"Lizard Tail"},{"floor":45,"key":"KyoryuNoHagoromo"},{"floor":46,"key":"Counterbalance"},{"floor":48,"key":"Pen Nib"}],"event_choices":[{"damage_healed":0,"gold_gain":0,"player_choice":"Ignored","damage_taken":0,"max_hp_gain":0,"max_hp_loss":0,"event_name":"Vampires","floor":22,"gold_loss":0},{"damage_healed":0,"gold_gain":250,"player_choice":"Bet on Owner","damage_taken":0,"max_hp_gain":0,"max_hp_loss":0,"event_name":"The Joust","floor":25,"gold_loss":50},{"damage_healed":0,"gold_gain":0,"player_choice":"Ignored","damage_taken":0,"max_hp_gain":0,"max_hp_loss":0,"event_name":"Tomb of Lord Red Mask","floor":38,"gold_loss":0},{"damage_healed":0,"gold_gain":0,"player_choice":"Fight","damage_taken":0,"max_hp_gain":0,"max_hp_loss":0,"event_name":"Mysterious Sphere","floor":44,"gold_loss":0}],"is_beta":false,"boss_relics":[{"not_picked":["Silver_Glasses","MariMod:MariFestivalBadge"],"picked":"Koishi:ColorfulDays"},{"not_picked":["Coffee Dripper","Pandora\u0027s Box"],"picked":"construct:WeddingRing"}],"items_purged_floors":[24,27,39],"is_endless":false,"potions_floor_spawned":[3,4,10,13,14,16,20,21,28,29,33,36,42,45,48],"ascension_level":0}}