{"host":"7l2t4psy44vpcd9q","time":1608815489,"event":{"mods":["AchievementEnabler","BaseMod","DeckTracker","Minty Spire (QoL Compilation)","SuperFastMode"],"gold_per_floor":[17,17,28,44,44,44,78,78,78,78,153,167,167,198,198,273,323,343,343,77,88,102,102,0,0,72,30,30,30,30,41,41,41,41],"floor_reached":33,"playtime":1177,"items_purged":["Strike_R"],"score":552,"play_id":"f8f75497-5963-48ae-aef3-c81e3d9a840c","local_time":"20201224221129","is_ascension_mode":true,"campfire_choices":[{"data":"Fire Breathing","floor":6.0,"key":"SMITH"},{"data":"Offering","floor":10.0,"key":"SMITH"},{"floor":13.0,"key":"REST"},{"data":"Rampage","floor":15.0,"key":"SMITH"},{"floor":23.0,"key":"REST"},{"floor":28,"key":"REST"},{"data":"Entrench","floor":30,"key":"SMITH"},{"floor":32,"key":"REST"}],"circlet_count":0,"master_deck":["AscendersBane","Strike_R","Strike_R","Strike_R","Strike_R","Defend_R","Defend_R","Defend_R","Defend_R","Bash+1","Offering+1","Headbutt","Thunderclap","Fire Breathing+1","Flex","Carnage+1","Rampage+1","Impervious","Entrench+1","Shrug It Off","Panacea","Ghostly Armor","Power Through","Writhe","Iron Wave"],"relics":["Burning Blood","HornCleat","The Courier","Blue Candle","Tiny House","Medical Kit","Question Card","Shuriken"],"acts_visited":["Exordium","TheCity"],"potions_floor_usage":[33,33],"damage_taken":[{"damage":10.0,"enemies":"Jaw Worm","floor":1.0,"turns":3.0},{"damage":6.0,"enemies":"Cultist","floor":3.0,"turns":2.0},{"damage":6.0,"enemies":"Small Slimes","floor":4.0,"turns":2.0},{"damage":21.0,"enemies":"3 Sentries","floor":7.0,"turns":4.0},{"damage":9.0,"enemies":"3 Louse","floor":12.0,"turns":3.0},{"damage":6.0,"enemies":"Gremlin Nob","floor":14.0,"turns":3.0},{"damage":46.0,"enemies":"Hexaghost","floor":16.0,"turns":8.0},{"damage":26.0,"enemies":"3 Byrds","floor":18.0,"turns":7.0},{"damage":6.0,"enemies":"Spheric Guardian","floor":21.0,"turns":5.0},{"damage":42.0,"enemies":"Snake Plant","floor":22.0,"turns":4.0},{"damage":79,"enemies":"3 Cultists","floor":31,"turns":7},{"damage":39,"enemies":"Champ","floor":33,"turns":18}],"seed_played":"4119582170619257793","potions_obtained":[{"floor":3.0,"key":"Swift Potion"},{"floor":7.0,"key":"Block Potion"},{"floor":14.0,"key":"Block Potion"},{"floor":16.0,"key":"SteroidPotion"},{"floor":17.0,"key":"EntropicBrew"},{"floor":22.0,"key":"FairyPotion"},{"floor":31,"key":"EssenceOfSteel"}],"is_trial":false,"path_per_floor":["M","?","M","M","$","R","E","$","T","R","?","M","R","E","R","B",null,"M","?","$","M","M","R","?","?","T","$","R","$","R","M","R","B"],"character_chosen":"IRONCLAD","items_purchased":["Medical Kit","Panacea","SpeedPotion"],"campfire_rested":4,"item_purchase_floors":[20,20,27],"current_hp_per_floor":[64,64,64,64,64,64,49,49,49,49,38,35,57,57,57,17,66,46,46,46,46,10,34,34,34,34,34,58,58,58,9,33,0,0],"gold":41,"neow_bonus":"THREE_RARE_CARDS","is_daily":false,"chose_seed":false,"campfire_upgraded":4,"win_rate":0.0,"timestamp":1608815489,"path_taken":["M","?","M","M","?","R","E","?","T","R","?","M","R","E","R","BOSS","M","?","$","M","M","R","?","?","T","?","R","$","R","M","R","BOSS"],"items_purchased_type":["Relic","Card","Potion"],"build_version":"2020-12-22","purchased_purges":1,"victory":false,"max_hp_per_floor":[75,75,75,75,75,75,75,75,75,75,75,75,75,75,75,75,80,80,80,80,80,80,80,80,80,80,80,80,80,80,80,80,80,80],"card_choices":[{"not_picked":["Exhume","Impervious"],"picked":"Offering","floor":0.0},{"not_picked":["Havoc","Warcry"],"picked":"Headbutt","floor":1.0},{"not_picked":["True Grit","Sword Boomerang"],"picked":"Thunderclap","floor":3.0},{"not_picked":["Havoc","Pummel"],"picked":"Fire Breathing","floor":4.0},{"not_picked":["Heavy Blade","Armaments"],"picked":"Flex","floor":7.0},{"not_picked":["Battle Trance","Dark Embrace"],"picked":"Carnage","floor":12.0},{"not_picked":["Havoc","Combust"],"picked":"Rampage","floor":14.0},{"not_picked":["Brutality","Offering"],"picked":"Impervious","floor":16.0},{"not_picked":["Bloodletting","Flex"],"picked":"Entrench","floor":17.0},{"not_picked":["Flex","Heavy Blade"],"picked":"Shrug It Off","floor":18.0},{"not_picked":["Thunderclap","Armaments"],"picked":"Ghostly Armor","floor":21.0},{"not_picked":["Sentinel","Clash"],"picked":"Power Through","floor":22.0},{"not_picked":["Metallicize","Hemokinesis","Twin Strike+1"],"picked":"Iron Wave","floor":31}],"player_experience":1137280,"relics_obtained":[{"floor":7.0,"key":"HornCleat"},{"floor":9.0,"key":"The Courier"},{"floor":14.0,"key":"Blue Candle"},{"floor":26,"key":"Shuriken"}],"event_choices":[{"damage_healed":0.0,"max_hp_gain":0.0,"max_hp_loss":0.0,"gold_gain":0.0,"event_name":"Accursed Blacksmith","player_choice":"Forge","floor":2.0,"gold_loss":0.0,"damage_taken":0.0,"cards_upgraded":["Bash"]},{"damage_healed":0.0,"max_hp_gain":0.0,"max_hp_loss":0.0,"gold_gain":75.0,"event_name":"World of Goop","player_choice":"Gather Gold","floor":11.0,"gold_loss":0.0,"damage_taken":11.0},{"damage_healed":0.0,"max_hp_gain":0.0,"max_hp_loss":0.0,"gold_gain":0.0,"event_name":"Ghosts","player_choice":"Ignored","floor":19.0,"gold_loss":0.0,"damage_taken":0.0},{"damage_healed":0,"gold_gain":0,"player_choice":"Paid Fearfully","damage_taken":0,"max_hp_gain":0,"max_hp_loss":0,"event_name":"Masked Bandits","floor":24,"gold_loss":102},{"damage_healed":0,"gold_gain":0,"player_choice":"Opened","damage_taken":0,"relics_obtained":["Question Card"],"max_hp_gain":0,"max_hp_loss":0,"event_name":"The Mausoleum","floor":25,"gold_loss":0,"cards_obtained":["Writhe"]}],"is_beta":false,"boss_relics":[{"not_picked":["Sozu","Busted Crown"],"picked":"Tiny House"}],"items_purged_floors":[20],"is_endless":false,"potions_floor_spawned":[3,7,14,16,22,31],"killed_by":"Champ","ascension_level":20}}