{"host":"l84l8xigz5v5foa2","time":1608790158,"event":{"mods":["2.2 Compatiblity","AchievementEnabler","BaseMod","Better Note","Better Vampires","Card Filter","Colored Map","DeckTracker","Downfall","Gremlin Skip","Highlight Path","Keyboard Shortcuts","Minty Spire (QoL Compilation)","Permanent Neow","Quick Restart","Relic Filter","Relic Stats","StSLib","SuperFastMode","Transform Curses","Unknown Chances"],"gold_per_floor":[0,11,23,42,61,61,61,96,96,131,151,151,151,251,268,371,371,371,391,391,405,422,439,439,439,439,439],"floor_reached":25,"playtime":2731,"items_purged":[],"score":315,"play_id":"8778167e-97d8-4f15-bced-02ea044c420b","local_time":"20201224150918","is_ascension_mode":false,"campfire_choices":[{"data":"champ:DancingMaster","floor":1.0,"key":"SMITH"},{"data":"champ:Taunt","floor":6.0,"key":"SMITH"},{"data":"champ:BringItOn","floor":9.0,"key":"SMITH"},{"data":"champ:StrikeOfGenius","floor":18.0,"key":"SMITH"}],"circlet_count":0,"master_deck":["champ:Strike","champ:Strike","champ:Defend","champ:Defend","champ:Defend","champ:Execute","champ:Taunt+1","champ:DancingMaster+1","champ:GutPunch","champ:BringItOn+1","champ:StanceDance+1","champ:StrikeOfGenius+1","champ:ViciousMockery","champ:BerserkersShout","champ:Duel+1","champ:AdrenalArmor+1","champ:Haymaker+1"],"relics":["champ:ChampionCrown","Bottled Tornado","Lizard Tail","Bronze Scales","champ:LiftRelic","Sundial","sneckomod:SneckoTalon","Question Card"],"acts_visited":["Exordium","TheCity"],"potions_floor_usage":[25],"damage_taken":[{"damage":6.0,"enemies":"Jaw Worm","floor":2.0,"turns":5.0},{"damage":6.0,"enemies":"Small Slimes","floor":3.0,"turns":4.0},{"damage":0.0,"enemies":"Cultist","floor":4.0,"turns":4.0},{"damage":12.0,"enemies":"Exordium Thugs","floor":5.0,"turns":5.0},{"damage":30.0,"enemies":"Gremlin Nob","floor":8.0,"turns":5.0},{"damage":32.0,"enemies":"3 Sentries","floor":10.0,"turns":7.0},{"damage":9.0,"enemies":"2 Fungi Beasts","floor":11.0,"turns":3.0},{"damage":31.0,"enemies":"downfall:Heads","floor":14.0,"turns":7.0},{"damage":12.0,"enemies":"Blue Slaver","floor":15.0,"turns":3.0},{"damage":68.0,"enemies":"downfall:Defect","floor":16.0,"turns":9.0},{"damage":37.0,"enemies":"Shell Parasite","floor":19.0,"turns":5.0},{"damage":36.0,"enemies":"Shelled Parasite and Fungi","floor":21.0,"turns":5.0},{"damage":41,"enemies":"Cultist and Chosen","floor":22,"turns":6},{"damage":23,"enemies":"Sentry and Sphere","floor":23,"turns":5},{"damage":49,"enemies":"Gremlin Leader","floor":25,"turns":6}],"seed_played":"3840097063786058591","potions_obtained":[{"floor":2.0,"key":"Explosive Potion"},{"floor":4.0,"key":"champ:OpenerPotion"},{"floor":5.0,"key":"EssenceOfSteel"},{"floor":16.0,"key":"Fire Potion"},{"floor":21.0,"key":"ColorlessPotion"}],"is_trial":false,"path_per_floor":["R","M","M","M","M","R","T","E","R","E","M","?","T","?","M","B",null,"R","M","?","M","M","M","T","E"],"character_chosen":"THE_CHAMP","items_purchased":[],"campfire_rested":0,"item_purchase_floors":[],"current_hp_per_floor":[90,89,89,89,82,82,82,62,62,40,34,34,34,25,18,31,90,90,72,72,60,49,47,47,0,0,0],"gold":439,"neow_bonus":"THREE_RARE_CARDS","is_daily":false,"chose_seed":false,"campfire_upgraded":4,"win_rate":0.0,"timestamp":1608790158,"path_taken":["R","M","M","M","M","R","T","E","R","E","M","?","?","?","M","BOSS","BOSS","R","M","?","?","M","M","T","E"],"items_purchased_type":[],"build_version":"2020-12-22","purchased_purges":0,"victory":false,"max_hp_per_floor":[90,90,90,90,90,90,90,90,90,90,90,90,90,90,90,90,90,90,90,90,90,90,90,90,90,90,90],"relic_stats":{"Lizard Tail":45,"counters":[15,79],"Sundial":[12],"Bronze Scales":[145],"Question Card":0,"obtain_stats":[{"Lizard Tail":8,"Sundial":13,"Bronze Scales":10,"champ:LiftRelic":12,"champ:ChampionCrown":0,"Bottled Tornado":7,"sneckomod:SneckoTalon":17,"Question Card":24},{"Lizard Tail":5,"Sundial":7,"Bronze Scales":6,"champ:LiftRelic":7,"champ:ChampionCrown":0,"Bottled Tornado":4,"sneckomod:SneckoTalon":10,"Question Card":14},{"Lizard Tail":23,"Sundial":33,"Bronze Scales":30,"champ:LiftRelic":33,"champ:ChampionCrown":0,"Bottled Tornado":18,"sneckomod:SneckoTalon":52,"Question Card":73}]},"card_choices":[{"not_picked":["champ:CrownThrow","champ:ShieldSlam"],"picked":"champ:DancingMaster","floor":0.0},{"not_picked":["champ:BerserkersShout","champ:FocusedBerserking"],"picked":"champ:GutPunch","floor":2.0},{"not_picked":["champ:HeartStrike","champ:PerfectedStrike","champ:DefensiveStyle"],"picked":"SKIP","floor":3.0},{"not_picked":["champ:Circumvent","champ:EndlessRage"],"picked":"champ:BringItOn","floor":4.0},{"not_picked":["champ:PreciseThrust","champ:EndlessRage","champ:TornadoPunch"],"picked":"SKIP","floor":5.0},{"not_picked":["champ:FanOfKnives","champ:BerserkerStyle","champ:AdrenalArmor"],"picked":"SKIP","floor":8.0},{"not_picked":["champ:PerfectedStrike","champ:Improvising","champ:GutPunch"],"picked":"SKIP","floor":10.0},{"not_picked":["champ:PerfectedStrike","champ:BringItOn"],"picked":"champ:StanceDance","floor":11.0},{"not_picked":["champ:ShieldSlam","champ:HeartStrike"],"picked":"champ:ViciousMockery","floor":15.0},{"not_picked":["champ:GladiatorsShout","champ:Haymaker","champ:PerfectedStrike+1"],"picked":"SKIP","floor":19.0},{"not_picked":["champ:DefensiveShout","champ:PerfectedStrike+1"],"picked":"champ:Duel+1","floor":21.0},{"not_picked":["champ:FocusedDefense","champ:DefensiveShout"],"picked":"champ:AdrenalArmor+1","floor":22},{"not_picked":["champ:PreciseThrust+1","champ:BerserkersShout+1"],"picked":"champ:Haymaker+1","floor":23}],"player_experience":2674309,"relics_obtained":[{"floor":7.0,"key":"Bottled Tornado"},{"floor":8.0,"key":"Lizard Tail"},{"floor":10.0,"key":"Bronze Scales"},{"floor":13.0,"key":"Sundial"},{"floor":24,"key":"Question Card"}],"event_choices":[{"damage_healed":0.0,"max_hp_gain":0.0,"max_hp_loss":0.0,"gold_gain":0.0,"cards_transformed":["champ:Strike"],"event_name":"Transmorgrifier","player_choice":"Transformed","floor":20.0,"gold_loss":0.0,"damage_taken":0.0,"cards_obtained":["champ:BerserkersShout"]}],"is_beta":false,"boss_relics":[{"not_picked":["Astrolabe","Busted Crown"],"picked":"sneckomod:SneckoTalon"}],"items_purged_floors":[],"is_endless":false,"potions_floor_spawned":[2,4,5,16,21,23],"killed_by":"Gremlin Leader","ascension_level":0}}