{"host":"hg4d4z00zcdsq8kr","time":1608829815,"event":{"mods":["BaseMod","Downfall","Hubris","Infinite Spire","Minty Spire (QoL Compilation)","Replay The Spire","StSLib"],"gold_per_floor":[121,133,145,173,201,247,276,288,300,312,7,26,26,56,56,177,177,202,202,202,202,226,252,252,269,269,277,277],"floor_reached":27,"playtime":1253,"items_purged":["Strike_R"],"score":225,"play_id":"32d4741b-e237-430f-bd2f-4e2d6e89c477","local_time":"20201224201015","is_ascension_mode":false,"campfire_choices":[{"floor":10,"key":"REST"},{"floor":13,"key":"REST"},{"floor":15,"key":"REST"},{"floor":24,"key":"REST"}],"circlet_count":0,"master_deck":["Strike_R","Strike_R","Strike_R","Defend_R","Defend_R","Defend_R","Bash","Shrug It Off","Pommel Strike","Life Link","ReplayTheSpireMod:LeadingStrike","Thunderclap","Impervious","Anger","Reaper","Feel No Pain+1","hubris:StunningStrike","Spot Weakness"],"relics":["Slimebound:AbsorbEndCombat","MawBank","infinitespire:Cubic Diamond","Ring of Fury","Ring of Hypnosis","Ornamental Fan","infinitespire:Midas Blood","Mercury Hourglass","Happy Flower","Empty Cage","hubris:Towel","Charon\u0027s Ashes","hubris:PeanutButter"],"acts_visited":["Exordium","TheCity"],"potions_floor_usage":[5,16,19,22,23],"damage_taken":[{"damage":5,"enemies":"Jaw Worm","floor":1,"turns":6},{"damage":7,"enemies":"2 Louse","floor":4,"turns":3},{"damage":8,"enemies":"Small Slimes","floor":5,"turns":4},{"damage":29,"enemies":"3 Sentries","floor":6,"turns":6},{"damage":8,"enemies":"Blue Slaver","floor":7,"turns":4},{"damage":8,"enemies":"Exordium Thugs","floor":12,"turns":4},{"damage":10,"enemies":"Replay:BlueRogue","floor":14,"turns":4},{"damage":51,"enemies":"Hexaghost","floor":16,"turns":7},{"damage":22,"enemies":"Spheric Guardian","floor":18,"turns":4},{"damage":0,"enemies":"3 Byrds","floor":19,"turns":1},{"damage":15,"enemies":"Snake Plant","floor":22,"turns":3},{"damage":29,"enemies":"Shelled Parasite and Fungi","floor":23,"turns":6},{"damage":18,"enemies":"Sentry and Sphere","floor":25,"turns":5},{"damage":31,"enemies":"Snake Plant","floor":27,"turns":3}],"seed_played":"4739092349739599922","potions_obtained":[{"floor":4,"key":"sneckomod:MuddlingPotion"},{"floor":6,"key":"LiquidMemories"},{"floor":12,"key":"sneckomod:MuddlingPotion"},{"floor":16,"key":"EssenceOfSteel"},{"floor":18,"key":"SmokeBomb"},{"floor":22,"key":"infinitespire:BlackPotion"}],"is_trial":false,"path_per_floor":["M","?","?","M","M","E","M","?","T","R","$","M","R","E","R","B",null,"M","M","?","?","M","M","R","M","T","M"],"character_chosen":"IRONCLAD","items_purchased":["Mercury Hourglass"],"campfire_rested":4,"item_purchase_floors":[11],"current_hp_per_floor":[80,80,80,73,65,36,28,28,28,52,52,44,68,58,80,29,80,58,58,58,58,46,17,41,29,29,0,0],"gold":277,"neow_bonus":"RANDOM_COMMON_RELIC","is_daily":false,"chose_seed":false,"campfire_upgraded":0,"win_rate":0.0,"timestamp":1608829815,"path_taken":["M","?","?","M","M","E","M","?","T","R","$","?","R","E","R","BOSS","M","M","?","?","M","?","R","M","T","M"],"items_purchased_type":["Relic"],"build_version":"2020-12-22","purchased_purges":1,"victory":false,"max_hp_per_floor":[80,80,80,80,80,80,80,80,80,80,80,80,80,80,80,80,80,80,80,80,80,80,80,80,80,80,80,80],"card_choices":[{"not_picked":["Anger","Flex"],"picked":"Shrug It Off","floor":1},{"not_picked":["Clothesline","hubris:ReadiedAction"],"picked":"Pommel Strike","floor":4},{"not_picked":["Second Wind","Abandon"],"picked":"Life Link","floor":5},{"not_picked":["Clothesline","Run Through"],"picked":"ReplayTheSpireMod:LeadingStrike","floor":6},{"not_picked":["Rage","Clash"],"picked":"Thunderclap","floor":7},{"not_picked":["Wild Strike","Warcry"],"picked":"Impervious","floor":12},{"not_picked":["Twin Strike","Replay:Undeath\u0027s Touch"],"picked":"Anger","floor":14},{"not_picked":["Demonic Infusion","Brutality"],"picked":"Reaper","floor":16},{"not_picked":["ReplayTheSpireMod:Strike From Hell","Wild Strike","hubris:ReadiedAction"],"picked":"SKIP","floor":18},{"not_picked":["Perfected Strike","Wild Strike+1"],"picked":"Feel No Pain+1","floor":22},{"not_picked":["Carnage","Replay:Undeath\u0027s Touch+1"],"picked":"hubris:StunningStrike","floor":23},{"not_picked":["hubris:ReadiedAction","Carnage+1"],"picked":"Spot Weakness","floor":25}],"player_experience":607559,"relics_obtained":[{"floor":3,"key":"Ring of Fury"},{"floor":3,"key":"Ring of Hypnosis"},{"floor":6,"key":"Ornamental Fan"},{"floor":9,"key":"infinitespire:Midas Blood"},{"floor":14,"key":"Happy Flower"},{"floor":26,"key":"hubris:PeanutButter"}],"event_choices":[{"cards_removed":["Defend_R"],"damage_healed":0,"gold_gain":0,"player_choice":"Forget","damage_taken":0,"max_hp_gain":0,"max_hp_loss":0,"event_name":"Living Wall","floor":8,"gold_loss":0},{"damage_healed":0,"gold_gain":0,"player_choice":"Gave Potion","damage_taken":0,"relics_obtained":["Charon\u0027s Ashes"],"max_hp_gain":0,"max_hp_loss":0,"event_name":"WeMeetAgain","floor":21,"gold_loss":0}],"is_beta":false,"boss_relics":[{"not_picked":["Cursed Key","Kintsugi"],"picked":"Empty Cage"}],"items_purged_floors":[11],"is_endless":false,"potions_floor_spawned":[4,6,12,16,18,22],"killed_by":"Snake Plant","ascension_level":0}}