{"host":"foq4mrde4mssg7vt","time":1608789993,"event":{"mods":["AchievementEnabler","BaseMod","Colored Map","Colored Powertips","Highlight Path","Minty Spire (QoL Compilation)","Relic Stats","everything is the same but u backflip on backflip"],"gold_per_floor":[117,137,154,28,28,28,61,61,61,87,87,99,125,145,145,241,241,241,55,55,55,55,55,55,55],"floor_reached":24,"playtime":722,"items_purged":[],"score":313,"play_id":"e8e323b8-b5ca-44e6-84da-5f66a42f3011","local_time":"20201224140633","is_ascension_mode":true,"campfire_choices":[{"data":"Melter","floor":6.0,"key":"SMITH"},{"data":"Compile Driver","floor":8.0,"key":"SMITH"},{"floor":15.0,"key":"REST"},{"data":"Fission","floor":23,"key":"SMITH"}],"circlet_count":0,"master_deck":["Strike_B","Strike_B","Defend_B","Defend_B","Defend_B","Defend_B","Zap","Dualcast","Chill","Compile Driver+1","Melter+1","Capacitor","Core Surge","Sweeping Beam","Barrage","Go for the Eyes","Multi-Cast","Conserve Battery","Seek","Fission+1","Scrape"],"relics":["Cracked Core","Mango","Darkstone Periapt","White Beast Statue","Matryoshka","Frozen Egg 2","Ectoplasm"],"acts_visited":["Exordium","TheCity"],"potions_floor_usage":[21,24,24],"damage_taken":[{"damage":2.0,"enemies":"Jaw Worm","floor":1.0,"turns":3.0},{"damage":0.0,"enemies":"Small Slimes","floor":2.0,"turns":3.0},{"damage":7.0,"enemies":"2 Louse","floor":3.0,"turns":2.0},{"damage":13.0,"enemies":"Lagavulin","floor":7.0,"turns":7.0},{"damage":31.0,"enemies":"Gremlin Nob","floor":10.0,"turns":4.0},{"damage":8.0,"enemies":"Exordium Wildlife","floor":12.0,"turns":3.0},{"damage":26.0,"enemies":"Lagavulin","floor":13.0,"turns":7.0},{"damage":9.0,"enemies":"Red Slaver","floor":14.0,"turns":3.0},{"damage":20.0,"enemies":"Hexaghost","floor":16.0,"turns":9.0},{"damage":0.0,"enemies":"Spheric Guardian","floor":18.0,"turns":1.0},{"damage":22.0,"enemies":"Shell Parasite","floor":20.0,"turns":5.0},{"damage":0,"enemies":"Shelled Parasite and Fungi","floor":21,"turns":1},{"damage":47,"enemies":"Gremlin Leader","floor":24,"turns":8}],"seed_played":"4816330006862473171","potions_obtained":[{"floor":1.0,"key":"BlessingOfTheForge"},{"floor":10.0,"key":"LiquidBronze"},{"floor":12.0,"key":"SmokeBomb"},{"floor":13.0,"key":"Weak Potion"},{"floor":16.0,"key":"Dexterity Potion"},{"floor":18.0,"key":"AttackPotion"},{"floor":20.0,"key":"Weak Potion"}],"is_trial":false,"path_per_floor":["M","M","M","$","?","R","E","R","T","E","?","M","E","M","R","B",null,"M","$","M","M","?","R","E"],"character_chosen":"DEFECT","items_purchased":["Capacitor","Weak Potion","Conserve Battery","Seek"],"campfire_rested":1,"item_purchase_floors":[4,4,19,19],"current_hp_per_floor":[80,80,73,73,73,73,60,60,60,29,56,48,22,13,37,17,66,66,66,44,44,44,44,0,0],"gold":55,"neow_bonus":"ONE_RARE_RELIC","is_daily":false,"chose_seed":false,"campfire_upgraded":3,"win_rate":0.0,"timestamp":1608789993,"path_taken":["M","M","M","$","?","R","E","R","T","E","?","M","E","M","R","BOSS","M","$","M","M","?","R","E"],"items_purchased_type":["Card","Potion","Card","Card"],"build_version":"2020-12-22","purchased_purges":0,"victory":false,"max_hp_per_floor":[82,82,82,82,82,82,82,82,82,82,82,82,82,82,82,82,82,82,82,82,82,82,82,82,82],"relic_stats":{"Darkstone Periapt":0,"counters":[13,56],"Ectoplasm":38,"obtain_stats":[{"Darkstone Periapt":7,"Matryoshka":10,"Mango":0,"Ectoplasm":17,"Frozen Egg 2":13,"Cracked Core":0,"White Beast Statue":9},{"Darkstone Periapt":4,"Matryoshka":5,"Mango":0,"Ectoplasm":9,"Frozen Egg 2":7,"Cracked Core":0,"White Beast Statue":4},{"Darkstone Periapt":15,"Matryoshka":19,"Mango":0,"Ectoplasm":41,"Frozen Egg 2":29,"Cracked Core":0,"White Beast Statue":15}]},"card_choices":[{"not_picked":["White Noise","Turbo"],"picked":"Chill","floor":1.0},{"not_picked":["Steam","Coolheaded"],"picked":"Compile Driver","floor":2.0},{"not_picked":["Recycle","Leap"],"picked":"Melter","floor":3.0},{"not_picked":["Storm","Rebound"],"picked":"Core Surge","floor":7.0},{"not_picked":["Conserve Battery","Machine Learning"],"picked":"Sweeping Beam","floor":10.0},{"not_picked":["Go for the Eyes","Steam"],"picked":"Barrage","floor":12.0},{"not_picked":["Skim","Gash","Core Surge"],"picked":"SKIP","floor":13.0},{"not_picked":["Compile Driver","Undo"],"picked":"Go for the Eyes","floor":14.0},{"not_picked":["Amplify","Core Surge"],"picked":"Multi-Cast","floor":16.0},{"not_picked":["Rip and Tear+1","Blizzard+1","Steam Power"],"picked":"SKIP","floor":18.0},{"not_picked":["Barrage","Gash","Beam Cell"],"picked":"SKIP","floor":20.0}],"player_experience":242560,"relics_obtained":[{"floor":7.0,"key":"Darkstone Periapt"},{"floor":9.0,"key":"White Beast Statue"},{"floor":10.0,"key":"Matryoshka"},{"floor":13.0,"key":"Frozen Egg 2"}],"event_choices":[{"damage_healed":0.0,"max_hp_gain":0.0,"max_hp_loss":0.0,"gold_gain":0.0,"event_name":"Liars Game","player_choice":"Ignored","floor":5.0,"gold_loss":0.0,"damage_taken":0.0},{"damage_healed":27.0,"max_hp_gain":0.0,"max_hp_loss":0.0,"gold_gain":0.0,"event_name":"Big Fish","player_choice":"Banana","floor":11.0,"gold_loss":0.0,"damage_taken":0.0},{"damage_healed":0,"gold_gain":0,"cards_transformed":["Strike_B","Strike_B"],"player_choice":"Became Test Subject","damage_taken":0,"max_hp_gain":0,"max_hp_loss":0,"event_name":"Drug Dealer","floor":22,"gold_loss":0,"cards_obtained":["Fission","Scrape"]}],"is_beta":false,"boss_relics":[{"not_picked":["Empty Cage","Fusion Hammer"],"picked":"Ectoplasm"}],"items_purged_floors":[],"is_endless":false,"potions_floor_spawned":[1,10,12,13,14,16,18,20,21],"killed_by":"Gremlin Leader","ascension_level":9}}