{"host":"tm3ghj8mno6gwywm","time":1608811876,"event":{"mods":["2.2 Compatiblity","AchievementEnabler","Bard","BaseMod","Beaked The Cultist","Better Third Choice","Colored Map","Colored Powertips","Conspire","Downfall","Glutton Mod","GungeonMod","Halation","Hermit","Hubris","Infinite Spire","Jorbs\u0027s Wanderer Trilogy","Lobotomy","Mad Scientist","Marisa????????","Marked Mod","Mimic Mod","Minty Spire (QoL Compilation)","Potionbrewer","Quick Restart","READ ME - Guardian Mod","Replay The Spire","Shade Mod","Shop Mod","Somnambulant","Spicy Shops","StSLib","SuperFastMode","The Bug Knight","The Construct","The Cursed","The Disciple","The Factory","The Hierophant","The IronCluck","The Judge","The Jungle","The Necromancer","The Runesmith","The Servant 0.9.4","egg"],"gold_per_floor":[99,153,171,103,48,33,33,33,33,49,61,77,2,31,49,149,149,74,90,90,90,107,124,124,138,7,7,24,103,103,119,135,238,238,163,163,163,182,67,67,100,100,116,134,153,173,273,288,298,298,298,298,333,96,96,96],"floor_reached":57,"playtime":2243,"items_purged":["Parasite"],"score":1508,"play_id":"81b5c314-a754-4612-8119-341bcb1e4175","local_time":"20201224071116","is_ascension_mode":false,"campfire_choices":[{"floor":1,"key":"RECALL"},{"floor":9,"key":"REST"},{"floor":13,"key":"REST"},{"data":"Guardian:CurlUp","floor":18,"key":"SMITH"},{"data":"Guardian:TwinSlam","floor":35,"key":"SMITH"},{"data":"Guardian:Defend_Guardian","floor":42,"key":"SMITH"},{"data":"Guardian:Defend_Guardian","floor":55,"key":"SMITH"}],"circlet_count":0,"master_deck":["Guardian:Strike_Guardian+1","Guardian:Strike_Guardian+1","Guardian:Strike_Guardian+1","Guardian:Strike_Guardian+1","Guardian:Defend_Guardian","Guardian:Defend_Guardian","Guardian:Defend_Guardian+1","Guardian:Defend_Guardian+1","Guardian:CurlUp+1","Guardian:TwinSlam+1","Guardian:SphericShield+1","Guardian:PrimingBeam+1","Guardian:FloatingOrbs+1","Guardian:PrimingBeam+1","Guardian:EvasiveProtocol+1","Guardian:MultiBeam+1","Guardian:ArmoredProtocol+1","Guardian:GuardianWhirl+1","Guardian:ArmoredProtocol+1","Guardian:PiercingHide+1","Guardian:StasisEngine+1","Guardian:RevengeProtocol+1","Guardian:VentSteam+1","Guardian:Repulse+1","Guardian:ShieldSpikes+1","Guardian:BronzeArmor+1","Guardian:Gem_Purple","Guardian:PrimingBeam+1","Guardian:Gem_Synthetic","Replay:SS_hec_1+1","Guardian:Gem_White","Guardian:SpikerProtocol+1","Flash of Steel+1","Guardian:Gem_Cyan","Guardian:Gem_Purple","Guardian:TimeBomb+1","Guardian:Gem_Blue","Guardian:BronzeArmor+1"],"relics":["Guardian:ModeShifter","Lizard Tail","Mummified Hand","Black Star","Molten Egg 2","Toxic Egg 2","Frozen Egg 2","Quantum Egg","Membership Card","WingedGreaves","DemoMod:SerJunkan","downfall:HeartBlessingBlue","hexamod:BolsterEngine","DemoMod:Junk","ChewingGum","downfall:HeartBlessingGreen","ReplayTheSpireMod:EnergyBall","MutagenicStrength","DemoMod:PinkGuonStone","halation:PromiseList","conspire:TreasureMap","halation:PinkSoulGem","DemoMod:GlassGuonStoneRelic","downfall:HeartBlessingRed","Bronze Scales","Lee\u0027s Waffle","Replay:Bottled Eggs"],"acts_visited":["Exordium","TheCity","TheBeyond","TheEnding"],"potions_floor_usage":[29,56,56,56],"damage_taken":[{"damage":0,"enemies":"Small Slimes","floor":3,"turns":3},{"damage":5,"enemies":"downfall:FleeingMerchant","floor":4,"turns":4},{"damage":5,"enemies":"downfall:FleeingMerchant","floor":5,"turns":4},{"damage":9,"enemies":"downfall:FleeingMerchant","floor":6,"turns":4},{"damage":0,"enemies":"Jaw Worm","floor":10,"turns":3},{"damage":0,"enemies":"2 Louse","floor":11,"turns":1},{"damage":0,"enemies":"Exordium Wildlife","floor":12,"turns":2},{"damage":0,"enemies":"Lagavulin","floor":14,"turns":6},{"damage":0,"enemies":"Blue Slaver","floor":15,"turns":4},{"damage":0,"enemies":"downfall:Silent","floor":16,"turns":7},{"damage":0,"enemies":"conspire:FuzzyDice","floor":19,"turns":5},{"damage":0,"enemies":"Centurion and Healer","floor":22,"turns":5},{"damage":0,"enemies":"Chosen and Byrds","floor":23,"turns":4},{"damage":0,"enemies":"Shelled Parasite and Fungi","floor":25,"turns":4},{"damage":0,"enemies":"downfall:FleeingMerchant","floor":26,"turns":4},{"damage":0,"enemies":"Snecko","floor":28,"turns":4},{"damage":5,"enemies":"downfall:FleeingMerchant","floor":29,"turns":4},{"damage":0,"enemies":"Centurion and Healer","floor":31,"turns":5},{"damage":0,"enemies":"Chosen and Byrds","floor":32,"turns":3},{"damage":0,"enemies":"downfall:Defect","floor":33,"turns":8},{"damage":0,"enemies":"3 Darklings","floor":38,"turns":3},{"damage":0,"enemies":"3 Shapes","floor":41,"turns":6},{"damage":0,"enemies":"3 Shapes","floor":43,"turns":5},{"damage":0,"enemies":"Maw","floor":44,"turns":5},{"damage":0,"enemies":"Transient","floor":45,"turns":5},{"damage":0,"enemies":"Spire Growth","floor":46,"turns":4},{"damage":0,"enemies":"Spire Growth","floor":47,"turns":4},{"damage":0,"enemies":"Writhing Mass","floor":48,"turns":4},{"damage":0,"enemies":"3 Darklings","floor":49,"turns":3},{"damage":0,"enemies":"downfall:Ironclad","floor":50,"turns":9},{"damage":26,"enemies":"downfall:CharBossMerchant","floor":53,"turns":9},{"damage":0,"enemies":"downfall:NeowBoss","floor":56,"turns":11}],"seed_played":"5711646518152120613","potions_obtained":[{"floor":2,"key":"Guardian:AcceleratePotion"},{"floor":11,"key":"Ancient Potion"},{"floor":12,"key":"sneckomod:MuddlingPotion"},{"floor":15,"key":"Weak Potion"},{"floor":19,"key":"Regen Potion"},{"floor":31,"key":"SpeedPotion"},{"floor":44,"key":"potionbrewer:BoundlessPotion"}],"is_trial":false,"path_per_floor":["R","?","M","$","$","$","T","?","R","M","M","M","R","E","M","B",null,"R","M","AVR","?","M","M","T","M","$","?","M","$","?","M","M","B",null,"R","?","?","M","$","$","MIM","R","M","M","M","M","?","M","M","B",null,null,"E","$","R","B",null],"character_chosen":"GUARDIAN","items_purchased":["Guardian:Gem_Cyan","Guardian:PrimingBeam+1","Guardian:MultiBeam+1","Guardian:Gem_Orange","DemoMod:PinkGuonStone","halation:PromiseList","Guardian:Gem_Purple","conspire:TreasureMap","Guardian:SpikerProtocol+1","Bronze Scales","Flash of Steel+1","Lee\u0027s Waffle","Replay:Bottled Eggs"],"campfire_rested":2,"item_purchase_floors":[4,4,5,26,29,29,29,29,39,39,39,54,54],"current_hp_per_floor":[80,48,48,43,38,29,29,29,53,53,53,53,90,90,90,90,90,90,90,90,90,90,90,90,90,90,90,90,92,92,92,92,92,97,97,97,97,97,97,97,97,97,97,97,97,97,97,97,97,97,97,97,71,101,101,101],"gold":96,"neow_bonus":"ONE_RANDOM_RARE_CARD","is_daily":false,"chose_seed":false,"campfire_upgraded":4,"win_rate":0.0,"timestamp":1608811876,"path_taken":["R","?","M","$","$","$","T","?","R","M","?","?","R","E","M","BOSS","R","M","AVR","?","?","?","T","M","$","?","M","$","?","M","M","BOSS","R","?","?","?","?","$","MIM","R","M","M","M","M","?","?","M","BOSS","E","$","R","BOSS"],"items_purchased_type":["Card","Card","Card","Card","Relic","Relic","Card","Relic","Card","Relic","Card","Relic","Relic"],"build_version":"2020-12-22","purchased_purges":1,"victory":true,"max_hp_per_floor":[80,80,80,80,80,80,80,80,80,80,80,80,90,90,90,90,90,90,90,90,90,90,90,90,90,90,90,90,97,97,97,97,97,97,97,97,97,97,97,97,97,97,97,97,97,97,97,97,97,97,97,97,97,101,101,101],"card_choices":[{"not_picked":["Guardian:TemporalStrike+1","Guardian:WalkerClaw+1"],"picked":"Guardian:PrimingBeam+1","floor":2},{"not_picked":["Guardian:TimeBomb+1","Guardian:PolyBeam+1"],"picked":"Guardian:FloatingOrbs+1","floor":3},{"not_picked":["Guardian:Gem_Cyan","Guardian:Gem_Orange","Guardian:Suspension+1"],"picked":"SKIP","floor":4},{"not_picked":["Guardian:Repulse+1","Guardian:Gem_Fragmented"],"picked":"Guardian:EvasiveProtocol+1","floor":5},{"not_picked":["Guardian:FierceBash+1","Guardian:Gem_Red"],"picked":"Guardian:ArmoredProtocol+1","floor":6},{"not_picked":["Guardian:Gem_Red","Guardian:PrismaticBarrier+1"],"picked":"Guardian:GuardianWhirl+1","floor":10},{"not_picked":["Guardian:ShieldCharger+1","Guardian:CrystalBeam+1"],"picked":"Guardian:ArmoredProtocol+1","floor":11},{"not_picked":["Guardian:MultiBeam+1","Guardian:SentryBeam+1"],"picked":"Guardian:Gem_Green","floor":12},{"not_picked":["Guardian:Gem_Purple","Guardian:FuturePlans+1"],"picked":"Guardian:PiercingHide+1","floor":14},{"not_picked":["Guardian:PrimingBeam+1","Guardian:Gem_Lightblue"],"picked":"Guardian:StasisEngine+1","floor":15},{"not_picked":["Guardian:GemFinder+1","Guardian:Gem_Synthetic"],"picked":"Guardian:RevengeProtocol+1","floor":16},{"not_picked":["Guardian:PrismaticBeam+1","Guardian:TemporalStrike+1"],"picked":"Guardian:VentSteam+1","floor":19},{"not_picked":["Guardian:Gem_Red","Guardian:Incinerate+1"],"picked":"Guardian:Repulse+1","floor":22},{"not_picked":["Guardian:DonusPower+1","Guardian:TemporalShield+1"],"picked":"Guardian:Gem_Cyan","floor":23},{"not_picked":["Guardian:WalkerClaw+1","Guardian:TemporalShield+1"],"picked":"Guardian:Gem_Cyan","floor":25},{"not_picked":["Guardian:Gem_Purple","Guardian:CrystalBeam+1"],"picked":"Guardian:Gem_Lightblue","floor":26},{"not_picked":["Guardian:CrystalBeam+1","Guardian:TimeCapacitor+1"],"picked":"Guardian:ShieldSpikes+1","floor":28},{"not_picked":["Guardian:Planning+1","Guardian:ChargeCore+1"],"picked":"Guardian:BronzeArmor+1","floor":29},{"not_picked":["Guardian:SentryBeam+1","Guardian:TemporalStrike+1","Guardian:PiercingHide+1"],"picked":"SKIP","floor":31},{"not_picked":["Guardian:TemporalStrike+1","Guardian:Reroute+1"],"picked":"Guardian:PrimingBeam+1","floor":32},{"not_picked":["Guardian:RevengeProtocol+1","Guardian:GemFinder+1"],"picked":"Guardian:Gem_Synthetic","floor":33},{"not_picked":["expansioncontent:SuperHexaguard+1","expansioncontent:HyperBeam+1"],"picked":"Replay:SS_hec_1+1","floor":37},{"not_picked":["Guardian:VentSteam+1","Guardian:Reroute+1"],"picked":"Guardian:Gem_White","floor":38},{"not_picked":["Guardian:RollAttack+1","Guardian:VentSteam+1"],"picked":"Guardian:Gem_Cyan","floor":43},{"not_picked":["Guardian:SentryBeam+1","Guardian:ChargeCore+1"],"picked":"Guardian:Gem_Purple","floor":44},{"not_picked":["Guardian:Gem_Cyan","Guardian:FloatingOrbs+1","Guardian:TemporalShield+1"],"picked":"SKIP","floor":45},{"not_picked":["Guardian:Suspension+1","Guardian:TemporalStrike+1","Guardian:WalkerClaw+1"],"picked":"SKIP","floor":46},{"not_picked":["Guardian:Gem_Cyan","Guardian:Planning+1"],"picked":"Guardian:TimeBomb+1","floor":48},{"not_picked":["Guardian:EvasiveProtocol+1","Guardian:TemporalShield+1"],"picked":"Guardian:Gem_Blue","floor":49},{"not_picked":["Guardian:StasisEngine+1","Guardian:TemporalStrike+1"],"picked":"Guardian:BronzeArmor+1","floor":53}],"player_experience":787259,"relics_obtained":[{"floor":2,"key":"DemoMod:SerJunkan"},{"floor":14,"key":"hexamod:BolsterEngine"},{"floor":14,"key":"DemoMod:Junk"},{"floor":24,"key":"DemoMod:Junk"},{"floor":41,"key":"DemoMod:Junk"},{"floor":41,"key":"DemoMod:Junk"},{"floor":47,"key":"DemoMod:Junk"},{"floor":53,"key":"DemoMod:Junk"},{"floor":53,"key":"DemoMod:Junk"}],"event_choices":[{"damage_healed":0,"gold_gain":0,"player_choice":"Inject Mutagens","damage_taken":0,"relics_obtained":["MutagenicStrength"],"max_hp_gain":0,"max_hp_loss":0,"event_name":"Drug Dealer","floor":27,"gold_loss":0},{"damage_healed":0,"gold_gain":0,"player_choice":"Leave","damage_taken":0,"max_hp_gain":0,"max_hp_loss":0,"event_name":"conspire:Investor","floor":36,"gold_loss":0}],"is_beta":false,"boss_relics":[{"not_picked":["halation:LoveArrow","hubris:RunicObelisk"],"picked":"ChewingGum"},{"not_picked":["Replay:Fungal Core","Black Star","Runesmith:UraniumAnvil"]}],"items_purged_floors":[54],"is_endless":false,"potions_floor_spawned":[11,12,15,19,22,25,28,31,44,45,46,48],"ascension_level":0}}