{"host":"m6aaltr68g9tvoay","time":1608784961,"event":{"mods":["AchievementEnabler","BaseMod","Colored Map","Minty Spire (QoL Compilation)","StSLib"],"gold_per_floor":[116,130,52,52,62,62,87,102,156,156,156,156,156,168,168,168,168],"floor_reached":16,"playtime":432,"items_purged":[],"score":160,"play_id":"129971a2-db55-4f5e-b54f-d7bc015054a9","local_time":"20201223204241","is_ascension_mode":true,"campfire_choices":[{"data":"Judgement","floor":6,"key":"SMITH"},{"floor":10,"key":"REST"},{"floor":13,"key":"REST"},{"floor":15,"key":"REST"}],"circlet_count":0,"master_deck":["AscendersBane","Strike_P","Strike_P","Strike_P","Strike_P","Defend_P","Defend_P","Defend_P","Defend_P","Eruption","Vigilance","Omniscience","ForeignInfluence","Prostrate","Judgement+1","ClearTheMind","Consecrate","Protect","FollowUp"],"relics":["PureWater","Darkstone Periapt","Bronze Scales","Lantern"],"acts_visited":["Exordium"],"potions_floor_usage":[16],"damage_taken":[{"damage":13,"enemies":"2 Louse","floor":1,"turns":5},{"damage":0,"enemies":"Small Slimes","floor":2,"turns":2},{"damage":0,"enemies":"Cultist","floor":5,"turns":3},{"damage":33,"enemies":"Gremlin Nob","floor":7,"turns":4},{"damage":0,"enemies":"Large Slime","floor":8,"turns":4},{"damage":2,"enemies":"Gremlin Gang","floor":14,"turns":4},{"damage":50,"enemies":"The Guardian","floor":16,"turns":9}],"seed_played":"1435413406107266354","potions_obtained":[{"floor":5,"key":"Dexterity Potion"},{"floor":7,"key":"BlessingOfTheForge"},{"floor":14,"key":"Regen Potion"}],"is_trial":false,"path_per_floor":["M","M","$","?","M","R","E","M","T","R","?","?","R","M","R","B"],"character_chosen":"WATCHER","items_purchased":["Judgement"],"campfire_rested":3,"item_purchase_floors":[3],"current_hp_per_floor":[52,52,52,34,34,34,1,1,1,22,22,22,43,41,62,27,27],"gold":168,"neow_bonus":"ONE_RANDOM_RARE_CARD","is_daily":false,"chose_seed":false,"campfire_upgraded":1,"win_rate":0.0,"timestamp":1608784961,"path_taken":["M","M","$","?","M","R","E","M","T","R","?","?","R","M","R","BOSS"],"items_purchased_type":["Card"],"build_version":"2020-12-22","purchased_purges":0,"victory":false,"max_hp_per_floor":[72,72,72,72,72,72,72,72,72,72,72,72,72,72,72,72,72],"card_choices":[{"not_picked":["Crescendo","ReachHeaven"],"picked":"ForeignInfluence","floor":1},{"not_picked":["SashWhip","FlurryOfBlows"],"picked":"Prostrate","floor":2},{"not_picked":["Consecrate","FollowUp"],"picked":"ClearTheMind","floor":5},{"not_picked":["BattleHymn","EmptyMind"],"picked":"Consecrate","floor":7},{"not_picked":["Study","ClearTheMind"],"picked":"Protect","floor":8},{"not_picked":["ThirdEye","Protect","Evaluate"],"picked":"SKIP","floor":14}],"player_experience":1306439,"relics_obtained":[{"floor":7,"key":"Bronze Scales"},{"floor":9,"key":"Lantern"}],"event_choices":[{"damage_healed":0,"gold_gain":0,"player_choice":"Success","damage_taken":18,"relics_obtained":["Darkstone Periapt"],"max_hp_gain":0,"max_hp_loss":0,"event_name":"Scrap Ooze","floor":4,"gold_loss":0},{"damage_healed":0,"gold_gain":0,"player_choice":"Ignored","damage_taken":0,"max_hp_gain":0,"max_hp_loss":0,"event_name":"Shining Light","floor":11,"gold_loss":0},{"damage_healed":0,"gold_gain":0,"player_choice":"1 cards matched","damage_taken":0,"max_hp_gain":0,"max_hp_loss":0,"event_name":"Match and Keep!","floor":12,"gold_loss":0,"cards_obtained":["FollowUp"]}],"is_beta":false,"boss_relics":[],"items_purged_floors":[],"is_endless":false,"potions_floor_spawned":[5,7,14],"killed_by":"The Guardian","ascension_level":12}}