{"host":"dl7h25vjpuplx29g","time":1608830389,"event":{"mods":["BaseMod","Colored Map","Minty Spire (QoL Compilation)"],"gold_per_floor":[19,31,44,44,62,97,97,97,97],"floor_reached":8,"playtime":639,"items_purged":[],"score":96,"play_id":"2845a871-e9e8-4ea0-a8a1-8ecba0737acf","local_time":"20201225021949","is_ascension_mode":true,"campfire_choices":[{"data":"Streamline","floor":7,"key":"SMITH"}],"circlet_count":0,"master_deck":["AscendersBane","Strike_B","Strike_B","Strike_B","Strike_B","Defend_B","Defend_B","Defend_B","Defend_B","Zap","Dualcast","Coolheaded","Streamline+1","Sweeping Beam","Chill","Cold Snap"],"relics":["Cracked Core","WingedGreaves","Pear"],"acts_visited":["Exordium"],"potions_floor_usage":[6],"damage_taken":[{"damage":0.0,"enemies":"Cultist","floor":1.0,"turns":3.0},{"damage":2.0,"enemies":"Small Slimes","floor":2.0,"turns":3.0},{"damage":9.0,"enemies":"2 Louse","floor":3.0,"turns":3.0},{"damage":17.0,"enemies":"Lots of Slimes","floor":5.0,"turns":4.0},{"damage":29,"enemies":"Lagavulin","floor":6,"turns":9},{"damage":29,"enemies":"Gremlin Nob","floor":8,"turns":3}],"seed_played":"-2222788041374608307","potions_obtained":[{"floor":2.0,"key":"Strength Potion"}],"is_trial":false,"path_per_floor":["M","M","M","?","M","E","R","E"],"character_chosen":"DEFECT","items_purchased":[],"campfire_rested":0,"item_purchase_floors":[],"current_hp_per_floor":[68,66,57,57,40,21,21,0,0],"gold":97,"neow_bonus":"ONE_RARE_RELIC","is_daily":false,"chose_seed":false,"campfire_upgraded":1,"win_rate":0.0,"timestamp":1608830389,"path_taken":["M","M","?","?","M","E","R","E"],"items_purchased_type":[],"build_version":"2020-12-22","purchased_purges":0,"victory":false,"max_hp_per_floor":[75,75,75,75,75,85,85,85,85],"card_choices":[{"not_picked":["Redo","Chill"],"picked":"Coolheaded","floor":1.0},{"not_picked":["Beam Cell","Steam Power"],"picked":"Streamline","floor":2.0},{"not_picked":["BootSequence","Turbo"],"picked":"Sweeping Beam","floor":3.0},{"not_picked":["Force Field","Go for the Eyes"],"picked":"Chill","floor":5.0},{"not_picked":["Aggregate","Redo"],"picked":"Cold Snap","floor":6}],"player_experience":1173643,"relics_obtained":[{"floor":6,"key":"Pear"}],"event_choices":[{"damage_healed":0.0,"max_hp_gain":0.0,"max_hp_loss":0.0,"gold_gain":0.0,"event_name":"Liars Game","player_choice":"Ignored","floor":4.0,"gold_loss":0.0,"damage_taken":0.0}],"is_beta":false,"boss_relics":[],"items_purged_floors":[],"is_endless":false,"potions_floor_spawned":[2],"killed_by":"Gremlin Nob","ascension_level":13}}