{"host":"m6aaltr68g9tvoay","time":1608776780,"event":{"mods":["AchievementEnabler","BaseMod","Colored Map","Minty Spire (QoL Compilation)","StSLib"],"gold_per_floor":[118,268,278,137,137,172,172,3,3,3,36,46,66,85,85,85,85],"floor_reached":16,"playtime":337,"items_purged":[],"score":263,"play_id":"2f54fa8e-926e-41e6-aaaf-d1bb12cbc82c","local_time":"20201223182620","is_ascension_mode":true,"campfire_choices":[{"data":"Rip and Tear","floor":7,"key":"SMITH"},{"data":"Melter","floor":10,"key":"SMITH"},{"floor":15,"key":"REST"}],"circlet_count":0,"master_deck":["AscendersBane","Strike_B","Strike_B","Strike_B","Defend_B","Defend_B","Defend_B","Defend_B","Zap","Dualcast","Sweeping Beam","Doubt","Melter+1","Self Repair","Cold Snap","Coolheaded","Rip and Tear+1","White Noise+1","Redo+1","BootSequence+1","Conserve Battery+1"],"relics":["Cracked Core","NeowsBlessing","MealTicket","Membership Card","Ice Cream","Toxic Egg 2"],"acts_visited":["Exordium"],"potions_floor_usage":[16,16],"damage_taken":[{"damage":0,"enemies":"2 Louse","floor":1,"turns":1},{"damage":0,"enemies":"Small Slimes","floor":3,"turns":1},{"damage":0,"enemies":"Lagavulin","floor":6,"turns":1},{"damage":26,"enemies":"Gremlin Nob","floor":11,"turns":4},{"damage":7,"enemies":"Jaw Worm","floor":12,"turns":2},{"damage":12,"enemies":"Exordium Wildlife","floor":13,"turns":3},{"damage":0,"enemies":"Large Slime","floor":14,"turns":4},{"damage":68,"enemies":"Slime Boss","floor":16,"turns":9}],"seed_played":"5356009530760781124","potions_obtained":[{"floor":3,"key":"BlessingOfTheForge"},{"floor":12,"key":"PowerPotion"}],"is_trial":false,"path_per_floor":["M","?","M","$","?","E","R","$","T","R","E","M","M","M","R","B"],"character_chosen":"DEFECT","items_purchased":["Self Repair","Cold Snap","Membership Card"],"campfire_rested":1,"item_purchase_floors":[4,4,8],"current_hp_per_floor":[64,64,64,64,64,71,71,71,71,71,52,45,40,47,68,0,0],"gold":85,"neow_bonus":"THREE_ENEMY_KILL","is_daily":false,"chose_seed":false,"campfire_upgraded":2,"win_rate":0.0,"timestamp":1608776780,"path_taken":["M","?","M","$","?","E","R","?","T","R","E","M","M","M","R","BOSS"],"items_purchased_type":["Card","Card","Relic"],"build_version":"2020-12-22","purchased_purges":0,"victory":false,"max_hp_per_floor":[71,71,71,71,71,71,71,71,71,71,71,71,71,71,71,71,71],"card_choices":[{"not_picked":["Hologram","Redo"],"picked":"Sweeping Beam","floor":1},{"not_picked":["Cold Snap","Chill"],"picked":"Melter","floor":3},{"not_picked":["Reinforced Body","Leap"],"picked":"Rip and Tear","floor":6},{"not_picked":["Stack+1","Rebound"],"picked":"White Noise+1","floor":11},{"not_picked":["Consume+1","Go for the Eyes"],"picked":"Redo+1","floor":12},{"not_picked":["Blizzard","Rebound"],"picked":"BootSequence+1","floor":13},{"not_picked":["Fusion+1","Rip and Tear"],"picked":"Conserve Battery+1","floor":14}],"player_experience":1303241,"relics_obtained":[{"floor":6,"key":"MealTicket"},{"floor":9,"key":"Ice Cream"},{"floor":11,"key":"Toxic Egg 2"}],"event_choices":[{"damage_healed":0,"gold_gain":150,"player_choice":"AGREE","damage_taken":0,"max_hp_gain":0,"max_hp_loss":0,"event_name":"Liars Game","floor":2,"gold_loss":0,"cards_obtained":["Doubt"]},{"damage_healed":0,"gold_gain":0,"cards_transformed":["Strike_B"],"player_choice":"Change","damage_taken":0,"max_hp_gain":0,"max_hp_loss":0,"event_name":"Living Wall","floor":5,"gold_loss":0,"cards_obtained":["Coolheaded"]}],"is_beta":false,"boss_relics":[],"items_purged_floors":[],"is_endless":false,"potions_floor_spawned":[3,12,13],"killed_by":"Slime Boss","ascension_level":19}}