{"host":"zhec3g4cvsmevugl","time":1608785252,"event":{"mods":["BaseMod","BetterRewards","Minty Spire (QoL Compilation)","Relic Stats","Slay-I","StSLib"],"gold_per_floor":[117,130,130,130,55,55,91,91,167,238,252,252,285,303,303,428,428,448,29,45,70,70,70,90,110,110,141,141,176,219,234,234,358,358,374,374,395,87,87,127,127,127,127,127,147,57,80,94,94,94],"floor_reached":51,"playtime":4812,"items_purged":["Injury"],"score":975,"play_id":"2d6d8e66-f972-48e7-bb26-207fef0588ec","local_time":"20201224124732","is_ascension_mode":false,"campfire_choices":[{"floor":6,"key":"REST"},{"floor":12,"key":"REST"},{"data":"Apotheosis","floor":15,"key":"SMITH"},{"floor":23,"key":"REST"},{"data":"Ragnarok","floor":28,"key":"SMITH"},{"floor":32,"key":"REST"},{"floor":41,"key":"REST"},{"floor":49,"key":"REST"}],"circlet_count":0,"master_deck":["Strike_G+1","Strike_G+1","Strike_G+1","Strike_G+1","Strike_G+1","Defend_G+1","Defend_G+1","Defend_G+1","Defend_G+1","Defend_G+1","Survivor","Neutralize","Apotheosis+1","Poisoned Stab","Leg Sweep","Endless Agony","Storm","Consecrate","Perfected Strike","Blur","Immolate","Backflip","Quick Slash","Blind+1","Leg Sweep","Ragnarok+1","Cold Snap","Whirlwind+1","Barricade","Eviscerate","Die Die Die","BowlingBash","Madness","Madness","Immolate","Dramatic Entrance","Dark Shackles","Flame Barrier+1"],"relics":["Ring of the Snake","Lantern","Pen Nib","PrismaticShard","Golden Idol","Torii","Bottled Lightning","Omamori","Singing Bowl","SlaversCollar","Orichalcum","Bottled Tornado","MealTicket","PreservedInsect","Oddly Smooth Stone","Red Mask","SacredBark","Strange Spoon","Question Card","Bag of Marbles","White Beast Statue"],"acts_visited":["Exordium","TheCity","TheBeyond"],"potions_floor_usage":[7,7,16,16,33,33,40,40,50,50],"damage_taken":[{"damage":0,"enemies":"Jaw Worm","floor":1,"turns":3},{"damage":0,"enemies":"2 Louse","floor":2,"turns":2},{"damage":16,"enemies":"3 Sentries","floor":7,"turns":9},{"damage":1,"enemies":"Gremlin Nob","floor":10,"turns":5},{"damage":0,"enemies":"Small Slimes","floor":11,"turns":3},{"damage":0,"enemies":"Lagavulin","floor":13,"turns":6},{"damage":1,"enemies":"3 Louse","floor":14,"turns":3},{"damage":28,"enemies":"Slime Boss","floor":16,"turns":11},{"damage":0,"enemies":"Chosen","floor":18,"turns":5},{"damage":5,"enemies":"3 Byrds","floor":20,"turns":5},{"damage":11,"enemies":"Shelled Parasite and Fungi","floor":21,"turns":4},{"damage":1,"enemies":"Snake Plant","floor":24,"turns":3},{"damage":2,"enemies":"Centurion and Healer","floor":25,"turns":7},{"damage":0,"enemies":"Book of Stabbing","floor":27,"turns":5},{"damage":13,"enemies":"Slavers","floor":29,"turns":4},{"damage":0,"enemies":"Masked Bandits","floor":30,"turns":2},{"damage":1,"enemies":"3 Cultists","floor":31,"turns":5},{"damage":56,"enemies":"Collector","floor":33,"turns":10},{"damage":8,"enemies":"3 Darklings","floor":35,"turns":4},{"damage":35,"enemies":"3 Shapes","floor":37,"turns":3},{"damage":0,"enemies":"Giant Head","floor":40,"turns":6},{"damage":3,"enemies":"Sphere and 2 Shapes","floor":45,"turns":5},{"damage":22,"enemies":"Maw","floor":47,"turns":10},{"damage":7,"enemies":"3 Darklings","floor":48,"turns":3},{"damage":39,"enemies":"Awakened One","floor":50,"turns":17}],"seed_played":"8746492589710248624","potions_obtained":[{"floor":2,"key":"Block Potion"},{"floor":7,"key":"Fire Potion"},{"floor":11,"key":"GamblersBrew"},{"floor":24,"key":"Fire Potion"},{"floor":30,"key":"SmokeBomb"},{"floor":31,"key":"LiquidBronze"},{"floor":33,"key":"DistilledChaos"},{"floor":37,"key":"FearPotion"},{"floor":45,"key":"FearPotion"},{"floor":47,"key":"LiquidBronze"},{"floor":48,"key":"ColorlessPotion"}],"is_trial":false,"path_per_floor":["M","M","?","?","$","R","E","?","T","?","M","R","E","M","R","B",null,"M","$","M","M","?","R","M","M","T","E","R","E","?","M","R","B",null,"M","?","M","$","T","E","R","?","T","?","M","$","M","M","R","B",null],"character_chosen":"THE_SILENT","items_purchased":["Lantern","Pen Nib","Apotheosis","Poisoned Stab","PrismaticShard","Leg Sweep","Explosive Potion","Orichalcum","Backflip","Bottled Tornado","Strange Spoon","Die Die Die","Dramatic Entrance"],"campfire_rested":6,"item_purchase_floors":[0,0,0,0,0,0,0,19,19,19,38,38,46],"current_hp_per_floor":[45,45,31,31,31,52,36,59,59,58,58,70,72,73,73,45,74,74,74,69,58,58,74,73,71,71,71,71,60,62,61,78,22,78,72,72,39,54,54,54,78,68,68,68,67,82,60,53,78,39],"gold":94,"neow_bonus":"","is_daily":false,"chose_seed":false,"campfire_upgraded":2,"win_rate":0.0,"timestamp":1608785252,"path_taken":["M","M","?","?","$","R","E","?","T","?","M","R","E","?","R","BOSS","M","$","M","M","?","R","M","M","T","E","R","E","?","M","R","BOSS","M","?","M","$","?","E","R","?","T","?","M","$","?","M","R","BOSS"],"items_purchased_type":["Relic","Relic","Card","Card","Relic","Card","Potion","Relic","Card","Relic","Relic","Card","Card"],"build_version":"2020-12-22","purchased_purges":1,"victory":true,"max_hp_per_floor":[70,70,70,70,70,70,70,70,70,70,70,70,72,74,74,74,74,74,74,74,74,74,74,74,74,74,74,74,76,78,78,78,78,78,80,80,82,82,82,82,82,82,82,82,84,84,84,84,84,84],"relic_stats":{"Strange Spoon":[16],"Torii":64,"Singing Bowl":30,"counters":[80,376],"Golden Idol":189,"MealTicket":30,"Pen Nib":[33],"PreservedInsect":284,"Orichalcum":[96],"Question Card":4,"obtain_stats":[{"TwistedFunnel":0,"Darkstone Periapt":17,"Ice Cream":38,"Mark of the Bloom":44,"Lantern":0,"Torii":8,"Singing Bowl":20,"SacredBark":34,"Spirit Poop":48,"Juzu Bracelet":45,"Bottled Tornado":19,"Ancient Tea Set":9,"PrismaticShard":0,"Centennial Puzzle":17,"HornCleat":26,"WristBlade":34,"Pantograph":28,"MealTicket":26,"Red Mask":22,"InkBottle":46,"Ring of the Snake":0,"The Specimen":7,"Golden Idol":4,"Oddly Smooth Stone":29,"Tingsha":17,"Pen Nib":41,"PreservedInsect":27,"Omamori":10,"Letter Opener":43,"Orichalcum":19,"Question Card":39,"White Beast Statue":45,"Mercury Hourglass":0,"Calling Bell":17,"OrangePellets":28,"SlaversCollar":17,"Strange Spoon":38,"Shuriken":0,"Bag of Marbles":40,"Bottled Lightning":9},{"TwistedFunnel":31,"Darkstone Periapt":40,"Ice Cream":52,"Mark of the Bloom":53,"Lantern":55,"Torii":35,"Singing Bowl":41,"SacredBark":73,"Spirit Poop":54,"Juzu Bracelet":53,"Bottled Tornado":64,"Ancient Tea Set":35,"PrismaticShard":55,"Centennial Puzzle":40,"HornCleat":45,"WristBlade":49,"Pantograph":46,"MealTicket":68,"Red Mask":43,"InkBottle":53,"Ring of the Snake":0,"The Specimen":35,"Golden Idol":57,"Oddly Smooth Stone":70,"Tingsha":40,"Pen Nib":53,"PreservedInsect":69,"Omamori":59,"Letter Opener":53,"Orichalcum":64,"Question Card":75,"White Beast Statue":53,"Mercury Hourglass":31,"Calling Bell":40,"OrangePellets":46,"SlaversCollar":63,"Strange Spoon":75,"Shuriken":31,"Bag of Marbles":76,"Bottled Lightning":58},{"TwistedFunnel":122,"Darkstone Periapt":148,"Ice Cream":212,"Mark of the Bloom":219,"Lantern":236,"Torii":135,"Singing Bowl":152,"SacredBark":328,"Spirit Poop":221,"Juzu Bracelet":219,"Bottled Tornado":283,"Ancient Tea Set":135,"PrismaticShard":236,"Centennial Puzzle":148,"HornCleat":171,"WristBlade":199,"Pantograph":176,"MealTicket":302,"Red Mask":159,"InkBottle":219,"Ring of the Snake":0,"The Specimen":135,"Golden Idol":241,"Oddly Smooth Stone":311,"Tingsha":148,"Pen Nib":219,"PreservedInsect":307,"Omamori":255,"Letter Opener":219,"Orichalcum":283,"Question Card":335,"White Beast Statue":219,"Mercury Hourglass":122,"Calling Bell":148,"OrangePellets":176,"SlaversCollar":278,"Strange Spoon":335,"Shuriken":122,"Bag of Marbles":341,"Bottled Lightning":250}],"Ring of the Snake":[51]},"card_choices":[{"not_picked":["Thunderclap","Deadly Poison"],"picked":"Endless Agony","floor":1},{"not_picked":["Backflip","Cloak And Dagger"],"picked":"Storm","floor":2},{"not_picked":["HandOfGreed","Outmaneuver"],"picked":"Consecrate","floor":7},{"not_picked":["Gash","Prepared"],"picked":"Perfected Strike","floor":10},{"not_picked":["Echo Form","ClearTheMind"],"picked":"Blur","floor":11},{"not_picked":["Steam","FlurryOfBlows","Halt"],"picked":"Singing Bowl","floor":13},{"not_picked":["Thunderclap","Gash","FlurryOfBlows"],"picked":"Singing Bowl","floor":14},{"not_picked":["Wraith Form v2","Corruption"],"picked":"Immolate","floor":16},{"not_picked":["Cloak And Dagger","Dark Embrace"],"picked":"WheelKick","floor":18},{"not_picked":["Thunderclap+1","Blade Dance+1"],"picked":"Quick Slash","floor":20},{"not_picked":["EmptyBody","SashWhip"],"picked":"Blind+1","floor":21},{"not_picked":["Searing Blow+1","Flame Barrier"],"picked":"Leg Sweep","floor":24},{"not_picked":["Deflect","WindmillStrike"],"picked":"Ragnarok","floor":25},{"not_picked":["Warcry","Pommel Strike+1"],"picked":"Cold Snap","floor":27},{"not_picked":["Auto Shields","Worship+1","Bandage Up"],"picked":"Singing Bowl","floor":29},{"not_picked":["Darkness","Rebound","Body Slam"],"picked":"Singing Bowl","floor":30},{"not_picked":["Finisher","Chaos"],"picked":"Whirlwind+1","floor":31},{"not_picked":["Meteor Strike","Blasphemy"],"picked":"Barricade","floor":33},{"not_picked":["Compile Driver","Havoc+1","Finesse"],"picked":"Singing Bowl","floor":35},{"not_picked":["Reprogram+1","Underhanded Strike","FollowUp"],"picked":"Singing Bowl","floor":37},{"not_picked":["Headbutt","Body Slam+1","Unload"],"picked":"BowlingBash","floor":40},{"not_picked":["ThirdEye","Slice","Turbo","FollowUp"],"picked":"Singing Bowl","floor":45},{"not_picked":["Flying Knee+1","Indignation","Headbutt+1"],"picked":"Dark Shackles","floor":47},{"not_picked":["PiercingWail+1","Halt","Reflex"],"picked":"Flame Barrier+1","floor":48}],"player_experience":159523,"relics_obtained":[{"floor":7,"key":"Torii"},{"floor":9,"key":"Bottled Lightning"},{"floor":10,"key":"Omamori"},{"floor":13,"key":"Singing Bowl"},{"floor":26,"key":"MealTicket"},{"floor":27,"key":"PreservedInsect"},{"floor":29,"key":"Oddly Smooth Stone"},{"floor":30,"key":"Red Mask"},{"floor":39,"key":"Question Card"},{"floor":40,"key":"Bag of Marbles"},{"floor":43,"key":"White Beast Statue"}],"event_choices":[{"damage_healed":0,"gold_gain":0,"player_choice":"Entered Light","damage_taken":14,"max_hp_gain":0,"max_hp_loss":0,"event_name":"Shining Light","floor":3,"gold_loss":0,"cards_upgraded":["Strike_G","Defend_G"]},{"damage_healed":0,"gold_gain":0,"player_choice":"Take Wound","damage_taken":0,"relics_obtained":["Golden Idol"],"max_hp_gain":0,"max_hp_loss":0,"event_name":"Golden Idol","floor":4,"gold_loss":0,"cards_obtained":["Injury"]},{"damage_healed":23,"gold_gain":0,"player_choice":"Banana","damage_taken":0,"max_hp_gain":0,"max_hp_loss":0,"event_name":"Big Fish","floor":8,"gold_loss":0},{"damage_healed":0,"gold_gain":0,"player_choice":"Searched \u00272\u0027 times","damage_taken":0,"max_hp_gain":0,"max_hp_loss":0,"event_name":"Dead Adventurer","floor":10,"gold_loss":0},{"damage_healed":0,"gold_gain":0,"player_choice":"Simplicity","damage_taken":0,"max_hp_gain":0,"max_hp_loss":0,"event_name":"Back to Basics","floor":22,"gold_loss":0,"cards_upgraded":["Strike_G","Strike_G","Strike_G","Strike_G","Defend_G","Defend_G","Defend_G","Defend_G"]},{"damage_healed":0,"gold_gain":0,"player_choice":"Fought Bandits","damage_taken":0,"max_hp_gain":0,"max_hp_loss":0,"event_name":"Masked Bandits","floor":30,"gold_loss":0},{"cards_removed":["WheelKick"],"damage_healed":0,"gold_gain":0,"player_choice":"Took Card","damage_taken":0,"max_hp_gain":0,"max_hp_loss":0,"event_name":"NoteForYourself","floor":36,"gold_loss":0,"cards_obtained":["Eviscerate"]},{"damage_healed":0,"gold_gain":0,"player_choice":"Embrace Madness","damage_taken":10,"max_hp_gain":0,"max_hp_loss":0,"event_name":"Winding Halls","floor":42,"gold_loss":0,"cards_obtained":["Madness","Madness"]},{"damage_healed":0,"gold_gain":0,"player_choice":"Copied","damage_taken":0,"max_hp_gain":0,"max_hp_loss":0,"event_name":"Duplicator","floor":44,"gold_loss":0,"cards_obtained":["Immolate"]}],"is_beta":false,"boss_relics":[{"not_picked":["Ring of the Serpent","Tiny House"],"picked":"SlaversCollar"},{"not_picked":["HoveringKite","Pandora\u0027s Box"],"picked":"SacredBark"}],"items_purged_floors":[5],"is_endless":false,"potions_floor_spawned":[2,7,11,24,30,31,33,37,45,47,48],"ascension_level":0}}