{"host":"34dziau2azxd7ce3","time":1608817834,"event":{"mods":["ATMod(°¢èªMod)","Act Like it!","BaseMod","Minty Spire (QoL Compilation)","Replay The Spire","Robot Space Explorer","RumiaBox-Â¶Ã×æ«µÄÉñÃØºÐ×Ó","StSLib","SuperFastMode","TestMod","¡¾ÒÅÎï¿¨ÅÆ¡¿REMEMod"],"gold_per_floor":[144,144,163,11,86,116,134,134,134,145,175,100,115,15,15,119,119,135,135,135,135,155,155,181,26,100,163,163,201,401,507,507,684,684,725,880,982,589,734,793,793,845,890,890,973,1083,933,972,972,1097,1097,1097,185,268,293],"floor_reached":56,"playtime":2253,"items_purged":["RobotSpaceExplorer:Strike","RobotSpaceExplorer:Defend","RobotSpaceExplorer:DroneSwarm+1","RobotSpaceExplorer:Strike+1"],"score":1636,"play_id":"dd3fda6e-ae59-453d-80e0-49d062cb09c6","local_time":"20201224215034","is_ascension_mode":false,"campfire_choices":[{"floor":8,"key":"RECALL"},{"floor":15,"key":"REST"},{"data":"RobotSpaceExplorer:Multitool","floor":23,"key":"SMITH"},{"floor":28,"key":"REST"},{"data":"RobotSpaceExplorer:GearShield","floor":32,"key":"SMITH"},{"floor":41,"key":"REST"},{"floor":44,"key":"REST"},{"floor":49,"key":"REST"},{"floor":52,"key":"REST"}],"circlet_count":0,"master_deck":["RobotSpaceExplorer:Scan+1","AT_FamilyPortrait+1","Seek+1","RobotSpaceExplorer:StarLightning+1","RobotSpaceExplorer:ShockMissile+1","RobotSpaceExplorer:Fix+1","RobotSpaceExplorer:Probe+1","RobotSpaceExplorer:Multitool+1","RobotSpaceExplorer:StarLightning+1","RobotSpaceExplorer:ChargingLaser+1","RobotSpaceExplorer:GlueShot+1","RobotSpaceExplorer:GearShield+1","RobotSpaceExplorer:GearShield+1","RobotSpaceExplorer:ShockMissile+1","RobotSpaceExplorer:ShockMissile+1","RobotSpaceExplorer:Pulsar+1","RobotSpaceExplorer:Probe+1","RobotSpaceExplorer:Ammunition+1","RobotSpaceExplorer:TrailblazerForm+1","RobotSpaceExplorer:ScrapMissile+1","testmod-AutoReboundSystem+1"],"relics":["RobotSpaceExplorer:RoboCore","testmod-TestBox","REME_ComplimentaryCards","AT_ATBox","testmod-BloodSacrificeSpiritualization","NeowsBlessing","Lee\u0027s Waffle","Centennial Puzzle","testmod-Brilliant","Molten Egg 2","AT_TrinityForce","MagicDraw2","Durian","AT_MibuBalloonWealth","AT_BellowingDragoncrestRing","AT_Kusabimaru","MagicDraw1","Red Mask","Busted Crown","testmod-ConstraintPeriapt","Replay:Baseball","testmod-HeartOfStrike","Happy Flower","Replay:PocketPolymizer","Replay:Accelerometer","Strawberry","ReplayTheSpireMod:Lightbulb","Medical Kit","HornCleat","testmod-RealStoneCalender","AT_ForceNature"],"acts_visited":["Exordium","TheCity","TheBeyond","TheEnding"],"potions_floor_usage":[16,16,45,45,55,55,55],"damage_taken":[{"damage":7,"enemies":"Small Slimes","floor":1,"turns":3},{"damage":7,"enemies":"Cultist","floor":3,"turns":1},{"damage":8,"enemies":"Gremlin Nob","floor":6,"turns":1},{"damage":8,"enemies":"Jaw Worm","floor":7,"turns":1},{"damage":8,"enemies":"Exordium Thugs","floor":10,"turns":1},{"damage":10,"enemies":"3 Sentries","floor":11,"turns":3},{"damage":8,"enemies":"Looter","floor":13,"turns":1},{"damage":33,"enemies":"Fading Forest","floor":16,"turns":11},{"damage":8,"enemies":"Shell Parasite","floor":18,"turns":2},{"damage":8,"enemies":"Spheric Guardian","floor":22,"turns":1},{"damage":8,"enemies":"Book of Stabbing","floor":24,"turns":2},{"damage":8,"enemies":"Centurion and Healer","floor":27,"turns":2},{"damage":0,"enemies":"Snecko","floor":29,"turns":2},{"damage":8,"enemies":"Colosseum Slavers","floor":30,"turns":1},{"damage":8,"enemies":"Colosseum Nobs","floor":30,"turns":2},{"damage":8,"enemies":"Masked Bandits","floor":31,"turns":1},{"damage":8,"enemies":"Automaton","floor":33,"turns":6},{"damage":8,"enemies":"Orb Walker","floor":35,"turns":1},{"damage":13,"enemies":"Mind Bloom Boss Battle","floor":36,"turns":4},{"damage":8,"enemies":"2 Orb Walkers","floor":37,"turns":2},{"damage":8,"enemies":"3 Darklings","floor":39,"turns":1},{"damage":8,"enemies":"Nemesis","floor":40,"turns":1},{"damage":8,"enemies":"R_Hoarder","floor":42,"turns":2},{"damage":21,"enemies":"Nemesis","floor":45,"turns":3},{"damage":0,"enemies":"4 Shapes","floor":46,"turns":1},{"damage":9,"enemies":"Spire Growth","floor":48,"turns":2},{"damage":22,"enemies":"Awakened One","floor":50,"turns":6},{"damage":0,"enemies":"Shield and Spear","floor":54,"turns":4},{"damage":7,"enemies":"The Heart","floor":55,"turns":3}],"seed_played":"-8146095582513181416","potions_obtained":[{"floor":1,"key":"Dexterity Potion"},{"floor":3,"key":"Milkshake"},{"floor":11,"key":"Explosive Potion"},{"floor":16,"key":"LiquidBronze"},{"floor":22,"key":"Regen Potion"},{"floor":24,"key":"Dexterity Potion"},{"floor":42,"key":"REME_GoldPotion"},{"floor":54,"key":"CultistPotion"}],"is_trial":false,"path_per_floor":["M","?","M","$","T","E","M","R","T","M","E","$","M","$","R","B",null,"M","?","?","?","M","R","E","$","T","M","R","M","?","?","R","B",null,"M","?","?","$","M","E","R","E","T","R","E","M","$","M","R","B",null,"R","$","E","B",null],"character_chosen":"RobotSpaceExplorer","items_purchased":["Lee\u0027s Waffle","AT_MibuBalloonWealth","Happy Flower","RobotSpaceExplorer:ShockMissile+1","Medical Kit","HornCleat","testmod-RealStoneCalender","testmod-AutoReboundSystem","Strength Potion"],"campfire_rested":6,"item_purchase_floors":[4,25,38,38,53,53,53,53,53],"current_hp_per_floor":[68,68,61,82,82,74,66,66,66,58,48,48,40,40,64,55,82,78,78,78,78,74,74,77,77,77,69,87,87,71,63,63,67,87,79,72,65,65,57,55,81,73,80,94,80,80,80,77,94,82,94,94,94,94,91],"gold":293,"neow_bonus":"THREE_ENEMY_KILL","is_daily":false,"chose_seed":false,"campfire_upgraded":2,"win_rate":0.0,"timestamp":1608817834,"path_taken":["M","?","M","$","?","E","?","R","T","M","E","$","M","$","R","BOSS","M","?","?","?","M","R","E","$","T","M","R","?","?","?","R","BOSS","M","?","?","$","M","E","R","E","T","R","E","M","$","M","R","BOSS","R","$","E","BOSS"],"items_purchased_type":["Relic","Relic","Relic","Card","Relic","Relic","Relic","Card","Potion"],"build_version":"2020-12-22","purchased_purges":4,"victory":true,"max_hp_per_floor":[75,75,75,82,82,82,82,82,82,82,82,82,82,82,82,82,82,82,82,82,82,82,82,87,87,87,87,87,87,87,87,87,87,87,87,87,87,87,87,87,87,87,94,94,94,94,94,94,94,94,94,94,94,94,94],"card_choices":[{"not_picked":["RobotSpaceExplorer:MetalStrike","RobotSpaceExplorer:ShovelStrike","RobotSpaceExplorer:LaserBurst"],"picked":"SKIP","floor":1},{"not_picked":["RobotSpaceExplorer:FranticSearch","RobotSpaceExplorer:ToxicBomb","RobotSpaceExplorer:Probe"],"picked":"SKIP","floor":3},{"not_picked":["RobotSpaceExplorer:SlimeMissile","RobotSpaceExplorer:MetalStrike"],"picked":"RobotSpaceExplorer:StarLightning","floor":6},{"not_picked":["RobotSpaceExplorer:ShovelStrike","RobotSpaceExplorer:FranticSearch","RobotSpaceExplorer:SurgingStrike"],"picked":"SKIP","floor":7},{"not_picked":["RobotSpaceExplorer:MakeshiftVolley","RobotSpaceExplorer:StunGrenade"],"picked":"RobotSpaceExplorer:ShockMissile","floor":10},{"not_picked":["RobotSpaceExplorer:ShovelStrike+1","RobotSpaceExplorer:GlueSpray","RobotSpaceExplorer:JunkDive"],"picked":"SKIP","floor":11},{"not_picked":["RobotSpaceExplorer:ShockKick+1","RobotSpaceExplorer:JunkDive"],"picked":"RobotSpaceExplorer:Fix","floor":13},{"not_picked":["RobotSpaceExplorer:Accelerator","RobotSpaceExplorer:Wormhole"],"picked":"RobotSpaceExplorer:Exploration","floor":16},{"not_picked":["RobotSpaceExplorer:Counterblock","RobotSpaceExplorer:ImprovisedAttack+1","RobotSpaceExplorer:SwiftStep"],"picked":"SKIP","floor":18},{"not_picked":["RobotSpaceExplorer:Electroshield","RobotSpaceExplorer:ScrapMissile+1"],"picked":"RobotSpaceExplorer:StarLightning+1","floor":22},{"not_picked":["RobotSpaceExplorer:ShovelStrike+1","RobotSpaceExplorer:StarDust"],"picked":"RobotSpaceExplorer:ChargingLaser+1","floor":24},{"not_picked":["RobotSpaceExplorer:LaserBurst+1","RobotSpaceExplorer:ShovelStrike+1","RobotSpaceExplorer:SurgingShield"],"picked":"SKIP","floor":27},{"not_picked":["RobotSpaceExplorer:SwiftStep","RobotSpaceExplorer:Calculate"],"picked":"RobotSpaceExplorer:GlueShot","floor":29},{"not_picked":["RobotSpaceExplorer:DoubleBlock","RobotSpaceExplorer:SurgingShield"],"picked":"RobotSpaceExplorer:GearShield","floor":30},{"not_picked":["RobotSpaceExplorer:Electropulse+1","RobotSpaceExplorer:Ammunition"],"picked":"RobotSpaceExplorer:GearShield","floor":31},{"not_picked":["RobotSpaceExplorer:ShockMissile+1","RobotSpaceExplorer:Arsenal"],"picked":"RobotSpaceExplorer:Exploration","floor":33},{"not_picked":["RobotSpaceExplorer:FreezingShield"],"picked":"SKIP","floor":35},{"not_picked":["RobotSpaceExplorer:Ammunition"],"picked":"SKIP","floor":39},{"not_picked":[],"picked":"RobotSpaceExplorer:Pulsar+1","floor":40},{"not_picked":["RobotSpaceExplorer:FrostMissile+1"],"picked":"SKIP","floor":42},{"not_picked":["RobotSpaceExplorer:Reload+1"],"picked":"SKIP","floor":45},{"not_picked":[],"picked":"RobotSpaceExplorer:TrailblazerForm","floor":46},{"not_picked":["RobotSpaceExplorer:Probe+1"],"picked":"SKIP","floor":48},{"not_picked":["RobotSpaceExplorer:DoubleFind"],"picked":"SKIP","floor":54}],"player_experience":638650,"relics_obtained":[{"floor":6,"key":"Centennial Puzzle"},{"floor":9,"key":"testmod-Brilliant"},{"floor":11,"key":"Molten Egg 2"},{"floor":18,"key":"MagicDraw2"},{"floor":24,"key":"Durian"},{"floor":26,"key":"AT_BellowingDragoncrestRing"},{"floor":30,"key":"AT_Kusabimaru"},{"floor":30,"key":"MagicDraw1"},{"floor":31,"key":"Red Mask"},{"floor":36,"key":"testmod-ConstraintPeriapt"},{"floor":36,"key":"Replay:Baseball"},{"floor":37,"key":"testmod-HeartOfStrike"},{"floor":40,"key":"Replay:PocketPolymizer"},{"floor":42,"key":"Replay:Accelerometer"},{"floor":43,"key":"Strawberry"},{"floor":45,"key":"ReplayTheSpireMod:Lightbulb"},{"floor":54,"key":"AT_ForceNature"}],"event_choices":[{"damage_healed":0,"gold_gain":0,"player_choice":"Ignored","damage_taken":0,"max_hp_gain":0,"max_hp_loss":0,"event_name":"NoteForYourself","floor":2,"gold_loss":0},{"damage_healed":0,"gold_gain":0,"cards_transformed":["RobotSpaceExplorer:Strike","RobotSpaceExplorer:Defend"],"player_choice":"Became Test Subject","damage_taken":0,"max_hp_gain":0,"max_hp_loss":0,"event_name":"Drug Dealer","floor":19,"gold_loss":0,"cards_obtained":["RobotSpaceExplorer:Probe","RobotSpaceExplorer:Multitool"]},{"damage_healed":0,"gold_gain":0,"player_choice":"Read","damage_taken":0,"max_hp_gain":0,"max_hp_loss":0,"event_name":"The Library","floor":20,"gold_loss":0,"cards_obtained":["RobotSpaceExplorer:DroneSwarm"]},{"cards_removed":["RobotSpaceExplorer:Defend"],"damage_healed":0,"gold_gain":0,"player_choice":"Offered Basic","damage_taken":0,"max_hp_gain":0,"max_hp_loss":0,"event_name":"Bonfire Elementals","floor":21,"gold_loss":0},{"damage_healed":0,"gold_gain":0,"player_choice":"Fight","damage_taken":0,"max_hp_gain":0,"max_hp_loss":0,"event_name":"Colosseum","floor":30,"gold_loss":0},{"damage_healed":0,"gold_gain":0,"player_choice":"Fought Nobs","damage_taken":0,"max_hp_gain":0,"max_hp_loss":0,"event_name":"Colosseum","floor":30,"gold_loss":0},{"damage_healed":0,"gold_gain":0,"player_choice":"Fought Bandits","damage_taken":0,"max_hp_gain":0,"max_hp_loss":0,"event_name":"Masked Bandits","floor":31,"gold_loss":0},{"damage_healed":0,"gold_gain":0,"player_choice":"Fight","damage_taken":0,"max_hp_gain":0,"max_hp_loss":0,"event_name":"MindBloom","floor":36,"gold_loss":0},{"damage_healed":0,"gold_gain":0,"player_choice":"Fight","damage_taken":0,"max_hp_gain":0,"max_hp_loss":0,"event_name":"Mysterious Sphere","floor":37,"gold_loss":0}],"is_beta":false,"boss_relics":[{"not_picked":["Snecko Eye","testmod-BatchProcessingSystem"],"picked":"AT_TrinityForce"},{"not_picked":["testmod-DeterminationOfClimber","Cursed Key"],"picked":"Busted Crown"}],"items_purged_floors":[12,14,38,47],"is_endless":false,"potions_floor_spawned":[1,3,11,16,22,24,27,31,33,36,39,40,42,54],"ascension_level":0}}