{"host":"djfsqftupta9xgss","time":1608815413,"event":{"mods":["ATMod(°¢èªMod)","Act Like it!","BaseMod","Gensokyo","Minty Spire (QoL Compilation)","MostiFishMod","Replay The Spire","Spicy Shops","StSLib","TestMod"],"gold_per_floor":[118,136,149,149,165,195,42,69,121,135,164,164,191,204,204,278,278,290,308,319,319,719,750,105,134,160,436,462,412,429,379,379,452,452,467,482,432,382,382,442,500,559,559,509,562,602,656,694,694,719,844],"floor_reached":52,"playtime":3875,"items_purged":["Strike_B","Strike_B","Defend_B","Defend_B","Defend_B","Zap"],"score":2746,"play_id":"3f1ad812-3432-40f2-b3f3-5b00d2c75b74","local_time":"20201224211013","is_ascension_mode":true,"campfire_choices":[{"data":"Strike_B","floor":15,"key":"PURGE"},{"floor":32,"key":"DIG"},{"floor":49,"key":"DIG"}],"circlet_count":0,"master_deck":["AscendersBane","Strike_B+1","Defend_B+1","Dualcast","AT_FamilyPortrait+1","Aggregate","White Noise","Stack","Chill+1","Compile Driver+1","MostiFishMod:LinkProtocol","MostiFishMod:GatherIntelligence","AT_DarkMatter","Tempest","Reboot","Heatsinks","MostiFishMod:TalkingToTheRain","Hologram","Chill","Seek","AT_DarkMatter","AT_WaterDrop","Stack+1","MostiFishMod:GatherIntelligence","AT_ThreeBodyProblem","Skim+1","Storm","MostiFishMod:Prepare","Capacitor","Skim","Capacitor","Defragment","Recycle","Creative AI","Hologram","Glacier","Coolheaded","Steam Power","Recycle","Clumsy","AT_DarkMatter","Recycle+1","Turbo","Regret","testmod-EternalityOfKhronos+1","Skim+1","All For One+1","Capacitor+1","Recycle","Compile Driver"],"relics":["DaveBox","testmod-TestBox","DianDianMeat","testmod-NegativeEmotionEnhancer","ChiXiaoBlade","SynthV:TestCard","Gensokyo:PortableGap","White Beast Statue","Replay:Wax Seal","Omamori","InkBottle","Gensokyo:NagashiBinaDoll","Bottled Lightning","DiscerningMonocle","Smiling Mask","TimeFreeze","ChiLing","Chi","Ling","OrangePellets","Carrot","Kunai","Torii","Boot","AT_BladeRuinedKing","Raider\u0027s Mask","Medical Kit","ReplayTheSpireMod:Shallot","War Paint","Membership Card","CaptainsWheel","Ice Cream","Oddly Smooth Stone","Whetstone","Orrery","ReplayTheSpireMod:Lightbulb","Replay:Multitool","HereWithMe","TheAbacus","Pondfish Scales","SynthV","Pear","Ancient Tea Set","Eternal Feather","Strange Spoon","AT_MibuBalloonWealth","testmod-OneHitWonder","Mirror","ReplayTheSpireMod:TigerMarble","Dodecahedron","Garlic","testmod-IndustrialRevolution","PreservedInsect","testmod-HeartOfStrike","AT_EbonyIvory","testmod-LifeArmor","BrkXgEgg","ArrowTower","testmod-TurbochargingSystem","Technique","AT_ChloranthyRing","SynthV:C4","Replay:WaspNest"],"acts_visited":["Exordium","Gensokyo:Gensokyo","TheBeyond"],"potions_floor_usage":[8,10,11,13,16,20,23,33,44],"damage_taken":[{"damage":21.0,"enemies":"Gensokyo:3_Fairies","floor":1.0,"turns":5.0},{"damage":10.0,"enemies":"Gensokyo:2_Kodama","floor":2.0,"turns":4.0},{"damage":8.0,"enemies":"Gensokyo:Gryphon","floor":3.0,"turns":3.0},{"damage":13.0,"enemies":"Gensokyo:2_Rabbits","floor":5.0,"turns":4.0},{"damage":5.0,"enemies":"Gensokyo:Mamizou","floor":6.0,"turns":9.0},{"damage":31,"enemies":"Gensokyo:Cirno","floor":8,"turns":9},{"damage":0,"enemies":"Gensokyo:3_Kodama","floor":10,"turns":1},{"damage":20,"enemies":"Gensokyo:Aya","floor":11,"turns":6},{"damage":0,"enemies":"Gensokyo:Cirno","floor":13,"turns":4},{"damage":1,"enemies":"Gensokyo:Kitsune","floor":14,"turns":4},{"damage":34,"enemies":"Gensokyo:Yukari","floor":16,"turns":11},{"damage":32,"enemies":"Gensokyo:3_Dogs","floor":18,"turns":7},{"damage":3,"enemies":"Gensokyo:CosmicMonolith","floor":19,"turns":3},{"damage":17,"enemies":"Gensokyo:Wraith","floor":20,"turns":5},{"damage":40,"enemies":"Gensokyo:Reisen","floor":23,"turns":9},{"damage":64,"enemies":"Gensokyo:Koishi","floor":25,"turns":7},{"damage":3,"enemies":"Gensokyo:Reisen","floor":27,"turns":5},{"damage":15,"enemies":"Gensokyo:Tenshi","floor":28,"turns":4},{"damage":2,"enemies":"Gensokyo:Slime_Group","floor":30,"turns":3},{"damage":67,"enemies":"Gensokyo:Eternal_Rivals","floor":33,"turns":5},{"damage":2,"enemies":"3 Darklings","floor":35,"turns":2},{"damage":2,"enemies":"3 Shapes","floor":36,"turns":2},{"damage":16,"enemies":"R_Hoarder","floor":40,"turns":3},{"damage":2,"enemies":"Nemesis","floor":41,"turns":3},{"damage":3,"enemies":"R_Hoarder","floor":42,"turns":3},{"damage":2,"enemies":"Giant Head","floor":45,"turns":3},{"damage":2,"enemies":"Spire Growth","floor":46,"turns":2},{"damage":1,"enemies":"R_Hoarder","floor":47,"turns":3},{"damage":2,"enemies":"Writhing Mass","floor":48,"turns":2},{"damage":1,"enemies":"Time Eater","floor":50,"turns":4},{"damage":2,"enemies":"Awakened One","floor":51,"turns":4}],"seed_played":"1262212254439046437","potions_obtained":[{"floor":1.0,"key":"FearPotion"},{"floor":6.0,"key":"Block Potion"},{"floor":8,"key":"SkillPotion"},{"floor":10,"key":"SpeedPotion"},{"floor":11,"key":"Explosive Potion"},{"floor":13,"key":"BlessingOfTheForge"},{"floor":16,"key":"Explosive Potion"},{"floor":19,"key":"FocusPotion"},{"floor":20,"key":"Strength Potion"},{"floor":23,"key":"Strength Potion"},{"floor":33,"key":"Strength Potion"},{"floor":35,"key":"Energy Potion"},{"floor":36,"key":"Reflective Coating"},{"floor":40,"key":"EntropicBrew"},{"floor":45,"key":"PotionOfCapacity"}],"is_trial":false,"path_per_floor":["M","M","M","?","M","E","$","E","T","M","E","?","E","M","R","B",null,"M","M","M","?","?","E","COS","E","T","E","E","$","M","$","R","B",null,"M","M","$","$","?","E","E","E","T","$","E","M","E","M","R","B","B",null],"character_chosen":"DEFECT","items_purchased":["MostiFishMod:LinkProtocol","AT_BladeRuinedKing","Raider\u0027s Mask","Medical Kit","ReplayTheSpireMod:Shallot","Storm","War Paint","Membership Card","CaptainsWheel","Ice Cream","Oddly Smooth Stone","Whetstone","Capacitor","Orrery","testmod-SpacePotion","TheAbacus","Pondfish Scales","SynthV","Pear","Ancient Tea Set","Eternal Feather","Coolheaded","Steam Power","EssenceOfDarkness","SkillPotion","Strange Spoon","AT_MibuBalloonWealth","testmod-OneHitWonder","Mirror","ReplayTheSpireMod:TigerMarble","Dodecahedron","AT_EbonyIvory","testmod-LifeArmor","BrkXgEgg","ArrowTower","testmod-TurbochargingSystem","testmod-SpacePotion","testmod-EternalityOfKhronos+1","Skim","Technique","Adrenaline Potion","BlessingOfTheForge"],"campfire_rested":0,"item_purchase_floors":[7,29,29,29,29,29,29,31,31,31,31,31,31,31,31,37,37,37,37,37,37,37,37,37,37,38,38,38,38,38,38,44,44,44,44,44,44,44,44,44,44,44],"current_hp_per_floor":[51,46,43,43,37,39,45,32,32,44,35,35,56,68,68,48,121,106,119,119,135,135,122,200,183,183,212,224,250,278,428,428,397,568,607,644,727,727,804,830,871,912,912,1044,1090,1143,1192,1241,1271,1272,1276],"gold":844,"neow_bonus":"BOSS_RELIC","is_daily":false,"chose_seed":false,"campfire_upgraded":0,"win_rate":0.0,"timestamp":1608815413,"path_taken":["M","M","?","?","M","E","?","E","T","M","E","?","E","?","R","BOSS","M","?","?","?","?","E","COS","E","T","E","E","$","M","$","R","BOSS","M","?","$","$","?","E","E","E","T","$","E","?","E","M","R","BOSS","BOSS"],"items_purchased_type":["Card","Relic","Relic","Relic","Relic","Card","Relic","Relic","Relic","Relic","Relic","Relic","Card","Relic","Potion","Relic","Relic","Relic","Relic","Relic","Relic","Card","Card","Potion","Potion","Relic","Relic","Relic","Relic","Relic","Relic","Relic","Relic","Relic","Relic","Relic","Potion","Card","Card","Relic","Potion","Potion"],"build_version":"2020-12-22","purchased_purges":6,"victory":true,"max_hp_per_floor":[73,76,80,68,73,79,85,93,93,102,112,109,120,132,132,145,145,159,174,190,206,206,221,299,342,342,364,387,413,441,591,591,625,625,660,696,776,776,850,888,927,967,967,1096,1143,1191,1240,1290,1290,1291,1292],"card_choices":[{"not_picked":["Coolheaded","Self Repair"],"picked":"Aggregate","floor":1.0},{"not_picked":["Beam Cell","Lockon","MostiFishMod:PushDownKick","Chill"],"picked":"White Noise","floor":2.0},{"not_picked":["Scrape","Conserve Battery","MostiFishMod:PushDownKick","Self Repair"],"picked":"Stack","floor":3.0},{"not_picked":["Barrage","Rip and Tear","Beam Cell","Stack"],"picked":"Chill","floor":5.0},{"not_picked":["Cold Snap","Steam Power","Blizzard","Sweeping Beam"],"picked":"Compile Driver","floor":6.0},{"not_picked":["Auto Shields","MostiFishMod:StarOceanB","MostiFishMod:Nova","Redo"],"picked":"MostiFishMod:GatherIntelligence","floor":8},{"not_picked":["Rebound","Barrage","Compile Driver","Ball Lightning"],"picked":"AT_DarkMatter","floor":10},{"not_picked":["Sunder","Doom and Gloom","Streamline","Steam Power"],"picked":"Tempest","floor":11},{"not_picked":["Loop","Skim","Redo","Coolheaded"],"picked":"Reboot","floor":13},{"not_picked":["AT_HeatAcrobatics","Turbo","Stack","Coolheaded"],"picked":"Heatsinks","floor":14},{"not_picked":["MostiFishMod:Tomorrow","MostiFishMod:Distribution","Rainbow","Amplify"],"picked":"MostiFishMod:TalkingToTheRain","floor":16},{"not_picked":["Lockon","Fusion","Rebound","AT_HeatAcrobatics"],"picked":"Hologram","floor":18},{"not_picked":["MostiFishMod:FluxCapactior","Steam","Redo","MostiFishMod:PushDownKick"],"picked":"Chill","floor":19},{"not_picked":["AT_WarpDrive","Hologram","Steam","Stack"],"picked":"Seek","floor":20},{"not_picked":["Beam Cell","Redo","MostiFishMod:FluxCapactior","Aggregate"],"picked":"AT_WaterDrop","floor":23},{"not_picked":["FTL+1","AT_HeatAcrobatics+1","Beam Cell+1","Steam+1"],"picked":"Stack+1","floor":25},{"not_picked":["Redo","Streamline","Hologram","Fusion"],"picked":"MostiFishMod:GatherIntelligence","floor":25},{"not_picked":["AT_RobotInSpace","Rebound","BootSequence","Cold Snap"],"picked":"AT_ThreeBodyProblem","floor":27},{"not_picked":["Steam+1","Redo","AT_RobotInSpace+1","Hologram"],"picked":"Skim+1","floor":28},{"not_picked":["Coolheaded","Leap","Static Discharge","Turbo"],"picked":"MostiFishMod:Prepare","floor":30},{"not_picked":["AT_EMC2+1","Auto Shields","Blizzard","Darkness"],"picked":"Skim","floor":31},{"not_picked":["Steam+1","AT_EMC2","Cold Snap+1","Compile Driver"],"picked":"Capacitor","floor":31},{"not_picked":["AT_ThreeBodyProblem","Stack","Gash","All For One"],"picked":"Defragment","floor":31},{"not_picked":["Rebound","Steam","Go for the Eyes","MostiFishMod:SeaWaves"],"picked":"Recycle","floor":31},{"not_picked":["MostiFishMod:Distribution","MostiFishMod:Exploitation","Hyperbeam","MostiFishMod:StarOceanB"],"picked":"Creative AI","floor":33},{"not_picked":["MostiFishMod:PushDownKick","Stack","Reprogram","Cold Snap"],"picked":"Hologram","floor":35},{"not_picked":["Blizzard","Hello World","Sunder+1","Scrape"],"picked":"Glacier","floor":36},{"not_picked":["MostiFishMod:FluxCapactior","Sunder+1","Streamline","Fusion"],"picked":"AT_DarkMatter","floor":40},{"not_picked":["Scrape","Turbo","Hello World","Reinforced Body"],"picked":"Recycle+1","floor":41},{"not_picked":["MostiFishMod:IceShield","Streamline","Reinforced Body","Cold Snap+1"],"picked":"Turbo","floor":42},{"not_picked":["Go for the Eyes","Storm+1","Doom and Gloom","AT_ThunderBolt"],"picked":"All For One+1","floor":45},{"not_picked":["Turbo+1","Cold Snap","Gash","Stack"],"picked":"Capacitor+1","floor":46},{"not_picked":["MostiFishMod:Exploitation+1","Cold Snap","AT_RobotInSpace","Reinforced Body"],"picked":"Recycle","floor":47},{"not_picked":["Hologram+1","Consume","Streamline","Gash"],"picked":"Compile Driver","floor":48}],"player_experience":328807,"relics_obtained":[{"floor":1.0,"key":"SynthV:TestCard"},{"floor":6.0,"key":"White Beast Statue"},{"floor":8,"key":"Replay:Wax Seal"},{"floor":9,"key":"Omamori"},{"floor":11,"key":"InkBottle"},{"floor":13,"key":"Bottled Lightning"},{"floor":23,"key":"Smiling Mask"},{"floor":25,"key":"Carrot"},{"floor":27,"key":"Kunai"},{"floor":28,"key":"Boot"},{"floor":32,"key":"ReplayTheSpireMod:Lightbulb"},{"floor":40,"key":"Garlic"},{"floor":41,"key":"testmod-IndustrialRevolution"},{"floor":42,"key":"PreservedInsect"},{"floor":43,"key":"testmod-HeartOfStrike"},{"floor":45,"key":"AT_ChloranthyRing"},{"floor":47,"key":"SynthV:C4"},{"floor":49,"key":"Replay:WaspNest"}],"event_choices":[{"damage_healed":0,"gold_gain":400,"player_choice":"Sell","damage_taken":0,"max_hp_gain":0,"max_hp_loss":0,"event_name":"¶÷ÂåË¹µÄÅÌ×Ó","floor":22,"relics_lost":["AT_ATBox"],"gold_loss":0},{"damage_healed":0,"gold_gain":0,"player_choice":"2 cards matched","damage_taken":0,"max_hp_gain":0,"max_hp_loss":0,"event_name":"Match and Keep!","floor":39,"gold_loss":0,"cards_obtained":["Recycle","Clumsy"]}],"is_beta":false,"boss_relics":[{"not_picked":["testmod-BloodSacrificeSpiritualization","FixedStarFall"],"picked":"DiscerningMonocle"},{"not_picked":["Replay:Bronze Core","Velvet Choker"],"picked":"HereWithMe"}],"items_purged_floors":[7,29,31,37,38,44],"is_endless":false,"potions_floor_spawned":[1,6,8,10,11,13,14,16,18,19,20,23,25,27,28,30,33,35,36,40,41,42,45,46,47,48],"ascension_level":20}}