{"host":"diy71vlueofrnn1o","time":1608810947,"event":{"mods":["2.2 Compatiblity","AchievementEnabler","BaseMod","Best Route Mod","Colored Map","Curses Come First","DeckTracker","Minty Spire (QoL Compilation)","Quick Restart","Rare Cards Sparkle","StSLib","SuperFastMode"],"gold_per_floor":[111,14,31,46,57,57,76,105,105,105,105],"floor_reached":10,"playtime":465,"items_purged":["Strike_G"],"score":98,"play_id":"b9988d0d-b9b8-4992-b4a0-9ab506cf10b6","local_time":"20201224125547","is_ascension_mode":true,"campfire_choices":[{"data":"Choke","floor":6,"key":"SMITH"}],"circlet_count":0,"master_deck":["Strike_G","Strike_G","Strike_G","Strike_G","Defend_G","Defend_G","Defend_G","Defend_G","Defend_G","Survivor","Neutralize","Blade Dance","Deadly Poison","Dagger Throw","Sucker Punch","Choke+1","Flying Knee"],"relics":["Ring of the Snake","NeowsBlessing","Bag of Marbles","Art of War"],"acts_visited":["Exordium"],"potions_floor_usage":[8,10],"damage_taken":[{"damage":0,"enemies":"2 Louse","floor":1,"turns":1},{"damage":0,"enemies":"Cultist","floor":3,"turns":1},{"damage":0,"enemies":"Jaw Worm","floor":4,"turns":1},{"damage":5,"enemies":"2 Fungi Beasts","floor":5,"turns":4},{"damage":19,"enemies":"Lots of Slimes","floor":7,"turns":5},{"damage":34,"enemies":"3 Sentries","floor":8,"turns":9},{"damage":24,"enemies":"Gremlin Nob","floor":10,"turns":4}],"seed_played":"-2514725296790305625","potions_obtained":[{"floor":7,"key":"Regen Potion"},{"floor":8,"key":"Block Potion"}],"is_trial":false,"path_per_floor":["M","$","M","M","M","R","M","E","T","E"],"character_chosen":"THE_SILENT","items_purchased":["Deadly Poison"],"campfire_rested":0,"item_purchase_floors":[2],"current_hp_per_floor":[63,63,63,63,58,58,39,20,20,0,0],"gold":105,"neow_bonus":"THREE_ENEMY_KILL","is_daily":false,"chose_seed":false,"campfire_upgraded":1,"win_rate":0.0,"timestamp":1608810947,"path_taken":["M","$","M","M","M","R","M","E","T","E"],"items_purchased_type":["Card"],"build_version":"2020-12-22","purchased_purges":1,"victory":false,"max_hp_per_floor":[70,70,70,70,70,70,70,70,70,70,70],"card_choices":[{"not_picked":["Bane","Flechettes"],"picked":"Blade Dance","floor":1},{"not_picked":["Prepared","Quick Slash"],"picked":"Dagger Throw","floor":3},{"not_picked":["Dagger Throw","Cloak And Dagger"],"picked":"Sucker Punch","floor":4},{"not_picked":["Reflex","Deflect"],"picked":"Choke","floor":5},{"not_picked":["Deflect","Dagger Throw","Eviscerate"],"picked":"SKIP","floor":7},{"not_picked":["Unload","Bane"],"picked":"Flying Knee","floor":8}],"player_experience":393989,"relics_obtained":[{"floor":8,"key":"Bag of Marbles"},{"floor":9,"key":"Art of War"}],"event_choices":[],"is_beta":false,"boss_relics":[],"items_purged_floors":[2],"is_endless":false,"potions_floor_spawned":[7,8],"killed_by":"Gremlin Nob","ascension_level":8}}