{"host":"Charlie","time":1608779474,"event":{"mods":["Aspiration","BaseMod","Better Match","Better Skull","Better Third Choice","BetterRewards","ChefMod","Colored Map","Colored Powertips","Conspire","Curses Come First","Downfall","Ekko","Friendly Minions","Halation","Hermit","Hubris","Infinite Spire","Luminous","Melee Mod","Minty Spire (QoL Compilation)","Quick Restart","Rare Cards Sparkle","Relic Stats","Robot Space Explorer","Shade Mod","Spicy Shops","StSLib","SuperFastMode","Synergy Search","The Animator","The Blue Laboratory","The Cursed","The Dragon Tamer","The Factory","The Gatherer","The Jungle","The Marked","The Necromancer","Unceasing Turn Reminder","vexMod"],"gold_per_floor":[113,126,126,142,67,93,108,128,153,167,25,60,73,89,89,89,89],"floor_reached":16,"playtime":926,"items_purged":["Luminous:Dark_Abyssal_Drop"],"score":122,"play_id":"a0551e9a-e7b1-4e8d-944f-b875d796bf2c","local_time":"20201223191114","is_ascension_mode":true,"campfire_choices":[{"floor":15,"key":"REST"}],"circlet_count":0,"master_deck":["infinitespire:Starlight","Luminous:Light_Flash_Shower","Luminous:Light_Flash_Shower","Luminous:Dark_Abyssal_Drop","Luminous:Dark_Abyssal_Drop","Luminous:Defend_Luminous","Luminous:Defend_Luminous","Luminous:Defend_Luminous","Luminous:Defend_Luminous","Luminous:Switch_Luminous","Luminous:Dark_Raid","Luminous:Light_Wash_Luminous","Luminous:Magic_Accelerate_Luminous","Luminous:Magic_Accelerate_Luminous","Luminous:Chaos_Field_Luminous","Luminous:Dark_Crescendo_Luminous","Luminous:Dark_Arcane_Pitch"],"relics":["Luminous:MirrorRelic","NeowsBlessing","vexMod:InvisibilityCloak","halation:PromiseList","halation:Toothbrush"],"acts_visited":["Exordium"],"potions_floor_usage":[6,6,12,16],"damage_taken":[{"damage":0,"enemies":"Jaw Worm","floor":1,"turns":1},{"damage":0,"enemies":"Cultist","floor":2,"turns":1},{"damage":0,"enemies":"Small Slimes","floor":4,"turns":1},{"damage":42,"enemies":"3 Sentries","floor":6,"turns":10},{"damage":9,"enemies":"Exordium Thugs","floor":7,"turns":6},{"damage":9,"enemies":"Red Slaver","floor":8,"turns":5},{"damage":6,"enemies":"Large Slime","floor":10,"turns":8},{"damage":37,"enemies":"Gremlin Nob","floor":12,"turns":5},{"damage":8,"enemies":"3 Louse","floor":13,"turns":6},{"damage":15,"enemies":"Blue Slaver","floor":14,"turns":6},{"damage":51,"enemies":"Slime Boss","floor":16,"turns":7}],"seed_played":"-2261332415696798675","potions_obtained":[{"floor":1,"key":"EssenceOfSteel"},{"floor":2,"key":"champ:CounterPotion"},{"floor":6,"key":"Energy Potion"},{"floor":14,"key":"Swift Potion"}],"is_trial":false,"path_per_floor":["M","M","?","M","$","E","M","M","T","M","$","E","M","M","R","B"],"character_chosen":"LuminousClass","items_purchased":["Luminous:Chaos_Field_Luminous"],"campfire_rested":1,"item_purchase_floors":[11],"current_hp_per_floor":[75,75,75,75,75,40,41,42,42,46,46,19,21,16,38,0,0],"gold":89,"neow_bonus":"THREE_ENEMY_KILL","is_daily":false,"chose_seed":false,"campfire_upgraded":0,"win_rate":0.0,"timestamp":1608779474,"path_taken":["M","M","?","M","$","E","M","?","T","M","?","E","M","M","R","BOSS"],"items_purchased_type":["Card"],"build_version":"2020-12-18","purchased_purges":1,"victory":false,"max_hp_per_floor":[75,75,75,75,75,75,75,75,75,75,75,75,75,75,75,75,75],"relic_stats":{"counters":[11,56],"obtain_stats":[{"vexMod:InvisibilityCloak":6,"NeowsBlessing":0,"halation:Toothbrush":12,"Luminous:MirrorRelic":0,"halation:PromiseList":9},{"vexMod:InvisibilityCloak":4,"NeowsBlessing":0,"halation:Toothbrush":8,"Luminous:MirrorRelic":0,"halation:PromiseList":6},{"vexMod:InvisibilityCloak":13,"NeowsBlessing":0,"halation:Toothbrush":37,"Luminous:MirrorRelic":0,"halation:PromiseList":24}]},"card_choices":[{"not_picked":["Luminous:Dark_Dim_Erosion","Luminous:Dark_Pressure_Void","Luminous:Shadow_Shell_Luminous"],"picked":"SKIP","floor":1},{"not_picked":["Luminous:Light_Glare","Luminous:Dark_Pressure_Void","Luminous:Light_Gather"],"picked":"SKIP","floor":2},{"not_picked":["Luminous:Light_Glare","Luminous:Light_Sylvan_Lance"],"picked":"Luminous:Dark_Raid","floor":4},{"not_picked":["Luminous:Light_Sylvan_Lance","Luminous:Dark_Raid","Luminous:Concentrate_Luminous"],"picked":"SKIP","floor":6},{"not_picked":["Luminous:Chase_Spell_Luminous","Luminous:Accumulation_Luminous"],"picked":"Luminous:Light_Wash_Luminous","floor":7},{"not_picked":["Luminous:Accumulation_Luminous","Luminous:Concentrate_Luminous"],"picked":"Luminous:Magic_Accelerate_Luminous","floor":8},{"not_picked":["Luminous:Dark_Raid","Luminous:Light_Gather"],"picked":"Luminous:Magic_Accelerate_Luminous","floor":10},{"not_picked":["Luminous:Hero_Will_Luminous","Luminous:Dark_Pressure_Void"],"picked":"Luminous:Dark_Crescendo_Luminous","floor":12},{"not_picked":["Luminous:Abyss_Heart_Luminous","Luminous:Dark_Dim_Erosion"],"picked":"Luminous:Dark_Arcane_Pitch","floor":13},{"not_picked":["Luminous:Dark_Dim_Erosion","Luminous:Light_Sylvan_Lance","Luminous:Light_Wash_Luminous"],"picked":"SKIP","floor":14}],"player_experience":437659,"relics_obtained":[{"floor":6,"key":"vexMod:InvisibilityCloak"},{"floor":9,"key":"halation:PromiseList"},{"floor":12,"key":"halation:Toothbrush"}],"event_choices":[{"cards_removed":["Luminous:Light_Flash_Shower"],"damage_healed":0,"gold_gain":0,"player_choice":"Purged","damage_taken":0,"max_hp_gain":0,"max_hp_loss":0,"event_name":"Purifier","floor":3,"gold_loss":0}],"is_beta":true,"boss_relics":[],"items_purged_floors":[5],"is_endless":false,"potions_floor_spawned":[1,2,6,14],"killed_by":"Slime Boss","ascension_level":1}}