{"host":"q2j4ef1ti78v4imq","time":1608845041,"event":{"mods":["AchievementEnabler","BaseMod","Better Altar","Better Match","Better Note","Better Sensory Stone","Better Skull","Better Third Choice","Block Reminder","Hermit","Minty Spire (QoL Compilation)","Relic Stats","Replay The Spire","Shade Mod","StSLib"],"gold_per_floor":[119,119,134,154,154,154,187,187,212,287,299,299,326,337,337,337,337],"floor_reached":16,"playtime":517,"items_purged":[],"score":143,"play_id":"02d92fab-f61a-4cb3-a19e-66217c868256","local_time":"20201224212400","is_ascension_mode":true,"campfire_choices":[{"data":"hermit:EternalForm","floor":6,"key":"SMITH"},{"floor":8,"key":"REST"},{"data":"hermit:Horror","floor":12,"key":"SMITH"},{"floor":15,"key":"REST"}],"circlet_count":0,"master_deck":["hermit:Strike_Hermit","hermit:Strike_Hermit","hermit:Strike_Hermit","hermit:Strike_Hermit","hermit:Defend_Hermit","hermit:Defend_Hermit","hermit:Defend_Hermit","hermit:Defend_Hermit","hermit:Snapshot","hermit:Covet","Defend_G","Strike_B","hermit:EternalForm+1","hermit:Enervate","hermit:Horror+1","Hallucinations","Shade:CallWraith","Shade:FleshToFlesh","ReplayTheSpireMod:Scrap Shanks","ThirdEye"],"relics":["hermit:Momento","PrismaticShard","Replay:Wax Seal","Replay:Rubber Ducky"],"acts_visited":["Exordium"],"potions_floor_usage":[16],"damage_taken":[{"damage":2,"enemies":"2 Louse","floor":1,"turns":3},{"damage":0,"enemies":"Cultist","floor":3,"turns":4},{"damage":3,"enemies":"Jaw Worm","floor":4,"turns":4},{"damage":38,"enemies":"Gremlin Nob","floor":7,"turns":5},{"damage":0,"enemies":"3 Louse","floor":11,"turns":1},{"damage":13,"enemies":"Replay:BlueRogue","floor":13,"turns":5},{"damage":13,"enemies":"Looter","floor":14,"turns":4},{"damage":35,"enemies":"The Guardian","floor":16,"turns":4}],"seed_played":"7694025195253434714","potions_obtained":[{"floor":2,"key":"AttackPotion"},{"floor":2,"key":"BlessingOfTheForge"},{"floor":2,"key":"SteroidPotion"}],"is_trial":false,"path_per_floor":["M","?","M","M","?","R","E","R","T","?","M","R","E","M","R","B"],"character_chosen":"HERMIT","items_purchased":[],"campfire_rested":2,"item_purchase_floors":[],"current_hp_per_floor":[66,66,66,63,63,63,25,47,47,36,36,36,23,10,32,0,0],"gold":337,"neow_bonus":"THREE_RARE_CARDS","is_daily":false,"chose_seed":false,"campfire_upgraded":2,"win_rate":0.0,"timestamp":1608845040,"path_taken":["M","?","M","?","?","R","E","R","T","?","M","R","E","M","R","BOSS"],"items_purchased_type":[],"build_version":"2020-12-22","purchased_purges":0,"victory":false,"max_hp_per_floor":[75,75,75,75,75,75,75,75,75,75,75,75,75,75,75,75,75],"relic_stats":{"counters":[8,30],"obtain_stats":[{"Replay:Wax Seal":7,"PrismaticShard":5,"hermit:Momento":0,"Replay:Rubber Ducky":13},{"Replay:Wax Seal":4,"PrismaticShard":3,"hermit:Momento":0,"Replay:Rubber Ducky":6},{"Replay:Wax Seal":16,"PrismaticShard":11,"hermit:Momento":0,"Replay:Rubber Ducky":22}]},"card_choices":[{"not_picked":["hermit:FinalCanter","hermit:Reprieve"],"picked":"hermit:EternalForm","floor":0},{"not_picked":["hermit:BodyArmor","hermit:Glare"],"picked":"hermit:Enervate","floor":1},{"not_picked":["hermit:Headshot","hermit:FullyLoaded","hermit:LowProfile"],"picked":"SKIP","floor":3},{"not_picked":["hermit:Desperado","hermit:Roulette"],"picked":"hermit:Horror","floor":4},{"not_picked":["Shade:CommandSoldier","Replay:ManipulateFuture"],"picked":"Shade:CallWraith","floor":7},{"not_picked":["Adaptation","Barrage"],"picked":"Shade:FleshToFlesh","floor":11},{"not_picked":["Sunder","Warcry"],"picked":"ReplayTheSpireMod:Scrap Shanks","floor":13},{"not_picked":["Go for the Eyes","hermit:Feint"],"picked":"ThirdEye","floor":14}],"player_experience":821565,"relics_obtained":[{"floor":7,"key":"Replay:Wax Seal"},{"floor":13,"key":"Replay:Rubber Ducky"}],"event_choices":[{"damage_healed":0,"gold_gain":0,"player_choice":"Got Potions","damage_taken":0,"max_hp_gain":0,"max_hp_loss":0,"event_name":"Lab","floor":2,"gold_loss":0},{"damage_healed":0,"gold_gain":75,"player_choice":"Gold","damage_taken":11,"max_hp_gain":0,"max_hp_loss":0,"event_name":"betterThird:BetterGoop","floor":10,"gold_loss":0}],"is_beta":false,"boss_relics":[],"items_purged_floors":[],"is_endless":false,"potions_floor_spawned":[3,4,14],"killed_by":"The Guardian","ascension_level":6}}