{"host":"ztvj8pbgeibgztw6","time":1608781628,"event":{"mods":["ATMod(∞¢Ë™Mod)","BaseMod","Colored Map","Dota2Spire","Luminous","Marisa£®ÏF”Í°°ƒß¿Ì…≥£©","Minty Spire (QoL Compilation)","Remilia£®¿Ÿ√◊¿Ú—«£©","Replay The Spire","Shop Mod","StSLib","The Cursed"],"gold_per_floor":[109,109,109,121,121,121,135,164,212,287,462,19,19,47,47,47,47],"floor_reached":16,"playtime":577,"items_purged":[],"score":97,"play_id":"9469ef3d-473b-4ee0-9d89-c68321ddf02e","local_time":"20201224114708","is_ascension_mode":false,"campfire_choices":[{"data":"AT_FamilyPortrait","floor":6,"key":"SMITH"},{"floor":13,"key":"REST"},{"floor":15,"key":"REST"}],"circlet_count":0,"master_deck":["Strike_MRS","Strike_MRS","Strike_MRS","Strike_MRS","Defend_MRS","Defend_MRS","Defend_MRS","Defend_MRS","MasterSpark","UpSweep+1","AT_FamilyPortrait+1","UnstableBomb","DC","MagicAbsorber","RefractionSpark","Doubt","WitchOfGreed","MysteriousBeam","RefractionSpark","IllusionStar"],"relics":["MiniHakkero","AT_ATBox","NeowsBlessing","Akabeko","Spirit Poop","Ginger","ReplayTheSpireMod:TigerMarble","Boot","Pen Nib"],"acts_visited":["Exordium"],"potions_floor_usage":[16],"damage_taken":[{"damage":0,"enemies":"2 Louse","floor":1,"turns":1},{"damage":0,"enemies":"Jaw Worm","floor":4,"turns":1},{"damage":0,"enemies":"Small Slimes","floor":7,"turns":1},{"damage":28,"enemies":"Lagavulin","floor":8,"turns":5},{"damage":14,"enemies":"Exordium Thugs","floor":14,"turns":4},{"damage":69,"enemies":"The Guardian","floor":16,"turns":7}],"seed_played":"776317641349435303","potions_obtained":[{"floor":4,"key":"Elixir"},{"floor":8,"key":"Venom Potion"},{"floor":14,"key":"BlessingOfTheForge"}],"is_trial":false,"path_per_floor":["M","?","?","M","?","R","M","E","T","?","?","$","R","M","R","B"],"character_chosen":"MARISA","items_purchased":["Boot","WitchOfGreed","MysteriousBeam","Pen Nib","RefractionSpark"],"campfire_rested":2,"item_purchase_floors":[12,12,12,12,12],"current_hp_per_floor":[75,75,75,75,75,75,75,47,47,36,36,36,58,44,66,0,0],"gold":47,"neow_bonus":"THREE_ENEMY_KILL","is_daily":false,"chose_seed":false,"campfire_upgraded":1,"win_rate":0.0,"timestamp":1608781628,"path_taken":["M","?","?","M","?","R","?","E","T","?","?","?","R","M","R","BOSS"],"items_purchased_type":["Relic","Card","Card","Relic","Card"],"build_version":"2020-12-22","purchased_purges":0,"victory":false,"max_hp_per_floor":[75,75,75,75,75,75,75,75,75,75,75,75,75,75,75,75,75],"card_choices":[{"not_picked":["MysteriousBeam","GalacticHalo"],"picked":"UnstableBomb","floor":1},{"not_picked":["NonDirectionalLaser","ShootingEcho"],"picked":"DC","floor":4},{"not_picked":["LuminesStrike","ChargeUpSpray"],"picked":"MagicAbsorber","floor":7},{"not_picked":["ShootTheMoon","StarlightTyphoon"],"picked":"RefractionSpark","floor":8},{"not_picked":["DarkSpark","MysteriousBeam"],"picked":"IllusionStar","floor":14}],"player_experience":237785,"relics_obtained":[{"floor":8,"key":"Ginger"},{"floor":9,"key":"ReplayTheSpireMod:TigerMarble"}],"event_choices":[{"damage_healed":0,"gold_gain":0,"player_choice":"Grow","damage_taken":0,"max_hp_gain":0,"max_hp_loss":0,"event_name":"Living Wall","floor":2,"gold_loss":0,"cards_upgraded":["UpSweep"]},{"damage_healed":0,"gold_gain":0,"player_choice":"Box","damage_taken":0,"relics_obtained":["Akabeko"],"max_hp_gain":0,"max_hp_loss":0,"event_name":"Big Fish","floor":3,"gold_loss":0,"cards_obtained":["Regret"]},{"cards_removed":["Regret"],"damage_healed":0,"gold_gain":0,"player_choice":"Offered Curse","damage_taken":0,"relics_obtained":["Spirit Poop"],"max_hp_gain":0,"max_hp_loss":0,"event_name":"Bonfire Elementals","floor":5,"gold_loss":0},{"damage_healed":0,"gold_gain":75,"player_choice":"Gather Gold","damage_taken":11,"max_hp_gain":0,"max_hp_loss":0,"event_name":"World of Goop","floor":10,"gold_loss":0},{"damage_healed":0,"gold_gain":175,"player_choice":"AGREE","damage_taken":0,"max_hp_gain":0,"max_hp_loss":0,"event_name":"Liars Game","floor":11,"gold_loss":0,"cards_obtained":["Doubt"]}],"is_beta":false,"boss_relics":[],"items_purged_floors":[],"is_endless":false,"potions_floor_spawned":[4,8],"killed_by":"The Guardian","ascension_level":0}}