{"host":"3ek78t4i81ecmdy1","time":1608771969,"event":{"mods":["2.2 Compatiblity","AchievementEnabler","BaseMod","Colored Map","DeckTracker","Filter the Spire","Keyboard Shortcuts","Minty Spire (QoL Compilation)","Permanent Neow","Quick Restart","SuperFastMode","everything is the same but u backflip on backflip"],"gold_per_floor":[117,130,205,205,224,253,22,37,37,50,50,50,50,68,68,166,166,180,180,191,209,223,223,223],"floor_reached":23,"playtime":703,"items_purged":["Strike_R"],"score":205,"play_id":"f681c947-f60c-4f35-8de6-508972663776","local_time":"20201224100609","is_ascension_mode":true,"campfire_choices":[{"data":"Infernal Blade","floor":11.0,"key":"SMITH"},{"data":"Dramatic Entrance","floor":13.0,"key":"SMITH"},{"data":"Uppercut","floor":15.0,"key":"SMITH"}],"circlet_count":0,"master_deck":["Strike_R","Strike_R","Strike_R","Defend_R","Defend_R","Defend_R","Defend_R","Bash","Dramatic Entrance+1","Uppercut+1","Dropkick","Cleave","Metallicize+1","Thunderclap","Infernal Blade+1","Flex","Corruption+1","Reckless Charge","Dark Embrace+1","Twin Strike"],"relics":["Burning Blood","Frozen Egg 2","TheAbacus","White Beast Statue","Mark of Pain"],"acts_visited":["Exordium","TheCity"],"potions_floor_usage":[16,16,16,20,22,23],"damage_taken":[{"damage":0.0,"enemies":"Cultist","floor":1.0,"turns":2.0},{"damage":0.0,"enemies":"Small Slimes","floor":2.0,"turns":2.0},{"damage":0.0,"enemies":"2 Louse","floor":5.0,"turns":2.0},{"damage":21.0,"enemies":"3 Sentries","floor":6.0,"turns":6.0},{"damage":11.0,"enemies":"2 Fungi Beasts","floor":8.0,"turns":3.0},{"damage":11.0,"enemies":"Exordium Wildlife","floor":10.0,"turns":3.0},{"damage":0.0,"enemies":"Large Slime","floor":14.0,"turns":3.0},{"damage":30,"enemies":"Hexaghost","floor":16,"turns":9},{"damage":22,"enemies":"Spheric Guardian","floor":18,"turns":5},{"damage":18,"enemies":"Shell Parasite","floor":20,"turns":5},{"damage":35,"enemies":"Centurion and Healer","floor":21,"turns":4},{"damage":20,"enemies":"Shelled Parasite and Fungi","floor":22,"turns":4},{"damage":23,"enemies":"Gremlin Leader","floor":23,"turns":4}],"seed_played":"5803144919133095972","potions_obtained":[{"floor":1.0,"key":"Regen Potion"},{"floor":4.0,"key":"Fruit Juice"},{"floor":4.0,"key":"FearPotion"},{"floor":5.0,"key":"ColorlessPotion"},{"floor":6.0,"key":"Strength Potion"},{"floor":10.0,"key":"FearPotion"},{"floor":14.0,"key":"Regen Potion"},{"floor":16,"key":"Energy Potion"},{"floor":18,"key":"SkillPotion"},{"floor":20,"key":"Energy Potion"},{"floor":21,"key":"SmokeBomb"},{"floor":22,"key":"DistilledChaos"}],"is_trial":false,"path_per_floor":["M","M","?","?","M","E","$","M","T","M","R","?","R","M","R","B",null,"M","?","M","M","M","E"],"character_chosen":"IRONCLAD","items_purchased":["TheAbacus"],"campfire_rested":0,"item_purchase_floors":[7],"current_hp_per_floor":[80,80,69,69,80,70,70,65,65,60,60,65,65,71,71,62,90,74,74,62,33,19,0,0],"gold":223,"neow_bonus":"RANDOM_COLORLESS","is_daily":false,"chose_seed":false,"campfire_upgraded":3,"win_rate":0.0,"timestamp":1608771969,"path_taken":["M","M","?","?","M","E","$","?","T","M","R","?","R","M","R","BOSS","M","?","M","M","?","E"],"items_purchased_type":["Relic"],"build_version":"2020-12-22","purchased_purges":1,"victory":false,"max_hp_per_floor":[80,80,80,80,80,85,85,85,85,85,85,90,90,90,90,90,90,90,90,90,90,90,90,90],"card_choices":[{"not_picked":["Forethought","Finesse"],"picked":"Dramatic Entrance","floor":0.0},{"not_picked":["Clash","Clothesline"],"picked":"Uppercut","floor":1.0},{"not_picked":["Feel No Pain","Pommel Strike"],"picked":"Dropkick","floor":2.0},{"not_picked":["Bloodletting","Havoc"],"picked":"Cleave","floor":5.0},{"not_picked":["Havoc","Flex"],"picked":"Metallicize+1","floor":6.0},{"not_picked":["Wild Strike","Heavy Blade"],"picked":"Thunderclap","floor":8.0},{"not_picked":["Body Slam","Seeing Red"],"picked":"Infernal Blade","floor":10.0},{"not_picked":["Pummel","Reckless Charge"],"picked":"Flex","floor":14.0},{"not_picked":["Demon Form+1","Juggernaut+1"],"picked":"Corruption+1","floor":16},{"not_picked":["Body Slam","Shockwave"],"picked":"Reckless Charge","floor":18},{"not_picked":["Perfected Strike","Rupture+1"],"picked":"Twin Strike","floor":20},{"not_picked":["Sword Boomerang","Heavy Blade+1","Clothesline"],"picked":"SKIP","floor":21},{"not_picked":["Cleave","Thunderclap","Reckless Charge"],"picked":"SKIP","floor":22}],"player_experience":26858,"relics_obtained":[{"floor":6.0,"key":"Frozen Egg 2"},{"floor":9.0,"key":"White Beast Statue"}],"event_choices":[{"damage_healed":0.0,"max_hp_gain":0.0,"max_hp_loss":0.0,"gold_gain":75.0,"event_name":"World of Goop","player_choice":"Gather Gold","floor":3.0,"gold_loss":0.0,"damage_taken":11.0},{"damage_healed":0.0,"max_hp_gain":0.0,"max_hp_loss":0.0,"gold_gain":0.0,"event_name":"Lab","player_choice":"Got Potions","floor":4.0,"gold_loss":0.0,"damage_taken":0.0},{"damage_healed":0.0,"max_hp_gain":5.0,"max_hp_loss":0.0,"gold_gain":0.0,"event_name":"Big Fish","player_choice":"Donut","floor":12.0,"gold_loss":0.0,"damage_taken":0.0},{"damage_healed":0,"gold_gain":0,"cards_transformed":["Strike_R"],"player_choice":"Transformed","damage_taken":0,"max_hp_gain":0,"max_hp_loss":0,"event_name":"Transmorgrifier","floor":19,"gold_loss":0,"cards_obtained":["Dark Embrace"]}],"is_beta":false,"boss_relics":[{"not_picked":["Pandora\u0027s Box","Runic Cube"],"picked":"Mark of Pain"}],"items_purged_floors":[7],"is_endless":false,"potions_floor_spawned":[1,5,6,10,14,16,18,20,21,22],"killed_by":"Gremlin Leader","ascension_level":1}}