{"host":"zhec3g4cvsmevugl","time":1608824118,"event":{"mods":["BaseMod","BetterRewards","Minty Spire (QoL Compilation)","Relic Stats","Slay-I","StSLib"],"gold_per_floor":[114,289,15,30,105,135,150,180,180,195,225,225,255,270,270,370,370,385,385,385,400,212,242,242,257,307,322,337,367,382,397,397,497,497,512,527,527,602,242,272,287,44,44,74,74,89,104,119,119,119,119],"floor_reached":50,"playtime":4206,"items_purged":[],"score":876,"play_id":"acbab379-abdd-410c-8773-a9acc8e604f4","local_time":"20201224233518","daily_mods":["Insanity","Purple Cards","DeadlyEvents"],"is_ascension_mode":false,"campfire_choices":[{"floor":12.0,"key":"REST"},{"floor":15.0,"key":"REST"},{"data":"Phantasmal Killer","floor":24.0,"key":"SMITH"},{"data":"Crescendo","floor":32,"key":"SMITH"},{"floor":45,"key":"REST"},{"floor":49,"key":"REST"}],"circlet_count":0,"master_deck":["Outmaneuver","Quick Slash","Slice","Meditate","Halt","Concentrate","Finisher","Cloak And Dagger","MentalFortress","WheelKick","FlyingSleeves","FollowUp","Crescendo+1","Prepared","TalkToTheHand","FlurryOfBlows","Slice","Crescendo+1","PiercingWail","ThirdEye","Deadly Poison","TalkToTheHand","Well Laid Plans","FlurryOfBlows","Sucker Punch","Meditate","Outmaneuver","EmptyMind","CrushJoints","SignatureMove","Conclude","FollowUp","Riddle With Holes","FlurryOfBlows","Dodge and Roll","FlyingSleeves","FlurryOfBlows","ForeignInfluence+1","Evaluate","Quick Slash","BowlingBash","Conclude","Evaluate","Dagger Throw","Evaluate","Setup","Blade Dance","TalkToTheHand","FlyingSleeves","Tantrum","WreathOfFlame","Doubt","Dark Shackles","FollowUp","Sanctity","Quick Slash","FlurryOfBlows","Quick Slash","DeusExMachina","Ragnarok","ThirdEye","LessonLearned","EmptyBody","RitualDagger","WindmillStrike+1","Halt","Consecrate","Phantasmal Killer+1","Skewer+1","Prostrate+1","SandsOfTime","SignatureMove","Consecrate+1","CarveReality","Judgement","FlurryOfBlows","SashWhip","Madness","Madness","Dark Shackles","Finisher","Footwork+1","ReachHeaven+1","Backstab","Tantrum","Eviscerate+1"],"relics":["Ring of the Snake","Membership Card","Vajra","MealTicket","Boot","Matryoshka","Thread and Needle","Potion Belt","Black Star","Bag of Preparation","Medical Kit","Blood Vial","Dead Branch","Smiling Mask","PreservedInsect","Peace Pipe","Anchor","Philosopher\u0027s Stone","Regal Pillow","Question Card","Pear","Nunchaku","ClockworkSouvenir","Turnip","Pen Nib","Girya","Strange Spoon","Singing Bowl","CaptainsWheel","War Paint"],"acts_visited":["Exordium","TheCity","TheBeyond"],"potions_floor_usage":[33,33,33,40,50,50,50],"damage_taken":[{"damage":7.0,"enemies":"Small Slimes","floor":1.0,"turns":2.0},{"damage":0.0,"enemies":"Jaw Worm","floor":4.0,"turns":3.0},{"damage":0.0,"enemies":"Gremlin Nob","floor":6.0,"turns":2.0},{"damage":0.0,"enemies":"Cultist","floor":7.0,"turns":2.0},{"damage":0.0,"enemies":"Lagavulin","floor":8.0,"turns":2.0},{"damage":0.0,"enemies":"Lots of Slimes","floor":10.0,"turns":2.0},{"damage":18.0,"enemies":"3 Sentries","floor":11.0,"turns":6.0},{"damage":41.0,"enemies":"Lagavulin","floor":13.0,"turns":4.0},{"damage":0.0,"enemies":"2 Fungi Beasts","floor":14.0,"turns":2.0},{"damage":0.0,"enemies":"Slime Boss","floor":16.0,"turns":5.0},{"damage":0.0,"enemies":"Spheric Guardian","floor":18.0,"turns":1.0},{"damage":17.0,"enemies":"3 Byrds","floor":21.0,"turns":3.0},{"damage":2.0,"enemies":"Book of Stabbing","floor":23.0,"turns":5.0},{"damage":0.0,"enemies":"Snecko","floor":25.0,"turns":2.0},{"damage":0.0,"enemies":"Chosen and Byrds","floor":27.0,"turns":3.0},{"damage":6.0,"enemies":"Shelled Parasite and Fungi","floor":28.0,"turns":3.0},{"damage":32.0,"enemies":"Gremlin Leader","floor":29.0,"turns":2.0},{"damage":0.0,"enemies":"3 Cultists","floor":30.0,"turns":3.0},{"damage":0.0,"enemies":"Centurion and Healer","floor":31.0,"turns":4.0},{"damage":25,"enemies":"Automaton","floor":33,"turns":4},{"damage":0,"enemies":"Orb Walker","floor":35,"turns":3},{"damage":25,"enemies":"3 Shapes","floor":36,"turns":2},{"damage":13,"enemies":"Nemesis","floor":40,"turns":4},{"damage":2,"enemies":"Maw","floor":41,"turns":3},{"damage":88,"enemies":"Reptomancer","floor":44,"turns":3},{"damage":11,"enemies":"3 Darklings","floor":46,"turns":3},{"damage":0,"enemies":"Spire Growth","floor":47,"turns":2},{"damage":1,"enemies":"Writhing Mass","floor":48,"turns":3},{"damage":133,"enemies":"Time Eater","floor":50,"turns":5}],"seed_played":"-4388098555046818604","potions_obtained":[{"floor":4.0,"key":"SkillPotion"},{"floor":8.0,"key":"LiquidBronze"},{"floor":11.0,"key":"Poison Potion"},{"floor":13.0,"key":"Swift Potion"},{"floor":14.0,"key":"Swift Potion"},{"floor":16.0,"key":"FearPotion"},{"floor":25.0,"key":"DistilledChaos"},{"floor":27.0,"key":"Energy Potion"},{"floor":30.0,"key":"Energy Potion"},{"floor":31.0,"key":"SpeedPotion"},{"floor":35,"key":"EssenceOfSteel"},{"floor":41,"key":"FairyPotion"},{"floor":47,"key":"FairyPotion"},{"floor":48,"key":"Explosive Potion"}],"is_trial":false,"path_per_floor":["M","?","$","M","?","E","M","E","T","M","E","R","E","M","R","B",null,"M","?","?","M","$","E","R","M","T","M","M","E","M","M","R","B",null,"M","M","?","T","$","E","M","$","T","E","R","M","M","M","R","B"],"character_chosen":"THE_SILENT","items_purchased":["Membership Card","Vajra","Dark Shackles","Bag of Preparation","Halt","Consecrate","Medical Kit","Pear","Nunchaku","ClockworkSouvenir","Dark Shackles","Finisher","Girya","Strange Spoon","Backstab"],"campfire_rested":4,"item_purchase_floors":[3,3,3,22,22,22,22,39,39,39,39,39,42,42,42],"current_hp_per_floor":[63,63,63,63,52,52,52,52,52,52,34,55,14,14,35,35,70,70,70,64,47,62,60,60,62,62,64,60,30,32,34,34,11,70,70,45,36,36,61,50,50,65,65,26,65,58,60,61,84,0,0],"gold":119,"neow_bonus":"","is_daily":true,"chose_seed":false,"campfire_upgraded":2,"win_rate":0.0,"timestamp":1608824118,"path_taken":["M","?","$","M","?","E","?","?","T","M","E","R","?","M","R","BOSS","M","?","?","M","$","E","R","M","T","M","?","?","M","M","R","BOSS","M","M","?","?","$","E","M","$","T","?","R","M","M","M","R","BOSS"],"items_purchased_type":["Relic","Relic","Card","Relic","Card","Card","Relic","Relic","Relic","Relic","Card","Card","Relic","Relic","Card"],"build_version":"2020-12-22","purchased_purges":0,"victory":false,"max_hp_per_floor":[70,70,70,70,70,70,70,70,70,70,70,70,70,70,70,70,70,70,70,70,70,70,70,70,70,70,70,70,70,70,70,70,70,70,70,70,70,70,80,80,80,80,80,82,82,84,84,84,84,84,84],"relic_stats":{"Regal Pillow":15,"Singing Bowl":4,"counters":[29,88],"Dead Branch":[49],"PreservedInsect":151,"Pen Nib":[6],"Bag of Preparation":[34],"War Paint":["ForeignInfluence","Crescendo"],"Boot":[88],"Medical Kit":[0],"Smiling Mask":0,"Question Card":6,"Blood Vial":26,"Peace Pipe":0,"Strange Spoon":[12],"Nunchaku":[7],"MealTicket":45,"Turnip":[3],"Black Star":4,"obtain_stats":[{"Regal Pillow":38,"Singing Bowl":43,"Vajra":3,"Bag of Preparation":22,"Boot":8,"Smiling Mask":26,"ClockworkSouvenir":39,"Blood Vial":23,"Nunchaku":39,"Matryoshka":9,"MealTicket":6,"Philosopher\u0027s Stone":34,"Ring of the Snake":0,"Potion Belt":13,"Girya":42,"Pear":39,"Dead Branch":23,"Thread and Needle":11,"PreservedInsect":26,"Pen Nib":40,"War Paint":44,"Medical Kit":22,"Question Card":38,"Peace Pipe":29,"Strange Spoon":42,"Anchor":29,"CaptainsWheel":44,"Turnip":40,"Black Star":17,"Membership Card":3},{"Regal Pillow":22,"Singing Bowl":24,"Vajra":1,"Bag of Preparation":12,"Boot":5,"Smiling Mask":14,"ClockworkSouvenir":22,"Blood Vial":13,"Nunchaku":22,"Matryoshka":5,"MealTicket":3,"Philosopher\u0027s Stone":20,"Ring of the Snake":0,"Potion Belt":8,"Girya":24,"Pear":22,"Dead Branch":13,"Thread and Needle":7,"PreservedInsect":14,"Pen Nib":23,"War Paint":25,"Medical Kit":12,"Question Card":22,"Peace Pipe":17,"Strange Spoon":24,"Anchor":17,"CaptainsWheel":25,"Turnip":23,"Black Star":10,"Membership Card":1},{"Regal Pillow":65,"Singing Bowl":72,"Vajra":2,"Bag of Preparation":34,"Boot":11,"Smiling Mask":41,"ClockworkSouvenir":65,"Blood Vial":39,"Nunchaku":65,"Matryoshka":11,"MealTicket":7,"Philosopher\u0027s Stone":60,"Ring of the Snake":0,"Potion Belt":23,"Girya":72,"Pear":65,"Dead Branch":39,"Thread and Needle":19,"PreservedInsect":41,"Pen Nib":69,"War Paint":75,"Medical Kit":34,"Question Card":65,"Peace Pipe":49,"Strange Spoon":72,"Anchor":49,"CaptainsWheel":75,"Turnip":69,"Black Star":30,"Membership Card":2}],"Ring of the Snake":[59]},"card_choices":[{"not_picked":["Bane","Choke"],"picked":"WreathOfFlame","floor":1.0},{"not_picked":["CrushJoints","Adaptation"],"picked":"FollowUp","floor":4.0},{"not_picked":["Well Laid Plans","FlurryOfBlows"],"picked":"Sanctity","floor":6.0},{"not_picked":["Study","Evaluate"],"picked":"Quick Slash","floor":7.0},{"not_picked":["Evaluate","Burst"],"picked":"FlurryOfBlows","floor":8.0},{"not_picked":["Blade Dance","Eviscerate"],"picked":"Quick Slash","floor":10.0},{"not_picked":["Masterful Stab","Flying Knee"],"picked":"DeusExMachina","floor":11.0},{"not_picked":["Heel Hook","Leg Sweep"],"picked":"Ragnarok","floor":13.0},{"not_picked":["Crippling Poison","ClearTheMind"],"picked":"ThirdEye","floor":14.0},{"not_picked":["A Thousand Cuts","Doppelganger"],"picked":"LessonLearned","floor":16.0},{"not_picked":["EmptyFist","Acrobatics"],"picked":"EmptyBody","floor":18.0},{"not_picked":["CrushJoints","Outmaneuver"],"picked":"WindmillStrike+1","floor":21.0},{"not_picked":["PiercingWail","JustLucky"],"picked":"Phantasmal Killer","floor":23.0},{"not_picked":["Quick Slash+1","WaveOfTheHand"],"picked":"Skewer+1","floor":25.0},{"not_picked":["Protect","Dagger Throw"],"picked":"Prostrate+1","floor":27.0},{"not_picked":["Evaluate","Protect+1"],"picked":"SandsOfTime","floor":28.0},{"not_picked":["InnerPeace","Prepared"],"picked":"SignatureMove","floor":29.0},{"not_picked":["Poisoned Stab+1","SpiritShield"],"picked":"Consecrate+1","floor":30.0},{"not_picked":["FlurryOfBlows+1","Wallop"],"picked":"CarveReality","floor":31.0},{"not_picked":["Scrawl","Wraith Form v2"],"picked":"Judgement","floor":33},{"not_picked":["Well Laid Plans+1","Noxious Fumes"],"picked":"FlurryOfBlows","floor":35},{"not_picked":["Nirvana","Slice"],"picked":"SashWhip","floor":36},{"not_picked":["ClearTheMind","Vengeance+1","Choke"],"picked":"Footwork+1","floor":40},{"not_picked":["Underhanded Strike","Consecrate+1","ClearTheMind"],"picked":"ReachHeaven+1","floor":41},{"not_picked":["Quick Slash","Terror","Evaluate","Study+1"],"picked":"Singing Bowl","floor":44},{"not_picked":["FearNoEvil","WreathOfFlame","Flechettes+1","Deflect"],"picked":"Singing Bowl","floor":46},{"not_picked":["SandsOfTime","Halt","Choke+1"],"picked":"Tantrum","floor":47},{"not_picked":["Deadly Poison","Consecrate","Well Laid Plans+1"],"picked":"Eviscerate+1","floor":48}],"player_experience":167985,"relics_obtained":[{"floor":6.0,"key":"MealTicket"},{"floor":8.0,"key":"Boot"},{"floor":9.0,"key":"Matryoshka"},{"floor":11.0,"key":"Thread and Needle"},{"floor":13.0,"key":"Potion Belt"},{"floor":23.0,"key":"Blood Vial"},{"floor":23.0,"key":"Dead Branch"},{"floor":26.0,"key":"Smiling Mask"},{"floor":26.0,"key":"PreservedInsect"},{"floor":29.0,"key":"Peace Pipe"},{"floor":29.0,"key":"Anchor"},{"floor":38,"key":"Regal Pillow"},{"floor":38,"key":"Question Card"},{"floor":40,"key":"Turnip"},{"floor":40,"key":"Pen Nib"},{"floor":43,"key":"Singing Bowl"},{"floor":44,"key":"CaptainsWheel"},{"floor":44,"key":"War Paint"}],"event_choices":[{"damage_healed":0.0,"max_hp_gain":0.0,"max_hp_loss":0.0,"gold_gain":175.0,"event_name":"Liars Game","player_choice":"AGREE","floor":2.0,"gold_loss":0.0,"damage_taken":0.0,"cards_obtained":["Doubt"]},{"damage_healed":0.0,"max_hp_gain":0.0,"max_hp_loss":0.0,"gold_gain":75.0,"event_name":"World of Goop","player_choice":"Gather Gold","floor":5.0,"gold_loss":0.0,"damage_taken":11.0},{"damage_healed":0.0,"max_hp_gain":0.0,"max_hp_loss":0.0,"gold_gain":0.0,"event_name":"Back to Basics","player_choice":"Simplicity","floor":19.0,"gold_loss":0.0,"damage_taken":0.0,"cards_upgraded":[]},{"damage_healed":0.0,"max_hp_gain":0.0,"max_hp_loss":0.0,"gold_gain":0.0,"event_name":"Nest","player_choice":"Joined the Cult","floor":20.0,"gold_loss":0.0,"damage_taken":6.0,"cards_obtained":["RitualDagger"]},{"damage_healed":0,"gold_gain":0,"player_choice":"Embrace Madness","damage_taken":9,"max_hp_gain":0,"max_hp_loss":0,"event_name":"Winding Halls","floor":37,"gold_loss":0,"cards_obtained":["Madness","Madness"]}],"is_beta":false,"boss_relics":[{"not_picked":["Snecko Eye","Calling Bell"],"picked":"Black Star"},{"not_picked":["Fusion Hammer","Busted Crown"],"picked":"Philosopher\u0027s Stone"}],"items_purged_floors":[],"is_endless":false,"potions_floor_spawned":[4,8,11,13,14,16,25,27,30,31,35,41,47,48],"killed_by":"Time Eater","ascension_level":0}}