{"host":"2461dio7vetlq1z3","time":1608768777,"event":{"mods":["2.2 Compatiblity","AchievementEnabler","Aspiration","BaseMod","Better Third Choice","Hermit","Marisa????????","Minty Spire (QoL Compilation)","Relic Stats","Spicy Shops","StSLib","The Runesmith","Waifu the Spire"],"gold_per_floor":[111,111,131,146,146,146,189,218,218,234,28,28,59,0,0,96,96,117,138,138,138,151,191,191,230,230,242,267,293,20,45,45,136,136,160,184,517,529,854,887,887,887,887],"floor_reached":42,"playtime":2014,"items_purged":["Strike_B"],"score":929,"play_id":"fec24f26-268b-4c1e-9678-01e7146a430b","local_time":"20201224011257","is_ascension_mode":true,"campfire_choices":[{"floor":6,"key":"REST"},{"floor":12,"key":"REST"},{"data":"Defragment","floor":15,"key":"SMITH"},{"floor":24,"key":"REST"},{"floor":27,"key":"REST"},{"data":"Thunder Strike","floor":32,"key":"SMITH"},{"floor":41,"key":"REST"}],"circlet_count":0,"master_deck":["AscendersBane","Strike_B","Defend_B","Defend_B","Defend_B","Zap","Dualcast","Hologram","Streamline","Tempest","Unload","Bane","Catalyst","Sunder","Ball Lightning","White Noise","Defragment+1","Conserve Battery","Defragment","Thunder Strike+1","Capacitor","Thunder Strike","Meteor Strike","Defragment+1","Fusion","Echo Form","Burning Pact+1","Hologram","Capacitor","Scrape+1"],"relics":["Velvet Choker","aspiration:VileToxins","Odd Mushroom","aspiration:FetidBarrel","aspiration:SneckoTail","betterThird:SlimedRelic","Snecko Eye","White Beast Statue","Turnip","MawBank","Pantograph","aspiration:IroncladSkillbook","Old Coin","Smiling Mask"],"acts_visited":["Exordium","TheCity","TheBeyond"],"potions_floor_usage":[16,23,23,38,40],"damage_taken":[{"damage":16,"enemies":"2 Louse","floor":1,"turns":4},{"damage":3,"enemies":"Small Slimes","floor":3,"turns":5},{"damage":12,"enemies":"Cultist","floor":4,"turns":4},{"damage":30,"enemies":"Lagavulin","floor":7,"turns":6},{"damage":6,"enemies":"The Mushroom Lair","floor":8,"turns":3},{"damage":10,"enemies":"Red Slaver","floor":10,"turns":2},{"damage":8,"enemies":"Gremlin Nob","floor":13,"turns":3},{"damage":16,"enemies":"The Guardian","floor":16,"turns":10},{"damage":3,"enemies":"Shell Parasite","floor":18,"turns":2},{"damage":19,"enemies":"2 Thieves","floor":19,"turns":3},{"damage":13,"enemies":"Snake Plant","floor":22,"turns":2},{"damage":6,"enemies":"Gremlin Leader","floor":23,"turns":5},{"damage":18,"enemies":"Book of Stabbing","floor":25,"turns":3},{"damage":9,"enemies":"Centurion and Healer","floor":28,"turns":4},{"damage":0,"enemies":"3 Cultists","floor":29,"turns":2},{"damage":0,"enemies":"Snake Plant","floor":31,"turns":3},{"damage":18,"enemies":"Champ","floor":33,"turns":7},{"damage":16,"enemies":"3 Shapes","floor":35,"turns":3},{"damage":0,"enemies":"Orb Walker","floor":36,"turns":1},{"damage":9,"enemies":"3 Darklings","floor":38,"turns":3},{"damage":0,"enemies":"Mind Bloom Boss Battle","floor":39,"turns":2},{"damage":60,"enemies":"Reptomancer","floor":40,"turns":5},{"damage":27,"enemies":"Nemesis","floor":42,"turns":3}],"seed_played":"7501806083598062794","potions_obtained":[{"floor":3,"key":"CultistPotion"},{"floor":7,"key":"Ancient Potion"},{"floor":13,"key":"Regen Potion"},{"floor":19,"key":"DuplicationPotion"},{"floor":25,"key":"DistilledChaos"},{"floor":28,"key":"SkillPotion"},{"floor":29,"key":"Energy Potion"},{"floor":33,"key":"GamblersBrew"},{"floor":35,"key":"GamblersBrew"},{"floor":38,"key":"LiquidBronze"},{"floor":39,"key":"Dexterity Potion"},{"floor":40,"key":"BlessingOfTheForge"}],"is_trial":false,"path_per_floor":["M","?","M","M","?","R","E","?","T","M","$","R","E","?","R","B",null,"M","M","?","?","M","E","R","E","T","R","M","M","$","M","R","B",null,"M","M","?","M","?","E","R","E"],"character_chosen":"DEFECT","items_purchased":["Defragment","Conserve Battery","Pantograph"],"campfire_rested":5,"item_purchase_floors":[11,11,30],"current_hp_per_floor":[48,48,45,33,33,52,22,16,16,6,6,25,17,6,6,5,49,46,27,27,27,14,8,27,9,9,28,19,19,19,19,19,26,55,43,47,47,42,64,8,27,0,0],"gold":887,"neow_bonus":"BOSS_RELIC","is_daily":false,"chose_seed":false,"campfire_upgraded":2,"win_rate":0.0,"timestamp":1608768777,"path_taken":["M","?","M","M","?","R","E","?","T","M","$","R","E","?","R","BOSS","M","M","?","?","?","E","R","E","T","R","M","M","$","M","R","BOSS","M","M","?","M","?","E","R","E"],"items_purchased_type":["Card","Card","Relic"],"build_version":"2020-12-22","purchased_purges":1,"victory":false,"max_hp_per_floor":[71,64,64,64,64,64,64,64,64,64,64,64,64,64,64,64,64,64,64,64,64,64,64,64,64,64,64,64,64,64,64,64,64,64,64,64,64,64,64,64,64,64,64],"relic_stats":{"counters":[23,85],"Pantograph":47,"Snecko Eye":[80,74,88,84],"Turnip":[6],"MawBank":48,"Smiling Mask":0,"obtain_stats":[{"aspiration:VileToxins":7,"aspiration:SneckoTail":13,"Golden Idol":2,"aspiration:FetidBarrel":9,"Velvet Choker":0,"Odd Mushroom":8,"MawBank":26,"Smiling Mask":40,"White Beast Statue":23,"aspiration:IroncladSkillbook":34,"Old Coin":39,"betterThird:SlimedRelic":14,"Pantograph":30,"Snecko Eye":17,"Turnip":25,"Cracked Core":0},{"aspiration:VileToxins":4,"aspiration:SneckoTail":7,"Golden Idol":1,"aspiration:FetidBarrel":5,"Velvet Choker":0,"Odd Mushroom":5,"MawBank":13,"Smiling Mask":22,"White Beast Statue":12,"aspiration:IroncladSkillbook":17,"Old Coin":21,"betterThird:SlimedRelic":7,"Pantograph":15,"Snecko Eye":8,"Turnip":13,"Cracked Core":0},{"aspiration:VileToxins":19,"aspiration:SneckoTail":27,"Golden Idol":4,"aspiration:FetidBarrel":22,"Velvet Choker":0,"Odd Mushroom":22,"MawBank":52,"Smiling Mask":82,"White Beast Statue":49,"aspiration:IroncladSkillbook":68,"Old Coin":77,"betterThird:SlimedRelic":27,"Pantograph":58,"Snecko Eye":37,"Turnip":52,"Cracked Core":0}]},"card_choices":[{"not_picked":["Conserve Battery","Gash"],"picked":"Hologram","floor":1},{"not_picked":["Ball Lightning","Barrage"],"picked":"Streamline","floor":3},{"not_picked":["Leap","Reprogram"],"picked":"Tempest","floor":4},{"not_picked":["BootSequence","Leap"],"picked":"Sunder","floor":7},{"not_picked":["Barrage","Gash"],"picked":"Ball Lightning","floor":8},{"not_picked":["Coolheaded","Conserve Battery"],"picked":"White Noise","floor":10},{"not_picked":["Buffer","Cold Snap"],"picked":"Defragment","floor":13},{"not_picked":["Buffer","Reboot"],"picked":"Thunder Strike","floor":16},{"not_picked":["Turbo","Steam Power","Skim"],"picked":"SKIP","floor":18},{"not_picked":["Steam Power","BootSequence+1"],"picked":"Capacitor","floor":19},{"not_picked":["Redo","Turbo","Gash"],"picked":"SKIP","floor":22},{"not_picked":["Sweeping Beam","Reprogram","Redo"],"picked":"SKIP","floor":23},{"not_picked":["Chill","Coolheaded"],"picked":"Meteor Strike","floor":25},{"not_picked":["Hello World","Compile Driver","Steam+1"],"picked":"SKIP","floor":28},{"not_picked":["Conserve Battery+1","Stack+1"],"picked":"Defragment+1","floor":29},{"not_picked":["Leap","Streamline"],"picked":"Fusion","floor":31},{"not_picked":["Biased Cognition","Thunder Strike"],"picked":"Echo Form","floor":33},{"not_picked":["Steam Power+1","Carnage+1","Skim"],"picked":"Burning Pact+1","floor":35},{"not_picked":["Evolve","Thunderclap","Ball Lightning"],"picked":"Hologram","floor":36},{"not_picked":["Clothesline+1","Rebound","Anger","Ghostly Armor"],"picked":"SKIP","floor":38},{"not_picked":["Twin Strike","Darkness","Body Slam"],"picked":"Capacitor","floor":39},{"not_picked":["Chill","Stack+1","Flex+1","Scrape+1"],"picked":"SKIP","floor":40},{"not_picked":["Chill","Stack+1","Flex+1"],"picked":"Scrape+1","floor":40}],"player_experience":975523,"relics_obtained":[{"floor":7,"key":"aspiration:VileToxins"},{"floor":8,"key":"Odd Mushroom"},{"floor":9,"key":"aspiration:FetidBarrel"},{"floor":13,"key":"aspiration:SneckoTail"},{"floor":23,"key":"White Beast Statue"},{"floor":25,"key":"Turnip"},{"floor":26,"key":"MawBank"},{"floor":39,"key":"Old Coin"},{"floor":40,"key":"Smiling Mask"}],"event_choices":[{"damage_healed":0,"gold_gain":0,"player_choice":"Lose Max HP","damage_taken":0,"relics_obtained":["Golden Idol"],"max_hp_gain":0,"max_hp_loss":7,"event_name":"Golden Idol","floor":2,"gold_loss":0},{"damage_healed":0,"gold_gain":0,"player_choice":"Fought Mushrooms","damage_taken":0,"max_hp_gain":0,"max_hp_loss":0,"event_name":"Mushrooms","floor":8,"gold_loss":0},{"damage_healed":0,"gold_gain":0,"player_choice":"Slimed","damage_taken":11,"max_hp_gain":0,"max_hp_loss":0,"event_name":"betterThird:BetterGoop","floor":14,"gold_loss":59},{"damage_healed":0,"gold_gain":0,"player_choice":"Ignored","damage_taken":0,"max_hp_gain":0,"max_hp_loss":0,"event_name":"The Mausoleum","floor":20,"gold_loss":0},{"damage_healed":0,"gold_gain":0,"player_choice":"Copied","damage_taken":0,"max_hp_gain":0,"max_hp_loss":0,"event_name":"Duplicator","floor":21,"gold_loss":0,"cards_obtained":["Thunder Strike"]},{"damage_healed":0,"gold_gain":333,"player_choice":"Gave Idol","damage_taken":0,"max_hp_gain":0,"max_hp_loss":0,"event_name":"The Moai Head","floor":37,"relics_lost":["Golden Idol"],"gold_loss":0},{"damage_healed":0,"gold_gain":0,"player_choice":"Fight","damage_taken":0,"max_hp_gain":0,"max_hp_loss":0,"event_name":"MindBloom","floor":39,"gold_loss":0}],"is_beta":false,"boss_relics":[{"not_picked":["aspiration:RunesmithSkillbook","aspiration:FutureDiary"],"picked":"Snecko Eye"},{"not_picked":["aspiration:PoetsPen_weak","Runic Dome"],"picked":"aspiration:IroncladSkillbook"}],"items_purged_floors":[11],"is_endless":false,"potions_floor_spawned":[3,7,10,13,19,22,25,28,29,31,33,35,36,38,39,40],"killed_by":"Nemesis","ascension_level":18}}