{"host":"dazi714svy9she3p","time":1608790290,"event":{"mods":["AchievementEnabler","Act Like it!","BaseMod","Better Skull","CapriCore","CatGirl Mod","Colored Map","Downfall","Friendly Minions","GifTheSpireLib","Highlight Path","Hubris","Infinite Spire","Jorbs\u0027s Wanderer Trilogy","Koishi","Lobotomy","LobotomyExtend","Mad Scientist","Minty Spire (QoL Compilation)","Random Character Button","Rare Cards Sparkle","Relic Sorter","RemiliaÅiÂQïƒ‰ª?Åj","Replay The Spire","StSLib","The Animator","The Blackbeard","The Bladedancer","The Construct","The Cursed","The Druid","The Forsaken","The Gatherer","The Immortal","The Juggle","The Marked","The Mystic","The Wild Card"],"gold_per_floor":[113,133,133,152,152,152,152,152],"floor_reached":7,"playtime":509,"items_purged":[],"score":41,"play_id":"b006e1c0-6d5e-4799-a414-96dff0da1e31","local_time":"20201223221130","is_ascension_mode":false,"campfire_choices":[],"circlet_count":0,"master_deck":["SpecialBullet","SpecialBullet","SpecialBullet","SpecialBullet","SpecialBullet","SpecialBullet","SpecialBullet","SpecialBullet","CentralCode","SecurityCode","InformationCode","QueenOfHatred"],"relics":["CogitoBucket","LetterFromLob"],"acts_visited":["Exordium"],"potions_floor_usage":[7],"damage_taken":[{"damage":5,"enemies":"2 Louse","floor":1,"turns":2},{"damage":0,"enemies":"Small Slimes","floor":2,"turns":3},{"damage":6,"enemies":"Cultist","floor":4,"turns":3},{"damage":35,"enemies":"Replay:BlueRogue","floor":7,"turns":4}],"seed_played":"3695363686010690729","potions_obtained":[{"floor":1,"key":"SteroidPotion"},{"floor":2,"key":"DuplicationPotion"}],"is_trial":false,"path_per_floor":["M","M","?","M","M","R","E"],"character_chosen":"Angela","items_purchased":[],"campfire_rested":0,"item_purchase_floors":[],"current_hp_per_floor":[77,77,77,77,27,27,0,0],"gold":152,"neow_bonus":"TEN_PERCENT_HP_BONUS","is_daily":false,"chose_seed":false,"campfire_upgraded":0,"win_rate":0.0,"timestamp":1608790290,"path_taken":["M","M","?","M","M","R","E"],"items_purchased_type":[],"build_version":"2020-12-22","purchased_purges":0,"victory":false,"max_hp_per_floor":[77,77,77,77,78,78,78,78],"card_choices":[{"not_picked":["RedEyes","Beak"],"picked":"SKIP","floor":1},{"not_picked":["Regret_ego","RapturousDream"],"picked":"SKIP","floor":2},{"not_picked":["SpiderBud","Wellcheers"],"picked":"QueenOfHatred","floor":4},{"not_picked":["Reverberation","TodaysExpression"],"picked":"SKIP","floor":4}],"player_experience":21022,"relics_obtained":[{"floor":1,"key":"LetterFromLob"}],"event_choices":[{"damage_healed":0,"gold_gain":0,"player_choice":"Ignored","damage_taken":0,"max_hp_gain":0,"max_hp_loss":0,"event_name":"Golden Wing","floor":3,"gold_loss":0}],"is_beta":false,"boss_relics":[],"items_purged_floors":[],"is_endless":false,"potions_floor_spawned":[1,2],"killed_by":"Replay:BlueRogue","ascension_level":0}}