{"host":"r6ixdbpnwahtqyu3","time":1608782788,"event":{"mods":["BaseMod","CapriCore","Colored Map","Friendly Minions","Koishi","Marisa（霧雨　魔理沙）","Minty Spire (QoL Compilation)","Remilia（蕾米莉?）","StSLib","The Immortal","The Servant 0.9.4"],"gold_per_floor":[111,122,72,23,35,63,63,93,93,127,147,165,193,193,193,321,321,360,275,129,145,98,156,156,169,195,195,210,210,234,293,293,464,464,482,498,498,534,549,625,304,345,372,393,464,464,105,119,119,139,139,139,14,47,47],"floor_reached":56,"playtime":4088,"items_purged":["CharismaGuard","Strike_RM","FavorOfDestiny+1"],"score":1525,"play_id":"0215074e-3190-4ffa-aad7-fa6dd6b619e1","local_time":"20201223230628","is_ascension_mode":true,"campfire_choices":[{"data":"RedMoon","floor":7,"key":"SMITH"},{"data":"UnstableMagic","floor":15,"key":"SMITH"},{"data":"BatForm","floor":24,"key":"SMITH"},{"data":"EternalNight","floor":32,"key":"SMITH"},{"data":"ScarletCoffin","floor":46,"key":"SMITH"},{"floor":49,"key":"RECALL"},{"data":"MastersStateliness","floor":52,"key":"SMITH"}],"circlet_count":0,"master_deck":["Strike_RM+1","Strike_RM+1","Defend_RM+1","Defend_RM","Defend_RM","Defend_RM","RedMoon+1","ScarletShoot+1","BombardNight","UnstableMagic+1","StarOfDavid","BatForm+1","EternalNight+1","MastersStateliness+1","ScarletImprint+1","LeisurelyOfLord+1","ScarletCoffin+1","ScarletImprint+1","VampirishNight","MillenniumVampire+1"],"relics":["ScarletHat","Whetstone","Blue Candle","HornCleat","Pantograph","Tiny Chest","Golden Idol","Sozu","Potion Belt","Strange Spoon","Pen Nib","Prayer Wheel","Orichalcum","ScarletEmblem","Toy Ornithopter","RedBat","Strawberry","StoneCalendar","Regal Pillow","Pear","InkBottle","Lantern"],"acts_visited":["Exordium","TheCity","TheBeyond","TheEnding"],"potions_floor_usage":[11,31,55,55],"damage_taken":[{"damage":1,"enemies":"Cultist","floor":1,"turns":3},{"damage":0,"enemies":"Small Slimes","floor":2,"turns":3},{"damage":2,"enemies":"Jaw Worm","floor":5,"turns":5},{"damage":14,"enemies":"3 Sentries","floor":6,"turns":10},{"damage":5,"enemies":"Lagavulin","floor":8,"turns":10},{"damage":0,"enemies":"Blue Slaver","floor":10,"turns":5},{"damage":0,"enemies":"Red Slaver","floor":11,"turns":4},{"damage":0,"enemies":"Gremlin Gang","floor":12,"turns":2},{"damage":20,"enemies":"Gremlin Nob","floor":13,"turns":6},{"damage":10,"enemies":"The Guardian","floor":16,"turns":16},{"damage":8,"enemies":"Chosen","floor":18,"turns":6},{"damage":5,"enemies":"2 Thieves","floor":21,"turns":3},{"damage":40,"enemies":"Gremlin Leader","floor":23,"turns":8},{"damage":7,"enemies":"3 Cultists","floor":25,"turns":5},{"damage":5,"enemies":"Snake Plant","floor":28,"turns":4},{"damage":0,"enemies":"Shelled Parasite and Fungi","floor":30,"turns":3},{"damage":20,"enemies":"Slavers","floor":31,"turns":8},{"damage":50,"enemies":"Automaton","floor":33,"turns":11},{"damage":9,"enemies":"3 Shapes","floor":35,"turns":5},{"damage":8,"enemies":"Orb Walker","floor":36,"turns":6},{"damage":0,"enemies":"Transient","floor":38,"turns":5},{"damage":8,"enemies":"Spire Growth","floor":39,"turns":4},{"damage":29,"enemies":"Giant Head","floor":40,"turns":8},{"damage":2,"enemies":"Sphere and 2 Shapes","floor":42,"turns":5},{"damage":0,"enemies":"3 Darklings","floor":44,"turns":3},{"damage":21,"enemies":"Reptomancer","floor":45,"turns":6},{"damage":0,"enemies":"4 Shapes","floor":48,"turns":3},{"damage":0,"enemies":"Donu and Deca","floor":50,"turns":7},{"damage":11,"enemies":"Shield and Spear","floor":54,"turns":7},{"damage":181,"enemies":"The Heart","floor":55,"turns":10}],"seed_played":"-1598717444258913141","potions_obtained":[{"floor":1,"key":"PowerPotion"},{"floor":6,"key":"PowerPotion"},{"floor":8,"key":"GamblersBrew"},{"floor":11,"key":"GamblersBrew"},{"floor":11,"key":"Dexterity Potion"},{"floor":12,"key":"Strength Potion"}],"is_trial":false,"path_per_floor":["M","M","?","$","M","E","R","E","T","M","M","M","E","?","R","B",null,"M","?","$","M","$","E","R","M","T","?","M","T","M","E","R","B",null,"M","M","?","M","M","E","$","M","T","M","E","R","$","M","R","B",null,"R","$","E","B",null],"character_chosen":"REMILIA","items_purchased":["FavorOfDestiny","Strange Spoon","MastersStateliness","RedBat","Pear"],"campfire_rested":0,"item_purchase_floors":[4,20,22,41,47],"current_hp_per_floor":[74,75,75,75,73,61,61,60,60,60,62,65,47,29,29,68,75,68,68,68,63,63,28,28,25,25,25,23,23,26,13,13,8,75,66,65,65,75,73,65,65,71,78,82,74,74,84,92,92,92,92,92,92,92,18],"gold":47,"neow_bonus":"RANDOM_COMMON_RELIC","is_daily":false,"chose_seed":false,"campfire_upgraded":6,"win_rate":0.0,"timestamp":1608782788,"path_taken":["M","M","?","$","M","E","R","E","T","M","M","M","E","?","R","BOSS","M","?","$","M","$","E","R","M","T","?","M","?","M","E","R","BOSS","M","M","?","M","M","E","$","M","T","?","E","R","$","M","R","BOSS","R","$","E","BOSS"],"items_purchased_type":["Card","Relic","Card","Relic","Relic"],"build_version":"2020-12-22","purchased_purges":3,"victory":true,"max_hp_per_floor":[75,75,75,75,75,75,75,75,75,75,75,75,75,75,75,75,75,75,75,75,75,75,75,75,75,75,75,75,75,75,75,75,75,75,75,75,75,75,75,75,75,75,82,82,82,82,92,92,92,92,92,92,92,92,92],"card_choices":[{"not_picked":["ForbiddenFruit","ScarletDevil","UnderTheZenith"],"picked":"SKIP","floor":1},{"not_picked":["GlobalNightmare","DiffusionOfMisfortune"],"picked":"BombardNight","floor":2},{"not_picked":["BadLadyScramble","NightDance","ReincarnationDial"],"picked":"SKIP","floor":5},{"not_picked":["ScarletDevil","RedMagic"],"picked":"CharismaGuard","floor":6},{"not_picked":["UnstableMagic","FavorOfDestiny","ScarletDream"],"picked":"SKIP","floor":8},{"not_picked":["DiffusionOfMisfortune","FavorOfDestiny"],"picked":"UnstableMagic","floor":10},{"not_picked":["BombardNight","VampireSweep","Stigmanizer"],"picked":"SKIP","floor":11},{"not_picked":["NightDance","VampireKiss","FavorOfDestiny"],"picked":"SKIP","floor":12},{"not_picked":["UltimateOffering","AfternoonTea"],"picked":"StarOfDavid","floor":13},{"not_picked":["BloodyCatastrophe","BloodRain"],"picked":"BatForm","floor":16},{"not_picked":["VampireSweep","UnstableMagic","BloodHunter"],"picked":"SKIP","floor":18},{"not_picked":["BlasphemousPunishment+1","RedRainbow"],"picked":"EternalNight","floor":21},{"not_picked":["ChainGang","NightDance+1","UltimateOffering"],"picked":"SKIP","floor":23},{"not_picked":["UnderTheZenith","MastersStateliness+1"],"picked":"ScarletImprint+1","floor":25},{"not_picked":["StarOfDavid","RedRainbow"],"picked":"LeisurelyOfLord+1","floor":28},{"not_picked":["Ultimatum","StarOfDavid","BloodHunter"],"picked":"SKIP","floor":30},{"not_picked":["ScarletImprint","EternalNight","VampireKiss+1"],"picked":"SKIP","floor":30},{"not_picked":["BatForm","HunterOfTheNight","DevilSight"],"picked":"SKIP","floor":31},{"not_picked":["EquivalentExchange","KillingBlow"],"picked":"ScarletCoffin","floor":33},{"not_picked":["FavorOfDestiny+1","GlobalNightmare+1","Stigmanizer+1"],"picked":"SKIP","floor":35},{"not_picked":["BadLadyScramble","ScarletDevil+1","UnstableMagic"],"picked":"SKIP","floor":35},{"not_picked":["VampireFantasy","HunterOfTheNight+1","UnstableMagic"],"picked":"SKIP","floor":36},{"not_picked":["UnstableMagic","ScarletImprint+1","DiffusionOfMisfortune"],"picked":"SKIP","floor":36},{"not_picked":["UnstableMagic","DiffusionOfMisfortune"],"picked":"ScarletImprint+1","floor":36},{"not_picked":["VampireFantasy","HunterOfTheNight+1","UnstableMagic"],"picked":"SKIP","floor":36},{"not_picked":["ScarletNetherworld+1","AfternoonTea","CeilingFear"],"picked":"SKIP","floor":38},{"not_picked":["FavorOfDestiny","EndlessAdversity","GlobalNightmare+1"],"picked":"SKIP","floor":38},{"not_picked":["StarOfDavid+1","UnderTheZenith+1"],"picked":"VampirishNight","floor":39},{"not_picked":["Stigmanizer","MastersStateliness+1","DiffusionOfMisfortune+1"],"picked":"SKIP","floor":39},{"not_picked":["NightDance+1","ForbiddenFruit","ReincarnationDial"],"picked":"SKIP","floor":40},{"not_picked":["BombardNight+1","CharismaGuard","NightDance"],"picked":"SKIP","floor":42},{"not_picked":["Stigmanizer","FavorOfDestiny","CurseOfVladTepes"],"picked":"SKIP","floor":42},{"not_picked":["HunterOfTheNight+1","BloodHunter+1","NightLord+1"],"picked":"SKIP","floor":44},{"not_picked":["UnstableMagic+1","ReincarnationDial","BlasphemousPunishment+1"],"picked":"SKIP","floor":44},{"not_picked":["MastersStateliness+1","DemonKingCradle","RedRainbow+1"],"picked":"SKIP","floor":45},{"not_picked":["LeisurelyOfLord+1","VampireKiss"],"picked":"MillenniumVampire+1","floor":48},{"not_picked":["EndlessAdversity+1","VampireKiss+1","EternalNight+1"],"picked":"SKIP","floor":48},{"not_picked":["RedNightlessCastle+1","BloodRain","FavorOfDestiny+1"],"picked":"SKIP","floor":54}],"player_experience":376886,"relics_obtained":[{"floor":6,"key":"Blue Candle"},{"floor":8,"key":"HornCleat"},{"floor":9,"key":"Pantograph"},{"floor":13,"key":"Tiny Chest"},{"floor":23,"key":"Pen Nib"},{"floor":29,"key":"Prayer Wheel"},{"floor":31,"key":"Orichalcum"},{"floor":40,"key":"Toy Ornithopter"},{"floor":43,"key":"Strawberry"},{"floor":44,"key":"StoneCalendar"},{"floor":45,"key":"Regal Pillow"},{"floor":54,"key":"InkBottle"},{"floor":54,"key":"Lantern"}],"event_choices":[{"cards_removed":["Strike_RM"],"damage_healed":0,"gold_gain":0,"player_choice":"Card Removal","damage_taken":0,"max_hp_gain":0,"max_hp_loss":0,"event_name":"The Cleric","floor":3,"gold_loss":50},{"damage_healed":0,"gold_gain":0,"player_choice":"Take Damage","damage_taken":18,"relics_obtained":["Golden Idol"],"max_hp_gain":0,"max_hp_loss":0,"event_name":"Golden Idol","floor":14,"gold_loss":0},{"damage_healed":0,"gold_gain":0,"player_choice":"Obtained Relic","damage_taken":0,"relics_obtained":["Potion Belt"],"max_hp_gain":0,"max_hp_loss":0,"event_name":"Addict","floor":19,"gold_loss":85},{"damage_healed":0,"gold_gain":0,"player_choice":"Forge","damage_taken":0,"max_hp_gain":0,"max_hp_loss":0,"event_name":"Accursed Blacksmith","floor":27,"gold_loss":0,"cards_upgraded":["ScarletShoot"]},{"damage_healed":0,"gold_gain":0,"player_choice":"Bought 0 Potions","damage_taken":0,"max_hp_gain":0,"max_hp_loss":0,"event_name":"The Woman in Blue","floor":37,"gold_loss":0}],"is_beta":false,"boss_relics":[{"not_picked":["Busted Crown","Runic Dome"],"picked":"Sozu"},{"not_picked":["Tiny House","Coffee Dripper"],"picked":"ScarletEmblem"}],"items_purged_floors":[41,47,53],"is_endless":false,"potions_floor_spawned":[1,11,12,13,21,23,31,33,35,38,42,45,48,54],"ascension_level":4}}