{"host":"y8lj6eu4rxnc2qvr","time":1608775590,"event":{"mods":["BaseMod","Downfall","Minty Spire (QoL Compilation)","StSLib"],"gold_per_floor":[119,137,153,172,192,192,202,231,231,250,250,250,269,22,22,127,127,52,52,52,52,52,52,52],"floor_reached":23,"playtime":842,"items_purged":[],"score":195,"play_id":"7deba911-31d5-498c-8a32-a1d46999b72a","local_time":"20201223210630","is_ascension_mode":false,"campfire_choices":[{"floor":6,"key":"REST"},{"data":"Defragment","floor":15,"key":"SMITH"}],"circlet_count":0,"master_deck":["Strike_B+1","Strike_B+1","Strike_B+1","Strike_B+1","Defend_B+1","Defend_B+1","Defend_B+1","Defend_B+1","Zap","Dualcast","Buffer","Self Repair","Loop","Gash","Go for the Eyes","Coolheaded","Conserve Battery","Leap","Defragment+1","Sweeping Beam","Cold Snap","Go for the Eyes","Creative AI","Scrape+1","Conserve Battery"],"relics":["Cracked Core","Regal Pillow","Tiny Chest","Lee\u0027s Waffle","Ectoplasm","Ancient Tea Set"],"acts_visited":["TheCity"],"potions_floor_usage":[8,16,16],"damage_taken":[{"damage":4.0,"enemies":"Jaw Worm","floor":1.0,"turns":4.0},{"damage":6.0,"enemies":"2 Louse","floor":2.0,"turns":3.0},{"damage":17.0,"enemies":"Small Slimes","floor":3.0,"turns":3.0},{"damage":10,"enemies":"2 Fungi Beasts","floor":4,"turns":4},{"damage":21,"enemies":"Large Slime","floor":5,"turns":5},{"damage":17,"enemies":"Exordium Wildlife","floor":7,"turns":3},{"damage":34,"enemies":"3 Sentries","floor":8,"turns":13},{"damage":0,"enemies":"Blue Slaver","floor":10,"turns":4},{"damage":15,"enemies":"Large Slime","floor":13,"turns":6},{"damage":30,"enemies":"Slime Boss","floor":16,"turns":14},{"damage":22,"enemies":"2 Thieves","floor":18,"turns":5},{"damage":16,"enemies":"3 Byrds","floor":20,"turns":6},{"damage":64,"enemies":"Slavers","floor":23,"turns":4}],"seed_played":"-1412208476140877903","potions_obtained":[{"floor":1.0,"key":"Swift Potion"},{"floor":2.0,"key":"SpeedPotion"},{"floor":7,"key":"Slimebound:ThreeZeroPotion"},{"floor":8,"key":"Block Potion"},{"floor":16,"key":"sneckomod:MuddlingPotion"},{"floor":20,"key":"Slimebound:ThreeZeroPotion"}],"is_trial":false,"path_per_floor":["M","M","M","M","M","R","M","E","T","M","?","?","M","$","R","B",null,"M","?","M","$","T","E"],"character_chosen":"DEFECT","items_purchased":["Lee\u0027s Waffle","Cold Snap","Go for the Eyes"],"campfire_rested":1,"item_purchase_floors":[14,14,14],"current_hp_per_floor":[71,72,62,59,45,67,50,23,23,23,23,48,33,82,82,59,82,67,67,58,58,58,0,0],"gold":52,"neow_bonus":"ONE_RANDOM_RARE_CARD","is_daily":false,"chose_seed":false,"campfire_upgraded":1,"win_rate":0.0,"timestamp":1608775590,"path_taken":["M","M","M","M","M","R","M","E","T","M","?","?","M","$","R","BOSS","M","?","M","$","?","E"],"items_purchased_type":["Relic","Card","Card"],"build_version":"2020-12-22","purchased_purges":0,"victory":false,"max_hp_per_floor":[75,75,75,75,75,75,75,75,75,75,75,75,75,82,82,82,82,82,82,82,82,82,82,82],"card_choices":[{"not_picked":["Recycle","Melter"],"picked":"Self Repair","floor":1.0},{"not_picked":["Turbo","Compile Driver"],"picked":"Loop","floor":2.0},{"not_picked":["Stack","Hello World"],"picked":"Gash","floor":3.0},{"not_picked":["Ball Lightning","Barrage"],"picked":"Go for the Eyes","floor":4},{"not_picked":["Compile Driver","Turbo"],"picked":"Coolheaded","floor":5},{"not_picked":["Consume","Beam Cell"],"picked":"Conserve Battery","floor":7},{"not_picked":["Tempest","Compile Driver"],"picked":"Leap","floor":8},{"not_picked":["Streamline","Thunder Strike"],"picked":"Defragment","floor":10},{"not_picked":["Redo","Chaos"],"picked":"Sweeping Beam","floor":13},{"not_picked":["Meteor Strike","Hyperbeam"],"picked":"Creative AI","floor":16},{"not_picked":["Undo","Barrage"],"picked":"Scrape+1","floor":18},{"not_picked":["Skim","Static Discharge+1"],"picked":"Conserve Battery","floor":20}],"player_experience":45907,"relics_obtained":[{"floor":8,"key":"Regal Pillow"},{"floor":9,"key":"Tiny Chest"},{"floor":22,"key":"Ancient Tea Set"}],"event_choices":[{"damage_healed":0,"gold_gain":0,"player_choice":"Ignored","damage_taken":0,"max_hp_gain":0,"max_hp_loss":0,"event_name":"Liars Game","floor":11,"gold_loss":0},{"damage_healed":25,"gold_gain":0,"player_choice":"Banana","damage_taken":0,"max_hp_gain":0,"max_hp_loss":0,"event_name":"Big Fish","floor":12,"gold_loss":0},{"damage_healed":0,"gold_gain":0,"player_choice":"Simplicity","damage_taken":0,"max_hp_gain":0,"max_hp_loss":0,"event_name":"Back to Basics","floor":19,"gold_loss":0,"cards_upgraded":["Strike_B","Strike_B","Strike_B","Strike_B","Defend_B","Defend_B","Defend_B","Defend_B"]}],"is_beta":false,"boss_relics":[{"not_picked":["Runic Pyramid","Astrolabe"],"picked":"Ectoplasm"}],"items_purged_floors":[],"is_endless":false,"potions_floor_spawned":[1,2,7,8,10,16,20],"killed_by":"Slavers","ascension_level":0}}