{"host":"ci7ivtocgfxh0ueo","time":1608823163,"event":{"mods":["BaseMod","GifTheSpireLib","Minty Spire (QoL Compilation)","StSLib"],"gold_per_floor":[116,116,35,35,45,70,70,98,98,248,13,28,28,44,44,122,172,192,192,192,392,99,99,119,138,138,7,7,7],"floor_reached":28,"playtime":650,"items_purged":["Doubt"],"score":461,"play_id":"5be67f32-7f36-4a74-bb8d-37125632e34e","local_time":"20201224231923","is_ascension_mode":true,"campfire_choices":[{"data":"Sucker Punch","floor":7.0,"key":"SMITH"},{"floor":13,"key":"REST"},{"data":"Crippling Poison","floor":15,"key":"SMITH"},{"floor":23,"key":"REST"}],"circlet_count":0,"master_deck":["AscendersBane","Strike_G","Strike_G","Strike_G","Defend_G","Defend_G+1","Defend_G+1","Defend_G","Defend_G+1","Survivor","Neutralize+1","Poisoned Stab","Crippling Poison+1","Masterful Stab","Sucker Punch+1","All Out Attack","Poisoned Stab","Bouncing Flask+1","Corpse Explosion+1","PiercingWail+1","Eviscerate","Infinite Blades","Bane","Bane","Poisoned Stab","Thinking Ahead+1","Leg Sweep+1","Tactician+1","Malaise+1","Distraction+1","Flechettes"],"relics":["Ring of the Snake","NeowsBlessing","Toxic Egg 2","PreservedInsect","Akabeko","Membership Card","Tiny House","Toy Ornithopter","Shuriken"],"acts_visited":["Exordium","TheCity"],"potions_floor_usage":[16,16,16,18,18,24,24,28,28],"damage_taken":[{"damage":0.0,"enemies":"Small Slimes","floor":1.0,"turns":1.0},{"damage":0.0,"enemies":"Jaw Worm","floor":5.0,"turns":1.0},{"damage":0.0,"enemies":"3 Sentries","floor":6.0,"turns":2.0},{"damage":33.0,"enemies":"Gremlin Nob","floor":8.0,"turns":4.0},{"damage":0,"enemies":"Cultist","floor":12,"turns":2},{"damage":0,"enemies":"Exordium Thugs","floor":14,"turns":2},{"damage":21,"enemies":"Hexaghost","floor":16,"turns":9},{"damage":12,"enemies":"3 Byrds","floor":18,"turns":3},{"damage":22,"enemies":"Shell Parasite","floor":24,"turns":5},{"damage":38,"enemies":"Cultist and Chosen","floor":25,"turns":8},{"damage":21,"enemies":"Slavers","floor":28,"turns":4}],"seed_played":"9098495178473055967","potions_obtained":[{"floor":6.0,"key":"ColorlessPotion"},{"floor":8.0,"key":"EntropicBrew"},{"floor":17,"key":"Fire Potion"},{"floor":18,"key":"Weak Potion"}],"is_trial":false,"path_per_floor":["M","?","$","?","M","E","R","E","T","?","$","M","R","M","R","B",null,"M","?","?","?","$","R","M","M","T","$","E"],"character_chosen":"THE_SILENT","items_purchased":["Crippling Poison","Membership Card","SteroidPotion","Toy Ornithopter","BlessingOfTheForge","Bane","Poisoned Stab","Thinking Ahead+1","Leg Sweep+1","DistilledChaos","Distraction+1","Energy Potion","Flechettes"],"campfire_rested":2,"item_purchase_floors":[3,11,11,22,22,22,22,22,22,27,27,27,27],"current_hp_per_floor":[59,59,59,39,39,39,39,6,6,6,6,6,25,25,25,4,56,44,44,44,44,44,65,49,11,11,11,0,0],"gold":7,"neow_bonus":"THREE_ENEMY_KILL","is_daily":false,"chose_seed":false,"campfire_upgraded":2,"win_rate":0.0,"timestamp":1608823163,"path_taken":["M","?","$","?","M","E","R","E","T","?","?","?","R","M","R","BOSS","M","?","?","?","$","R","M","M","T","$","E"],"items_purchased_type":["Card","Relic","Potion","Relic","Potion","Card","Card","Card","Card","Potion","Card","Potion","Card"],"build_version":"2020-12-22","purchased_purges":1,"victory":false,"max_hp_per_floor":[66,66,66,66,66,66,66,66,66,66,66,66,66,66,66,66,71,71,71,71,71,71,71,71,71,71,71,71,71],"card_choices":[{"not_picked":["Dagger Throw","Blur"],"picked":"Poisoned Stab","floor":1.0},{"not_picked":["Skewer","Expertise"],"picked":"Masterful Stab","floor":5.0},{"not_picked":["Flechettes","Deflect+1"],"picked":"Sucker Punch","floor":6.0},{"not_picked":["Glass Knife","Well Laid Plans"],"picked":"All Out Attack","floor":8.0},{"not_picked":["Backflip+1","Blade Dance+1"],"picked":"Poisoned Stab","floor":12},{"not_picked":["Backflip+1","Choke"],"picked":"Bouncing Flask+1","floor":14},{"not_picked":["Malaise+1","Night Terror+1"],"picked":"Corpse Explosion+1","floor":16},{"not_picked":["Dagger Throw","Dodge and Roll+1"],"picked":"PiercingWail+1","floor":17},{"not_picked":["PiercingWail+1","Outmaneuver+1"],"picked":"Eviscerate","floor":18},{"not_picked":["Underhanded Strike","Poisoned Stab"],"picked":"Tactician+1","floor":24},{"not_picked":["Expertise+1","Dagger Spray"],"picked":"Malaise+1","floor":25}],"player_experience":1293523,"relics_obtained":[{"floor":6.0,"key":"Toxic Egg 2"},{"floor":8.0,"key":"PreservedInsect"},{"floor":9.0,"key":"Akabeko"},{"floor":26,"key":"Shuriken"}],"event_choices":[{"damage_healed":0.0,"max_hp_gain":0.0,"max_hp_loss":0.0,"gold_gain":0.0,"event_name":"Living Wall","player_choice":"Grow","floor":2.0,"gold_loss":0.0,"damage_taken":0.0,"cards_upgraded":["Neutralize"]},{"damage_healed":0.0,"max_hp_gain":0.0,"max_hp_loss":0.0,"gold_gain":0.0,"event_name":"Shining Light","player_choice":"Entered Light","floor":4.0,"gold_loss":0.0,"damage_taken":20.0,"cards_upgraded":["Defend_G","Defend_G"]},{"damage_healed":0.0,"max_hp_gain":0.0,"max_hp_loss":0.0,"gold_gain":150.0,"event_name":"Liars Game","player_choice":"AGREE","floor":10.0,"gold_loss":0.0,"damage_taken":0.0,"cards_obtained":["Doubt"]},{"damage_healed":0,"gold_gain":0,"cards_transformed":["Strike_G","Strike_G"],"player_choice":"Became Test Subject","damage_taken":0,"max_hp_gain":0,"max_hp_loss":0,"event_name":"Drug Dealer","floor":19,"gold_loss":0,"cards_obtained":["Infinite Blades","Bane"]},{"damage_healed":0,"gold_gain":0,"player_choice":"Ignored","damage_taken":0,"max_hp_gain":0,"max_hp_loss":0,"event_name":"Vampires","floor":20,"gold_loss":0},{"damage_healed":0,"gold_gain":250,"player_choice":"Bet on Owner","damage_taken":0,"max_hp_gain":0,"max_hp_loss":0,"event_name":"The Joust","floor":21,"gold_loss":50}],"is_beta":false,"boss_relics":[{"not_picked":["Ectoplasm","HoveringKite"],"picked":"Tiny House"}],"items_purged_floors":[11],"is_endless":false,"potions_floor_spawned":[6,8,12,18],"killed_by":"Slavers","ascension_level":17}}