{"host":"fne7yx97fnz7kq05","time":1608830944,"event":{"mods":["BaseMod","Colored Map","Colored Powertips","Highlight Path","Minty Spire (QoL Compilation)","Relic Stats"],"gold_per_floor":[119,119,134,134,158,170,228,254,266,278,323,335,367,405,417,528,540,571,583,595,572,194,194,206,223,292,323,323,349,349,364,364,468,468,480,480,495,495,515,541,541,541,541,23,53,153,11,23,23,23,23,23,23,51,51],"floor_reached":56,"playtime":5503,"items_purged":["Strike_G+1"],"score":1800,"play_id":"ed9c585c-792a-4320-b53b-a88eb405b1f2","local_time":"20201224112904","is_ascension_mode":true,"campfire_choices":[{"data":"Magnetism","floor":6,"key":"SMITH"},{"data":"Skewer","floor":10,"key":"SMITH"},{"data":"Survivor","floor":12,"key":"SMITH"},{"data":"Footwork","floor":15,"key":"SMITH"},{"data":"Noxious Fumes","floor":23,"key":"SMITH"},{"floor":28,"key":"REST"},{"floor":32,"key":"REST"},{"floor":42,"key":"RECALL"},{"floor":49,"key":"REST"},{"data":"After Image","floor":52,"key":"SMITH"}],"circlet_count":0,"master_deck":["AscendersBane","Defend_G+1","Defend_G+1","Defend_G+1","Defend_G+1","Defend_G+1","Survivor+1","Neutralize","Magnetism+1","Leg Sweep","Skewer+1","Blade Dance","Footwork+1","Malaise+1","CurseOfTheBell","Deflect","Noxious Fumes+1","Adrenaline","Terror+1","Dash","After Image+1","Tools of the Trade+1","Calculated Gamble+1","Dagger Spray+1","Dodge and Roll","Backflip","PiercingWail+1","Backflip","Wraith Form v2","PiercingWail"],"relics":["Ring of the Snake","MawBank","The Courier","Pen Nib","Blood Vial","Calling Bell","Snake Skull","InkBottle","CaptainsWheel","WingedGreaves","Darkstone Periapt","Pear","Lizard Tail","Astrolabe","FossilizedHelix","Bottled Tornado","Mummified Hand","Bag of Preparation","ClockworkSouvenir","Incense Burner","OrangePellets","Sundial"],"acts_visited":["Exordium","TheCity","TheBeyond","TheEnding"],"potions_floor_usage":[11,14,21,24,27,33,39,45,50,55],"damage_taken":[{"damage":2,"enemies":"Small Slimes","floor":1,"turns":4},{"damage":4,"enemies":"2 Louse","floor":3,"turns":6},{"damage":4,"enemies":"Jaw Worm","floor":5,"turns":7},{"damage":1,"enemies":"Blue Slaver","floor":8,"turns":6},{"damage":8,"enemies":"Gremlin Nob","floor":11,"turns":4},{"damage":11,"enemies":"Lots of Slimes","floor":13,"turns":9},{"damage":14,"enemies":"3 Sentries","floor":14,"turns":6},{"damage":6,"enemies":"Hexaghost","floor":16,"turns":15},{"damage":2,"enemies":"Shell Parasite","floor":18,"turns":7},{"damage":17,"enemies":"2 Thieves","floor":21,"turns":5},{"damage":25,"enemies":"3 Cultists","floor":24,"turns":8},{"damage":1,"enemies":"Shelled Parasite and Fungi","floor":25,"turns":8},{"damage":12,"enemies":"Gremlin Leader","floor":27,"turns":10},{"damage":0,"enemies":"Book of Stabbing","floor":29,"turns":7},{"damage":6,"enemies":"Sentry and Sphere","floor":31,"turns":8},{"damage":1,"enemies":"Collector","floor":33,"turns":11},{"damage":0,"enemies":"Orb Walker","floor":35,"turns":6},{"damage":6,"enemies":"3 Darklings","floor":37,"turns":8},{"damage":8,"enemies":"Transient","floor":39,"turns":5},{"damage":17,"enemies":"Nemesis","floor":40,"turns":11},{"damage":31,"enemies":"Reptomancer","floor":45,"turns":8},{"damage":0,"enemies":"Maw","floor":48,"turns":9},{"damage":53,"enemies":"Awakened One","floor":50,"turns":22},{"damage":28,"enemies":"Shield and Spear","floor":54,"turns":13},{"damage":32,"enemies":"The Heart","floor":55,"turns":20}],"seed_played":"-887390878017350142","potions_obtained":[{"floor":1,"key":"DuplicationPotion"},{"floor":5,"key":"BlessingOfTheForge"},{"floor":16,"key":"CunningPotion"},{"floor":21,"key":"Weak Potion"},{"floor":25,"key":"BlessingOfTheForge"},{"floor":33,"key":"LiquidMemories"},{"floor":39,"key":"FearPotion"},{"floor":40,"key":"Weak Potion"},{"floor":45,"key":"ColorlessPotion"}],"is_trial":false,"path_per_floor":["M","?","M","?","M","R","T","M","T","R","E","R","M","E","R","B",null,"M","?","?","M","$","R","M","M","T","E","R","E","?","M","R","B",null,"M","?","M","?","M","E","?","R","T","$","E","?","$","M","R","B",null,"R","$","E","B",null],"character_chosen":"THE_SILENT","items_purchased":["Noxious Fumes","Fire Potion","WingedGreaves","Mummified Hand","Bag of Preparation","ClockworkSouvenir","Backflip","Explosive Potion","OrangePellets","Backflip"],"campfire_rested":3,"item_purchase_floors":[22,22,22,44,44,44,44,44,47,47],"current_hp_per_floor":[61,66,62,59,55,55,55,54,54,54,46,46,35,21,21,17,55,55,55,55,40,40,40,17,18,18,18,41,43,43,39,62,63,74,76,76,72,72,66,51,51,51,51,51,22,22,22,24,47,39,68,68,68,42,12],"gold":51,"neow_bonus":"RANDOM_COLORLESS_2","is_daily":false,"chose_seed":false,"campfire_upgraded":6,"win_rate":0.0,"timestamp":1608830944,"path_taken":["M","?","M","?","M","R","?","M","T","R","E","R","M","E","R","BOSS","M","?","?","M","$","R","M","?","T","E","R","E","?","M","R","BOSS","M","?","M","?","?","E","?","R","T","?","E","?","$","M","R","BOSS","R","$","E","BOSS"],"items_purchased_type":["Card","Potion","Relic","Relic","Relic","Relic","Card","Potion","Relic","Card"],"build_version":"2020-12-22","purchased_purges":1,"victory":true,"max_hp_per_floor":[63,68,68,68,68,68,68,68,68,68,68,68,68,68,68,68,68,68,68,68,68,68,68,68,68,68,78,78,78,78,78,78,78,78,78,78,78,78,78,78,78,78,78,78,78,78,78,78,78,78,78,78,78,78,78],"relic_stats":{"Darkstone Periapt":0,"counters":[25,223],"Astrolabe":["Tools of the Trade","Calculated Gamble","Dagger Spray"],"Pen Nib":[36],"Snake Skull":[141],"Bag of Preparation":[10],"MawBank":216,"Blood Vial":36,"OrangePellets":[6],"Lizard Tail":39,"Mummified Hand":[44],"Sundial":[4],"obtain_stats":[{"Darkstone Periapt":26,"Pear":27,"Astrolabe":34,"The Courier":9,"Pen Nib":11,"Snake Skull":17,"Bag of Preparation":44,"Incense Burner":45,"Bottled Tornado":43,"MawBank":4,"ClockworkSouvenir":44,"Blood Vial":14,"Calling Bell":17,"OrangePellets":47,"CaptainsWheel":17,"Lizard Tail":29,"Mummified Hand":44,"Sundial":54,"WingedGreaves":22,"InkBottle":17,"FossilizedHelix":40,"Ring of the Snake":0},{"Darkstone Periapt":12,"Pear":13,"Astrolabe":16,"The Courier":4,"Pen Nib":5,"Snake Skull":8,"Bag of Preparation":20,"Incense Burner":21,"Bottled Tornado":20,"MawBank":2,"ClockworkSouvenir":20,"Blood Vial":7,"Calling Bell":8,"OrangePellets":21,"CaptainsWheel":8,"Lizard Tail":14,"Mummified Hand":20,"Sundial":24,"WingedGreaves":10,"InkBottle":8,"FossilizedHelix":20,"Ring of the Snake":0},{"Darkstone Periapt":85,"Pear":95,"Astrolabe":121,"The Courier":23,"Pen Nib":27,"Snake Skull":57,"Bag of Preparation":151,"Incense Burner":159,"Bottled Tornado":151,"MawBank":10,"ClockworkSouvenir":151,"Blood Vial":42,"Calling Bell":57,"OrangePellets":159,"CaptainsWheel":57,"Lizard Tail":102,"Mummified Hand":151,"Sundial":203,"WingedGreaves":69,"InkBottle":57,"FossilizedHelix":151,"Ring of the Snake":0}],"InkBottle":[82],"Ring of the Snake":[50]},"card_choices":[{"not_picked":["Chrysalis","Secret Technique"],"picked":"Magnetism","floor":0},{"not_picked":["All Out Attack","Cloak And Dagger"],"picked":"Leg Sweep","floor":1},{"not_picked":["Prepared","Expertise","Masterful Stab"],"picked":"SKIP","floor":3},{"not_picked":["Terror","Bane","Blur"],"picked":"SKIP","floor":5},{"not_picked":["Backflip","Terror"],"picked":"Skewer","floor":8},{"not_picked":["Dodge and Roll","Underhanded Strike","Slice"],"picked":"SKIP","floor":11},{"not_picked":["Concentrate","Distraction"],"picked":"Blade Dance","floor":13},{"not_picked":["Bullet Time","Blade Dance"],"picked":"Footwork","floor":14},{"not_picked":["Bullet Time","A Thousand Cuts"],"picked":"Malaise","floor":16},{"not_picked":["Infinite Blades","Acrobatics"],"picked":"Deflect","floor":18},{"not_picked":["Reflex","Bane","Skewer+1"],"picked":"SKIP","floor":21},{"not_picked":["Blade Dance","Accuracy","Quick Slash"],"picked":"SKIP","floor":24},{"not_picked":["Reflex","Masterful Stab","Poisoned Stab"],"picked":"SKIP","floor":25},{"not_picked":["Skewer+1","Cloak And Dagger"],"picked":"Adrenaline","floor":27},{"not_picked":["All Out Attack","Crippling Poison"],"picked":"Terror","floor":29},{"not_picked":["Slice","Quick Slash","Distraction"],"picked":"SKIP","floor":31},{"not_picked":["Doppelganger","Wraith Form v2"],"picked":"After Image","floor":33},{"not_picked":["Outmaneuver","Bane","Flying Knee"],"picked":"SKIP","floor":35},{"not_picked":["Crippling Poison","Concentrate"],"picked":"Dodge and Roll","floor":37},{"not_picked":["Dagger Spray","Expertise","Tactician"],"picked":"SKIP","floor":39},{"not_picked":["Tools of the Trade","Crippling Poison","Sucker Punch"],"picked":"SKIP","floor":40},{"not_picked":["Quick Slash","Masterful Stab+1"],"picked":"PiercingWail+1","floor":45},{"not_picked":["Dagger Throw","Riddle With Holes+1"],"picked":"Wraith Form v2","floor":48},{"not_picked":["Endless Agony","Prepared"],"picked":"PiercingWail","floor":54}],"player_experience":176123,"relics_obtained":[{"floor":9,"key":"The Courier"},{"floor":11,"key":"Pen Nib"},{"floor":14,"key":"Blood Vial"},{"floor":17,"key":"Snake Skull"},{"floor":17,"key":"InkBottle"},{"floor":17,"key":"CaptainsWheel"},{"floor":26,"key":"Darkstone Periapt"},{"floor":27,"key":"Pear"},{"floor":29,"key":"Lizard Tail"},{"floor":40,"key":"FossilizedHelix"},{"floor":43,"key":"Bottled Tornado"},{"floor":45,"key":"Incense Burner"},{"floor":54,"key":"Sundial"}],"event_choices":[{"damage_healed":0,"gold_gain":0,"player_choice":"Donut","damage_taken":0,"max_hp_gain":5,"max_hp_loss":0,"event_name":"Big Fish","floor":2,"gold_loss":0},{"damage_healed":0,"gold_gain":0,"player_choice":"Success","damage_taken":3,"relics_obtained":["MawBank"],"max_hp_gain":0,"max_hp_loss":0,"event_name":"Scrap Ooze","floor":4,"gold_loss":0},{"damage_healed":0,"gold_gain":0,"player_choice":"Simplicity","damage_taken":0,"max_hp_gain":0,"max_hp_loss":0,"event_name":"Back to Basics","floor":19,"gold_loss":0,"cards_upgraded":["Strike_G","Strike_G","Strike_G","Strike_G","Strike_G","Defend_G","Defend_G","Defend_G","Defend_G","Defend_G"]},{"damage_healed":0,"gold_gain":0,"player_choice":"Upgraded","damage_taken":0,"max_hp_gain":0,"max_hp_loss":0,"event_name":"Upgrade Shrine","floor":20,"gold_loss":0,"cards_upgraded":["Malaise"]},{"damage_healed":0,"gold_gain":0,"player_choice":"Read","damage_taken":0,"max_hp_gain":0,"max_hp_loss":0,"event_name":"The Library","floor":30,"gold_loss":0,"cards_obtained":["Dash"]},{"damage_healed":0,"gold_gain":0,"player_choice":"Ignored","damage_taken":0,"max_hp_gain":0,"max_hp_loss":0,"event_name":"Mysterious Sphere","floor":36,"gold_loss":0},{"damage_healed":0,"gold_gain":0,"player_choice":"Forge","damage_taken":0,"max_hp_gain":0,"max_hp_loss":0,"event_name":"Accursed Blacksmith","floor":38,"gold_loss":0,"cards_upgraded":["Terror"]},{"cards_removed":["Strike_G"],"damage_healed":0,"gold_gain":0,"player_choice":"Offered Basic","damage_taken":0,"max_hp_gain":0,"max_hp_loss":0,"event_name":"Bonfire Elementals","floor":41,"gold_loss":0},{"damage_healed":0,"gold_gain":100,"player_choice":"Pray","damage_taken":0,"max_hp_gain":0,"max_hp_loss":0,"event_name":"Golden Shrine","floor":46,"gold_loss":0}],"is_beta":false,"boss_relics":[{"not_picked":["Coffee Dripper","Velvet Choker"],"picked":"Calling Bell"},{"not_picked":["SacredBark","Tiny House"],"picked":"Astrolabe"}],"items_purged_floors":[22],"is_endless":false,"potions_floor_spawned":[1,5,16,21,25,33,39,40,45],"ascension_level":12}}