{"host":"vcrofm1hbk0ziuql","time":1608848012,"event":{"mods":["2.2 Compatiblity","BaseMod","Colored Map","DeckTracker","Downfall","Googly Eyes","Highlight Path","Minty Spire (QoL Compilation)","StSLib"],"gold_per_floor":[113,113,133,208,208,237,256,268,293,305,48,48,48,63,63,164,164,181,192,204,204,204,204,204],"floor_reached":23,"playtime":1224,"items_purged":[],"score":243,"play_id":"654802d1-0be8-432f-802b-8fb1bdb3f7a9","local_time":"20201224221332","is_ascension_mode":false,"campfire_choices":[{"data":"Body Slam","floor":12,"key":"SMITH"},{"data":"Bash","floor":15,"key":"SMITH"}],"circlet_count":0,"master_deck":["Strike_R+1","Strike_R+1","Defend_R","Defend_R","Defend_R","Bash+1","Body Slam+1","True Grit","Shrug It Off","Warcry","Berserk","Dark Embrace+1","Pommel Strike+1","Entrench+1","Rage+1","Metallicize","Ghostly+1","Ghostly+1","Ghostly+1","Ghostly+1","Ghostly+1"],"relics":["Burning Blood","NeowsBlessing","Pen Nib","Toxic Egg 2","WarpedTongs","Astrolabe"],"acts_visited":["Exordium","TheCity"],"potions_floor_usage":[8,16,18],"damage_taken":[{"damage":0,"enemies":"Small Slimes","floor":1,"turns":1},{"damage":0,"enemies":"Jaw Worm","floor":3,"turns":1},{"damage":0,"enemies":"3 Sentries","floor":6,"turns":1},{"damage":0,"enemies":"2 Louse","floor":7,"turns":3},{"damage":7,"enemies":"Gremlin Gang","floor":8,"turns":7},{"damage":1,"enemies":"3 Louse","floor":10,"turns":4},{"damage":5,"enemies":"Lots of Slimes","floor":14,"turns":4},{"damage":35,"enemies":"Hexaghost","floor":16,"turns":9},{"damage":15,"enemies":"3 Byrds","floor":18,"turns":8},{"damage":8,"enemies":"Shell Parasite","floor":19,"turns":6},{"damage":6,"enemies":"Chosen and Byrds","floor":20,"turns":9},{"damage":51,"enemies":"Gremlin Leader","floor":23,"turns":10}],"seed_played":"8674710665988874897","potions_obtained":[{"floor":3,"key":"SneckoOil"},{"floor":6,"key":"LiquidMemories"},{"floor":10,"key":"LiquidMemories"},{"floor":16,"key":"hexamod:EctoCoolerPotion"},{"floor":19,"key":"sneckomod:MuddlingPotion"}],"is_trial":false,"path_per_floor":["M","?","M","?","?","E","M","M","T","M","$","R","?","M","R","B",null,"M","M","M","?","?","E"],"character_chosen":"IRONCLAD","items_purchased":["Toxic Egg 2"],"campfire_rested":0,"item_purchase_floors":[11],"current_hp_per_floor":[80,64,70,59,59,65,71,70,70,75,75,75,75,76,76,47,80,71,69,69,69,40,0,0],"gold":204,"neow_bonus":"THREE_ENEMY_KILL","is_daily":false,"chose_seed":false,"campfire_upgraded":2,"win_rate":0.0,"timestamp":1608848012,"path_taken":["M","?","M","?","?","E","M","?","T","M","$","R","?","M","R","BOSS","M","M","?","?","?","E"],"items_purchased_type":["Relic"],"build_version":"2020-12-22","purchased_purges":0,"victory":false,"max_hp_per_floor":[80,80,80,80,80,80,80,80,80,80,80,80,80,80,80,80,80,80,80,80,80,40,40,40],"card_choices":[{"not_picked":["Clash","Havoc"],"picked":"Body Slam","floor":1},{"not_picked":["Dropkick","Bloodletting","Heavy Blade"],"picked":"SKIP","floor":3},{"not_picked":["Corruption","Thunderclap","Combust"],"picked":"SKIP","floor":6},{"not_picked":["Disarm","Cleave"],"picked":"True Grit","floor":7},{"not_picked":["Perfected Strike","Iron Wave"],"picked":"Shrug It Off","floor":8},{"not_picked":["Dropkick","Twin Strike"],"picked":"Warcry","floor":10},{"not_picked":["Clothesline","Thunderclap","Inflame"],"picked":"SKIP","floor":14},{"not_picked":["Feed","Demon Form"],"picked":"Berserk","floor":16},{"not_picked":["Armaments+1","Sword Boomerang"],"picked":"Rage+1","floor":18},{"not_picked":["Shockwave+1","Heavy Blade"],"picked":"Metallicize","floor":19},{"not_picked":["Reckless Charge+1","Clothesline","Combust"],"picked":"SKIP","floor":20}],"player_experience":547557,"relics_obtained":[{"floor":6,"key":"Pen Nib"}],"event_choices":[{"damage_healed":0,"gold_gain":0,"player_choice":"Entered Light","damage_taken":16,"max_hp_gain":0,"max_hp_loss":0,"event_name":"Shining Light","floor":2,"gold_loss":0,"cards_upgraded":["Strike_R","Strike_R"]},{"damage_healed":0,"gold_gain":75,"player_choice":"Gather Gold","damage_taken":11,"max_hp_gain":0,"max_hp_loss":0,"event_name":"World of Goop","floor":4,"gold_loss":0},{"cards_removed":["Strike_R"],"damage_healed":0,"gold_gain":0,"player_choice":"Purged","damage_taken":0,"max_hp_gain":0,"max_hp_loss":0,"event_name":"Purifier","floor":5,"gold_loss":0},{"damage_healed":0,"gold_gain":0,"player_choice":"Rummage","damage_taken":0,"relics_obtained":["WarpedTongs"],"max_hp_gain":0,"max_hp_loss":0,"event_name":"Accursed Blacksmith","floor":13,"gold_loss":0,"cards_obtained":["Pain"]},{"cards_removed":["Pain"],"damage_healed":0,"gold_gain":0,"player_choice":"Elegance","damage_taken":0,"max_hp_gain":0,"max_hp_loss":0,"event_name":"Back to Basics","floor":21,"gold_loss":0},{"damage_healed":0,"gold_gain":0,"player_choice":"Became a Ghost","damage_taken":0,"max_hp_gain":0,"max_hp_loss":40,"event_name":"Ghosts","floor":22,"gold_loss":0,"cards_obtained":["Ghostly","Ghostly","Ghostly","Ghostly","Ghostly"]}],"is_beta":false,"boss_relics":[{"not_picked":["Coffee Dripper","Cursed Key"],"picked":"Astrolabe"}],"items_purged_floors":[],"is_endless":false,"potions_floor_spawned":[3,6,10,16,19],"killed_by":"Gremlin Leader","ascension_level":0}}