{"host":"vfjw5z5u57sxa51v","time":1608842230,"event":{"mods":["AchievementEnabler","Act Like it!","Aspiration","BaseMod","Better Altar","Better Match","Better Note","Better Sensory Stone","Better Skull","Better Synergies","Better Third Choice","BetterRewards","CCEM","Colored Map","Conspire","Downfall","Duelist Mod","Ekko","GifTheSpireLib","GungeonMod","Halation","Hallownest","Highlight Path","Hubris","Hunter ??","Infinite Spire","Jedi Mod","Minty Spire (QoL Compilation)","Permanent Neow","Replay The Spire","Shade Mod","Shop Mod","Spicy Shops","StSLib","Stuff the Spire","The Bug Knight","The Death Knight","The Mystic","The Necromancer","The Runesmith","The Servant 0.9.4","Unceasing Turn Reminder","everything is the same but u backflip on backflip"],"gold_per_floor":[119,136,84,84,102,134,134,134,134,134,209,221,253,34,34,135,135,150,169,169,60,72,72,92,292,292,325,338,371,385,402,402,505,505,555,555,555,555,608,677,677,677,677,741,796,796,213,252,32,46,46,144,144,163,163,163,176,187,202,218,246,246,239,258,258,283,288,288,382,382,413,431,530,530,530,530,16,16,16,23,10,27,22,25,25,103,103,105,102,100,99,100,86,67,67,67,71,66,66,62,62,62,133,133,133],"floor_reached":104,"playtime":7889,"items_purged":["ekkoTheBoyWhoShatteredTime:DodgeTraining+1","Pain","ekkoTheBoyWhoShatteredTime:GuinsoosRageblade","StuffTheSpire:DeathNote"],"score":2792,"play_id":"985b7489-d238-4768-aacd-a12c9982b469","local_time":"20201224213710","is_ascension_mode":false,"campfire_choices":[{"data":"ekkoTheBoyWhoShatteredTime:MicCheck","floor":8,"key":"SMITH"},{"data":"ekkoTheBoyWhoShatteredTime:NashorsTooth","floor":10,"key":"SMITH"},{"floor":23,"key":"REST"},{"data":"ekkoTheBoyWhoShatteredTime:ItemsAfterimage","floor":32,"key":"SMITH"},{"floor":43,"key":"REST"},{"data":"ekkoTheBoyWhoShatteredTime:Unleashed","floor":51,"key":"SMITH"},{"data":"ekkoTheBoyWhoShatteredTime:MicCheck","floor":68,"key":"SMITH"},{"data":"ekkoTheBoyWhoShatteredTime:Playful","floor":76,"key":"SMITH"},{"floor":85,"key":"DIG"},{"data":"ekkoTheBoyWhoShatteredTime:PulsefirePooling","floor":99,"key":"SMITH"},{"data":"ekkoTheBoyWhoShatteredTime:SandstormSympathy","floor":102,"key":"SMITH"}],"circlet_count":0,"master_deck":["ekkoTheBoyWhoShatteredTime:Strike","ekkoTheBoyWhoShatteredTime:Strike+1","ekkoTheBoyWhoShatteredTime:Strike","ekkoTheBoyWhoShatteredTime:Strike","ekkoTheBoyWhoShatteredTime:Strike","ekkoTheBoyWhoShatteredTime:Defend","ekkoTheBoyWhoShatteredTime:Defend","ekkoTheBoyWhoShatteredTime:Defend","ekkoTheBoyWhoShatteredTime:TimeMaster","ekkoTheBoyWhoShatteredTime:Confident+1","ekkoTheBoyWhoShatteredTime:NeedlesslyLargeRod+1","ekkoTheBoyWhoShatteredTime:NashorsTooth+1","ekkoTheBoyWhoShatteredTime:MicCheck+1","ekkoTheBoyWhoShatteredTime:PulsefirePooling+1","ekkoTheBoyWhoShatteredTime:FluidEnergy+1","ekkoTheBoyWhoShatteredTime:Acceleration+1","ekkoTheBoyWhoShatteredTime:ZhonyasHourglass+1","ekkoTheBoyWhoShatteredTime:ItemsAfterimage+1","ekkoTheBoyWhoShatteredTime:NashorsTooth+1","ekkoTheBoyWhoShatteredTime:AfterimageTease+1","ekkoTheBoyWhoShatteredTime:LichBane+1","ekkoTheBoyWhoShatteredTime:NeedlesslyLargeRod+1","ekkoTheBoyWhoShatteredTime:ComeAtMe+1","ekkoTheBoyWhoShatteredTime:FeelIt+1","ekkoTheBoyWhoShatteredTime:BansheesVeil+1","ekkoTheBoyWhoShatteredTime:QuickBreak+1","ekkoTheBoyWhoShatteredTime:NeedlesslyLargeRod+1","ekkoTheBoyWhoShatteredTime:NeedlesslyLargeRod+1","ekkoTheBoyWhoShatteredTime:AcademyAttraction+1","ekkoTheBoyWhoShatteredTime:Unleashed+1","ekkoTheBoyWhoShatteredTime:PlayTheBeat+1","ekkoTheBoyWhoShatteredTime:DefensiveStance+1","ekkoTheBoyWhoShatteredTime:MicCheck+1","ekkoTheBoyWhoShatteredTime:NeedlesslyLargeRod+1","ekkoTheBoyWhoShatteredTime:Process+1","ekkoTheBoyWhoShatteredTime:AcademyAttraction+1","StuffTheSpire:Rapture","ekkoTheBoyWhoShatteredTime:MicCheck+1","ekkoTheBoyWhoShatteredTime:Playful+1","ekkoTheBoyWhoShatteredTime:SandstormSympathy+1","ekkoTheBoyWhoShatteredTime:DefensiveStance+1","ekkoTheBoyWhoShatteredTime:ItemsAfterimage","ekkoTheBoyWhoShatteredTime:SktSynergy+1","ekkoTheBoyWhoShatteredTime:NeedlesslyLargeRod+1","ekkoTheBoyWhoShatteredTime:NashorsTooth+1","ekkoTheBoyWhoShatteredTime:IcebornGauntlet+1","ekkoTheBoyWhoShatteredTime:PulsefirePooling+1","ekkoTheBoyWhoShatteredTime:MicCheck","hubris:InfiniteBlow","ekkoTheBoyWhoShatteredTime:NeedlesslyLargeRod+1","ekkoTheBoyWhoShatteredTime:NeedlesslyLargeRod+1","hubris:SpecializedCircuitry+1"],"relics":["ekkoTheBoyWhoShatteredTime:zDriveResonance","jedi:crownofsimplicity","StuffTheSpire:NeowsTribute","Gremlin Horn","Frozen Egg 2","Membership Card","aspiration:RitualDagger","Shuriken","Orrery","halation:BottledLove","StuffTheSpire:OldFever","infinitespire:EvilPickle","SlaversCollar","aspiration:Lifesprig","Ancient Tea Set","Ring of Hypnosis","Ring of Peace","HandDrill","DemoMod:WhiteGuonStone","jedi:archwizardhat","hubris:TenFootPole","hubris:EmptyBottle","Replay:Multitool","halation:Sosunser","CCEMRelics:SpiritsEdge","StuffTheSpire:Kangaroo","infinitespire:BottledMercury","Eternal Feather","Whetstone","Philosopher\u0027s Stone","Bottled Tornado","Bronze Scales","Question Card","Lee\u0027s Waffle","Pear","hubris:MysteriousPyramids","CCEMRelics:WhiteRose","aspiration:DefectSkillbook","Replay:Ringing Soul","DemoMod:GlassGuonStoneRelic","Quantum Egg","infinitespire:Lucky Rock","conspire:TopHat","halation:Risk"],"acts_visited":["Exordium","TheCity","TheBeyond","Exordium","TheCity","TheBeyond","TheBeyond"],"potions_floor_usage":[16,22,81,82,93,93,103,103,103,103,103,103,103,103,103,103],"damage_taken":[{"damage":0,"enemies":"Cultist","floor":1,"turns":3},{"damage":0,"enemies":"2 Louse","floor":2,"turns":2},{"damage":1,"enemies":"Small Slimes","floor":5,"turns":4},{"damage":8,"enemies":"3 Sentries","floor":6,"turns":5},{"damage":6,"enemies":"3 Louse","floor":12,"turns":2},{"damage":13,"enemies":"Gremlin Nob","floor":13,"turns":3},{"damage":30,"enemies":"The Guardian","floor":16,"turns":6},{"damage":27,"enemies":"3 Byrds","floor":18,"turns":4},{"damage":9,"enemies":"Snecko","floor":19,"turns":3},{"damage":41,"enemies":"Centurion and Healer","floor":22,"turns":6},{"damage":32,"enemies":"Snake Plant","floor":24,"turns":5},{"damage":31,"enemies":"Slavers","floor":27,"turns":4},{"damage":9,"enemies":"3 Cultists","floor":28,"turns":3},{"damage":16,"enemies":"Book of Stabbing","floor":29,"turns":4},{"damage":27,"enemies":"Centurion and Healer","floor":30,"turns":6},{"damage":12,"enemies":"Cultist and Chosen","floor":31,"turns":4},{"damage":54,"enemies":"Pondfish","floor":33,"turns":6},{"damage":29,"enemies":"3 Shapes","floor":35,"turns":3},{"damage":12,"enemies":"3 Darklings","floor":39,"turns":4},{"damage":38,"enemies":"Nightmare","floor":40,"turns":6},{"damage":12,"enemies":"Maw","floor":44,"turns":4},{"damage":12,"enemies":"Giant Head","floor":48,"turns":5},{"damage":22,"enemies":"Spire Growth","floor":50,"turns":3},{"damage":27,"enemies":"hubris:GrandSnecko","floor":52,"turns":5},{"damage":0,"enemies":"Cultist","floor":54,"turns":1},{"damage":0,"enemies":"Small Slimes","floor":57,"turns":2},{"damage":0,"enemies":"Jaw Worm","floor":58,"turns":2},{"damage":0,"enemies":"Large Slime","floor":59,"turns":2},{"damage":10,"enemies":"3 Louse","floor":60,"turns":2},{"damage":3,"enemies":"Lagavulin","floor":61,"turns":3},{"damage":3,"enemies":"Lots of Slimes","floor":63,"turns":3},{"damage":0,"enemies":"Red Slaver","floor":64,"turns":1},{"damage":0,"enemies":"Gremlin Nob","floor":66,"turns":1},{"damage":3,"enemies":"Large Slime","floor":67,"turns":3},{"damage":12,"enemies":"The Guardian","floor":69,"turns":3},{"damage":0,"enemies":"Shell Parasite","floor":71,"turns":1},{"damage":6,"enemies":"Chosen","floor":72,"turns":3},{"damage":0,"enemies":"Snake Plant","floor":80,"turns":2},{"damage":10,"enemies":"3 Cultists","floor":81,"turns":2},{"damage":11,"enemies":"Gremlin Leader","floor":82,"turns":2},{"damage":0,"enemies":"Sentry and Sphere","floor":83,"turns":1},{"damage":0,"enemies":"Centurion and Healer","floor":84,"turns":2},{"damage":2,"enemies":"hubris:MusketHawk","floor":86,"turns":2},{"damage":0,"enemies":"Orb Walker","floor":88,"turns":2},{"damage":8,"enemies":"3 Shapes","floor":89,"turns":3},{"damage":0,"enemies":"Jaw Worm Horde","floor":90,"turns":1},{"damage":0,"enemies":"Spire Growth","floor":91,"turns":2},{"damage":0,"enemies":"4 Shapes","floor":92,"turns":2},{"damage":16,"enemies":"Nemesis","floor":93,"turns":5},{"damage":0,"enemies":"Maw","floor":94,"turns":2},{"damage":0,"enemies":"Reptomancer","floor":97,"turns":2},{"damage":0,"enemies":"Sphere and 2 Shapes","floor":98,"turns":2},{"damage":1,"enemies":"Nemesis","floor":100,"turns":3},{"damage":0,"enemies":"Donu and Deca","floor":103,"turns":2}],"seed_played":"-1295153913915551745","potions_obtained":[{"floor":1,"key":"SkillPotion"},{"floor":2,"key":"ekkoTheBoyWhoShatteredTime:BottledSheen"},{"floor":13,"key":"Adrenaline Potion"},{"floor":16,"key":"Ancient Potion"},{"floor":18,"key":"SkillPotion"},{"floor":27,"key":"ekkoTheBoyWhoShatteredTime:BottledSheen"},{"floor":29,"key":"DuplicationPotion"},{"floor":48,"key":"DistilledChaos"},{"floor":84,"key":"jedi:mysterypotion"},{"floor":93,"key":"EntropicBrew"},{"floor":103,"key":"Adrenaline Potion"}],"is_trial":false,"path_per_floor":["M","M","$","?","M","E","?","R","T","R","?","M","E","$","R_BF","B",null,"M","M","?","$","M","R","M","?","T","E","M","E","M","M","R","B",null,"M","?","?","AVR","M","NM","PTL","PTL","R","M","T","?","$","E","$","M","R","B",null,"M","?","?","M","M","M","M","E","T","M","M","R","E","M","R","B",null,"M","M","?","?","?","R","$","?","T","M","M","E","M","M","R","B",null,"M","M","M","M","M","E","M","?","T","E","M","R","E","?","R_BF","B",null],"character_chosen":"EKKO_THE_BOY_WHO_SHATTERED_TIME","items_purchased":["ekkoTheBoyWhoShatteredTime:NeedlesslyLargeRod","Membership Card","ekkoTheBoyWhoShatteredTime:FluidEnergy+1","ekkoTheBoyWhoShatteredTime:Acceleration","ekkoTheBoyWhoShatteredTime:NashorsTooth+1","Orrery","ekkoTheBoyWhoShatteredTime:PlayTheBeat+1","HandDrill","DemoMod:WhiteGuonStone","jedi:archwizardhat","hubris:TenFootPole","hubris:EmptyBottle","ekkoTheBoyWhoShatteredTime:DefensiveStance+1","halation:Sosunser","CCEMRelics:SpiritsEdge","ekkoTheBoyWhoShatteredTime:NeedlesslyLargeRod+1","ekkoTheBoyWhoShatteredTime:Process+1","Bottled Tornado","ekkoTheBoyWhoShatteredTime:NeedlesslyLargeRod+1","Bronze Scales","Question Card","Lee\u0027s Waffle"],"campfire_rested":2,"item_purchase_floors":[3,14,14,14,21,21,47,47,47,47,47,47,47,49,49,49,49,77,77,77,77,77],"current_hp_per_floor":[78,78,78,78,77,69,69,69,69,69,58,52,39,39,62,32,78,51,42,42,42,1,24,78,78,78,65,76,78,71,78,78,76,78,60,60,37,37,46,39,39,39,62,78,78,78,78,78,78,67,67,78,78,78,78,78,78,78,78,68,65,65,62,62,78,78,75,78,66,78,78,72,72,63,63,78,85,85,95,95,90,79,79,79,95,94,95,95,87,87,87,87,74,74,74,74,74,74,90,89,89,90,93,93,93],"gold":133,"neow_bonus":"RANDOM_COMMON_RELIC","is_daily":false,"chose_seed":false,"campfire_upgraded":8,"win_rate":0.0,"timestamp":1608842230,"path_taken":["M","M","?","?","M","E","?","R","T","R","?","M","E","?","R_BF","BOSS","M","M","?","$","M","R","M","?","T","E","M","E","?","M","R","BOSS","M","?","?","AVR","M","NM","PTL","PTL","R","M","T","?","$","E","$","M","R","BOSS","M","?","?","?","M","M","M","E","T","M","M","R","E","M","R","BOSS","M","M","?","?","?","R","$","?","T","M","M","E","M","M","R","BOSS","M","M","M","?","M","E","M","?","T","E","M","R","E","?","R_BF","BOSS"],"items_purchased_type":["Card","Relic","Card","Card","Card","Relic","Card","Relic","Relic","Relic","Relic","Relic","Card","Relic","Relic","Card","Card","Relic","Card","Relic","Relic","Relic"],"build_version":"2020-12-22","purchased_purges":4,"victory":false,"max_hp_per_floor":[78,78,78,78,78,78,78,78,78,78,78,78,78,78,78,78,78,78,78,78,78,78,78,78,78,78,78,78,78,78,78,78,78,78,78,78,78,78,78,78,78,78,78,78,78,78,78,78,78,78,78,78,78,78,78,78,78,78,78,78,78,78,78,78,78,78,78,78,78,78,78,78,78,78,78,78,85,85,95,95,95,95,95,95,95,95,95,95,95,95,95,95,95,95,90,90,90,90,90,90,90,90,93,93,93],"card_choices":[{"not_picked":["ekkoTheBoyWhoShatteredTime:WaitForKeyTiming","ekkoTheBoyWhoShatteredTime:Knowledge"],"picked":"ekkoTheBoyWhoShatteredTime:Confident","floor":1},{"not_picked":["ekkoTheBoyWhoShatteredTime:AfterimageSetup","ekkoTheBoyWhoShatteredTime:AfterimageHit"],"picked":"ekkoTheBoyWhoShatteredTime:WideSlice","floor":2},{"not_picked":["ekkoTheBoyWhoShatteredTime:CommittedStrike","ekkoTheBoyWhoShatteredTime:BansheesVeil"],"picked":"ekkoTheBoyWhoShatteredTime:NashorsTooth","floor":5},{"not_picked":["ekkoTheBoyWhoShatteredTime:AfterimageBait","ekkoTheBoyWhoShatteredTime:AfterimageHit"],"picked":"ekkoTheBoyWhoShatteredTime:GuinsoosRageblade","floor":6},{"not_picked":["ekkoTheBoyWhoShatteredTime:PhaseDive","ekkoTheBoyWhoShatteredTime:Leap"],"picked":"ekkoTheBoyWhoShatteredTime:PulsefirePooling","floor":12},{"not_picked":["ekkoTheBoyWhoShatteredTime:SneakHit","ekkoTheBoyWhoShatteredTime:AfterimageTimeWrap","ekkoTheBoyWhoShatteredTime:WaitForKeyTiming"],"picked":"SKIP","floor":13},{"not_picked":["ekkoTheBoyWhoShatteredTime:GrandeFinale","ekkoTheBoyWhoShatteredTime:Unleashed"],"picked":"ekkoTheBoyWhoShatteredTime:ZhonyasHourglass","floor":16},{"not_picked":["ekkoTheBoyWhoShatteredTime:Greed","ekkoTheBoyWhoShatteredTime:PhaseDive","ekkoTheBoyWhoShatteredTime:SpHit+1"],"picked":"SKIP","floor":18},{"not_picked":["ekkoTheBoyWhoShatteredTime:WaitForKeyTiming+1","ekkoTheBoyWhoShatteredTime:ProjectPreference"],"picked":"ekkoTheBoyWhoShatteredTime:ItemsAfterimage","floor":19},{"not_picked":["ekkoTheBoyWhoShatteredTime:WideSlice","ekkoTheBoyWhoShatteredTime:SneakHit+1"],"picked":"ekkoTheBoyWhoShatteredTime:AfterimageTease+1","floor":21},{"not_picked":["ekkoTheBoyWhoShatteredTime:PhaseDive","ekkoTheBoyWhoShatteredTime:LoadUp"],"picked":"ekkoTheBoyWhoShatteredTime:LichBane+1","floor":21},{"not_picked":["ekkoTheBoyWhoShatteredTime:HauntedAfterimage","ekkoTheBoyWhoShatteredTime:DefensiveStance+1"],"picked":"ekkoTheBoyWhoShatteredTime:NeedlesslyLargeRod+1","floor":21},{"not_picked":["ekkoTheBoyWhoShatteredTime:Vibin","ekkoTheBoyWhoShatteredTime:FluidEnergy+1"],"picked":"ekkoTheBoyWhoShatteredTime:DodgeTraining+1","floor":21},{"not_picked":["ekkoTheBoyWhoShatteredTime:SneakHit","ekkoTheBoyWhoShatteredTime:AfterimageHit"],"picked":"ekkoTheBoyWhoShatteredTime:ComeAtMe+1","floor":21},{"not_picked":["ekkoTheBoyWhoShatteredTime:Dash","ekkoTheBoyWhoShatteredTime:CatchUpTime"],"picked":"ekkoTheBoyWhoShatteredTime:FeelIt","floor":22},{"not_picked":["ekkoTheBoyWhoShatteredTime:FeelIt","ekkoTheBoyWhoShatteredTime:NaggingBlow"],"picked":"ekkoTheBoyWhoShatteredTime:BansheesVeil+1","floor":24},{"not_picked":["ekkoTheBoyWhoShatteredTime:AfterimageBait","ekkoTheBoyWhoShatteredTime:FeelIt"],"picked":"ekkoTheBoyWhoShatteredTime:QuickBreak+1","floor":27},{"not_picked":["ekkoTheBoyWhoShatteredTime:Greed","ekkoTheBoyWhoShatteredTime:CalmingWaves","ekkoTheBoyWhoShatteredTime:HauntedAfterimage"],"picked":"SKIP","floor":28},{"not_picked":["ekkoTheBoyWhoShatteredTime:NaggingBlow","ekkoTheBoyWhoShatteredTime:IceBreak"],"picked":"ekkoTheBoyWhoShatteredTime:NeedlesslyLargeRod+1","floor":29},{"not_picked":["ekkoTheBoyWhoShatteredTime:HauntedAfterimage+1","ekkoTheBoyWhoShatteredTime:PhaseDive","ekkoTheBoyWhoShatteredTime:FeelIt"],"picked":"SKIP","floor":30},{"not_picked":["ekkoTheBoyWhoShatteredTime:SneakHit","ekkoTheBoyWhoShatteredTime:AfterimageTease+1"],"picked":"ekkoTheBoyWhoShatteredTime:NeedlesslyLargeRod+1","floor":31},{"not_picked":["ekkoTheBoyWhoShatteredTime:GuinsoosRageblade+1","ekkoTheBoyWhoShatteredTime:ProjectPreference"],"picked":"ekkoTheBoyWhoShatteredTime:AcademyAttraction+1","floor":33},{"not_picked":["ekkoTheBoyWhoShatteredTime:Timewinder+1","ekkoTheBoyWhoShatteredTime:Knowledge","ekkoTheBoyWhoShatteredTime:AfterimageSetup+1"],"picked":"SKIP","floor":35},{"not_picked":["ekkoTheBoyWhoShatteredTime:PhaseDive+1","ekkoTheBoyWhoShatteredTime:IceBreak","ekkoTheBoyWhoShatteredTime:NaggingBlow"],"picked":"SKIP","floor":39},{"not_picked":["ekkoTheBoyWhoShatteredTime:HauntedAfterimage","ekkoTheBoyWhoShatteredTime:QuickBreak+1"],"picked":"ekkoTheBoyWhoShatteredTime:Unleashed","floor":40},{"not_picked":["ekkoTheBoyWhoShatteredTime:Greed+1","ekkoTheBoyWhoShatteredTime:FeelIt+1","ekkoTheBoyWhoShatteredTime:CommittedStrike"],"picked":"SKIP","floor":44},{"not_picked":["ekkoTheBoyWhoShatteredTime:VelocityConsuming+1","ekkoTheBoyWhoShatteredTime:AfterimageTimeWrap"],"picked":"ekkoTheBoyWhoShatteredTime:MicCheck+1","floor":48},{"not_picked":["ekkoTheBoyWhoShatteredTime:IceBreak","ekkoTheBoyWhoShatteredTime:SneakHit","ekkoTheBoyWhoShatteredTime:WideSlice"],"picked":"SKIP","floor":50},{"not_picked":["ekkoTheBoyWhoShatteredTime:PulsefirePooling","ekkoTheBoyWhoShatteredTime:Discharge"],"picked":"ekkoTheBoyWhoShatteredTime:AcademyAttraction+1","floor":52},{"not_picked":["ekkoTheBoyWhoShatteredTime:Timewinder","ekkoTheBoyWhoShatteredTime:BansheesVeil+1","ekkoTheBoyWhoShatteredTime:Leap"],"picked":"SKIP","floor":54},{"not_picked":["StuffTheSpire:Innocence","StuffTheSpire:Brawn"],"picked":"StuffTheSpire:Rapture","floor":55},{"not_picked":["ekkoTheBoyWhoShatteredTime:AfterimageHit","ekkoTheBoyWhoShatteredTime:VelocityConsuming"],"picked":"ekkoTheBoyWhoShatteredTime:MicCheck","floor":57},{"not_picked":["ekkoTheBoyWhoShatteredTime:AfterimageTease","ekkoTheBoyWhoShatteredTime:AfterimageHit"],"picked":"ekkoTheBoyWhoShatteredTime:Playful","floor":58},{"not_picked":["ekkoTheBoyWhoShatteredTime:KeepingMomentum","ekkoTheBoyWhoShatteredTime:Dash","ekkoTheBoyWhoShatteredTime:AfterimageTease"],"picked":"SKIP","floor":59},{"not_picked":["ekkoTheBoyWhoShatteredTime:AfterimageTease","ekkoTheBoyWhoShatteredTime:ParallelConvergence"],"picked":"ekkoTheBoyWhoShatteredTime:SandstormSympathy","floor":60},{"not_picked":["ekkoTheBoyWhoShatteredTime:NaggingBlow","ekkoTheBoyWhoShatteredTime:PhaseDive","ekkoTheBoyWhoShatteredTime:QuickBreak"],"picked":"SKIP","floor":61},{"not_picked":["ekkoTheBoyWhoShatteredTime:ParallelConvergence","ekkoTheBoyWhoShatteredTime:CalmingWaves","ekkoTheBoyWhoShatteredTime:WideSlice"],"picked":"SKIP","floor":63},{"not_picked":["ekkoTheBoyWhoShatteredTime:WideSlice","ekkoTheBoyWhoShatteredTime:PhaseDive"],"picked":"ekkoTheBoyWhoShatteredTime:DefensiveStance+1","floor":64},{"not_picked":["ekkoTheBoyWhoShatteredTime:AfterimageTease","ekkoTheBoyWhoShatteredTime:IceBreak"],"picked":"ekkoTheBoyWhoShatteredTime:ItemsAfterimage","floor":66},{"not_picked":["ekkoTheBoyWhoShatteredTime:Discharge","ekkoTheBoyWhoShatteredTime:Backtrack","ekkoTheBoyWhoShatteredTime:CommittedStrike"],"picked":"SKIP","floor":67},{"not_picked":["ekkoTheBoyWhoShatteredTime:GuinsoosRageblade+1","ekkoTheBoyWhoShatteredTime:TimeIndustry"],"picked":"ekkoTheBoyWhoShatteredTime:SktSynergy+1","floor":69},{"not_picked":["ekkoTheBoyWhoShatteredTime:Leap","ekkoTheBoyWhoShatteredTime:KeepingMomentum","ekkoTheBoyWhoShatteredTime:LoadUp+1"],"picked":"SKIP","floor":71},{"not_picked":["ekkoTheBoyWhoShatteredTime:Backtrack","ekkoTheBoyWhoShatteredTime:AfterimageBait+1","ekkoTheBoyWhoShatteredTime:Greed"],"picked":"SKIP","floor":72},{"not_picked":["ekkoTheBoyWhoShatteredTime:WideSlice","ekkoTheBoyWhoShatteredTime:AfterimageSetup","ekkoTheBoyWhoShatteredTime:QuickBreak+1","ekkoTheBoyWhoShatteredTime:Greed"],"picked":"SKIP","floor":80},{"not_picked":["ekkoTheBoyWhoShatteredTime:DelayedWork+1","ekkoTheBoyWhoShatteredTime:TimeRecall","ekkoTheBoyWhoShatteredTime:Greed+1"],"picked":"ekkoTheBoyWhoShatteredTime:IcebornGauntlet+1","floor":81},{"not_picked":["ekkoTheBoyWhoShatteredTime:BansheesVeil+1","ekkoTheBoyWhoShatteredTime:WaitForKeyTiming","ekkoTheBoyWhoShatteredTime:Knowledge"],"picked":"ekkoTheBoyWhoShatteredTime:PulsefirePooling","floor":82},{"not_picked":["ekkoTheBoyWhoShatteredTime:TimeRecall","ekkoTheBoyWhoShatteredTime:KneeNSwordCombo","ekkoTheBoyWhoShatteredTime:QuickBreak","ekkoTheBoyWhoShatteredTime:AfterimageTease"],"picked":"SKIP","floor":83},{"not_picked":["ekkoTheBoyWhoShatteredTime:SpHit","ekkoTheBoyWhoShatteredTime:Backtrack+1","ekkoTheBoyWhoShatteredTime:NaggingBlow"],"picked":"ekkoTheBoyWhoShatteredTime:MicCheck","floor":84},{"not_picked":["infinitespire:Menacing","infinitespire:Punishment"],"picked":"hubris:InfiniteBlow","floor":87},{"not_picked":["ekkoTheBoyWhoShatteredTime:Disturblast","Hologram","Lockon","ekkoTheBoyWhoShatteredTime:AfterimageBait+1","Genetic Algorithm+1"],"picked":"SKIP","floor":88},{"not_picked":["ekkoTheBoyWhoShatteredTime:SandstormSympathy","ekkoTheBoyWhoShatteredTime:AfterimageBait+1","jedi:spotbugs+1","ekkoTheBoyWhoShatteredTime:WideSlice","ekkoTheBoyWhoShatteredTime:FeelIt+1"],"picked":"SKIP","floor":89},{"not_picked":["ekkoTheBoyWhoShatteredTime:PhaseDive","BasicCrystalCard","jedi:blockon+1","ekkoTheBoyWhoShatteredTime:Disturblast+1"],"picked":"ekkoTheBoyWhoShatteredTime:NeedlesslyLargeRod+1","floor":90},{"not_picked":["jedi:BurstLightning","Conserve Battery","ekkoTheBoyWhoShatteredTime:WaitForKeyTiming","Leap","StuffTheSpire:Rend+1"],"picked":"SKIP","floor":91},{"not_picked":["ReplayGash","ekkoTheBoyWhoShatteredTime:HauntingGuise+1","ekkoTheBoyWhoShatteredTime:CommittedStrike","Ball Lightning"],"picked":"ekkoTheBoyWhoShatteredTime:NeedlesslyLargeRod+1","floor":92},{"not_picked":["ekkoTheBoyWhoShatteredTime:DefensiveStance+1","ekkoTheBoyWhoShatteredTime:ComeAtMe","ekkoTheBoyWhoShatteredTime:Powered","Glacier+1","Hologram+1"],"picked":"SKIP","floor":93},{"not_picked":["ReplayTheSpireMod:Dual Polarity","Rebound+1","Barrage","ekkoTheBoyWhoShatteredTime:VelocityConsuming","ekkoTheBoyWhoShatteredTime:Greed"],"picked":"SKIP","floor":94},{"not_picked":["Redo+1","Coolheaded","Hyperbeam","ekkoTheBoyWhoShatteredTime:ParallelConvergence+1","ekkoTheBoyWhoShatteredTime:SneakHit+1"],"picked":"SKIP","floor":97},{"not_picked":["ekkoTheBoyWhoShatteredTime:TimeRecall","Steam","hubris:PowerSurge+1","StuffTheSpire:LoadUp+1","ekkoTheBoyWhoShatteredTime:DodgeTraining+1"],"picked":"SKIP","floor":98},{"not_picked":["Barrage","FIFO Queue+1","jedi:bruteforce","ekkoTheBoyWhoShatteredTime:CalmingWaves","StuffTheSpire:Coldhearted+1"],"picked":"SKIP","floor":100},{"not_picked":["Biased Cognition+1","Amplify","jedi:bruteforce","jedi:meditation+1"],"picked":"hubris:SpecializedCircuitry+1","floor":103}],"player_experience":29073,"relics_obtained":[{"floor":6,"key":"StuffTheSpire:NeowsTribute"},{"floor":9,"key":"Gremlin Horn"},{"floor":13,"key":"Frozen Egg 2"},{"floor":26,"key":"halation:BottledLove"},{"floor":27,"key":"infinitespire:Beetle Shell"},{"floor":29,"key":"StuffTheSpire:OldFever"},{"floor":40,"key":"aspiration:Lifesprig"},{"floor":45,"key":"Ancient Tea Set"},{"floor":46,"key":"Ring of Hypnosis"},{"floor":46,"key":"Ring of Peace"},{"floor":48,"key":"Replay:Multitool"},{"floor":61,"key":"infinitespire:BottledMercury"},{"floor":62,"key":"Eternal Feather"},{"floor":66,"key":"Whetstone"},{"floor":79,"key":"Pear"},{"floor":82,"key":"hubris:MysteriousPyramids"},{"floor":85,"key":"CCEMRelics:WhiteRose"},{"floor":93,"key":"Replay:Ringing Soul"},{"floor":96,"key":"Quantum Egg"},{"floor":97,"key":"infinitespire:Lucky Rock"},{"floor":100,"key":"conspire:TopHat"}],"event_choices":[{"damage_healed":0,"gold_gain":75,"player_choice":"Gold","damage_taken":11,"max_hp_gain":0,"max_hp_loss":0,"event_name":"betterThird:BetterGoop","floor":11,"gold_loss":0},{"damage_healed":0,"gold_gain":200,"player_choice":"Gold","damage_taken":0,"max_hp_gain":0,"max_hp_loss":0,"event_name":"Wheel of Change","floor":25,"gold_loss":0},{"cards_removed":["ekkoTheBoyWhoShatteredTime:WideSlice"],"damage_healed":0,"gold_gain":0,"player_choice":"Removed Attack","damage_taken":0,"max_hp_gain":0,"max_hp_loss":0,"event_name":"Falling","floor":36,"gold_loss":0},{"damage_healed":0,"gold_gain":0,"player_choice":"Ignored","damage_taken":0,"max_hp_gain":0,"max_hp_loss":0,"event_name":"Transmorgrifier","floor":56,"gold_loss":0},{"damage_healed":0,"gold_gain":99,"player_choice":"Steal","damage_taken":0,"max_hp_gain":0,"max_hp_loss":0,"event_name":"betterThird:BetterNest","floor":73,"gold_loss":0},{"damage_healed":0,"gold_gain":0,"player_choice":"Copied","damage_taken":0,"max_hp_gain":0,"max_hp_loss":0,"event_name":"Duplicator","floor":78,"gold_loss":0,"cards_obtained":["ekkoTheBoyWhoShatteredTime:NashorsTooth"]},{"damage_healed":0,"gold_gain":0,"player_choice":"Max HP","damage_taken":0,"max_hp_gain":0,"max_hp_loss":5,"event_name":"Winding Halls","floor":95,"gold_loss":0},{"cards_removed":["ekkoTheBoyWhoShatteredTime:Defend"],"damage_healed":0,"gold_gain":0,"player_choice":"Removed Skill","damage_taken":0,"max_hp_gain":0,"max_hp_loss":0,"event_name":"Falling","floor":101,"gold_loss":0}],"is_beta":false,"boss_relics":[{"not_picked":["Coffee Dripper","Calling Bell"],"picked":"aspiration:RitualDagger"},{"not_picked":["ChewingGum","halation:LoveArrow"],"picked":"SlaversCollar"},{"not_picked":["StuffTheSpire:RunicConfusion","Snecko Eye"],"picked":"StuffTheSpire:Kangaroo"},{"not_picked":["Replay:Bronze Core","Astrolabe"],"picked":"Philosopher\u0027s Stone"},{"not_picked":["conspire:RunicOctahedron","aspiration:RunicSpoon"],"picked":"aspiration:DefectSkillbook"},{"not_picked":["jedi:paperlyon","Snecko Eye"],"picked":"halation:Risk"}],"items_purged_floors":[38,47,47,77],"is_endless":true,"potions_floor_spawned":[1,2,13,16,18,27,28,29,33,44,48,50,52,54,58,61,63,64,66,80,83,84,89,90,93,98,103],"ascension_level":0}}