{"host":"fne7yx97fnz7kq05","time":1608778330,"event":{"mods":["BaseMod","Colored Map","Colored Powertips","Highlight Path","Minty Spire (QoL Compilation)","Relic Stats"],"gold_per_floor":[112,112,187,187,207,233,233,265,290,322,322,53,87,37,37,134,134,151,171,171,184,184,184,184,219,219,219,246,246,269,298,298,298,298],"floor_reached":33,"playtime":2002,"items_purged":["Strike_G"],"score":723,"play_id":"6879057b-83ac-4bd6-926e-fed296fff48e","local_time":"20201223205210","is_ascension_mode":true,"campfire_choices":[{"data":"Dodge and Roll","floor":7.0,"key":"SMITH"},{"floor":11.0,"key":"REST"},{"data":"Skewer","floor":15.0,"key":"SMITH"},{"floor":23.0,"key":"REST"},{"data":"Creative AI","floor":27.0,"key":"SMITH"},{"data":"Adrenaline","floor":32.0,"key":"SMITH"}],"circlet_count":0,"master_deck":["AscendersBane","Strike_G+1","Strike_G+1","Strike_G+1","Defend_G+1","Defend_G+1","Defend_G+1","Defend_G+1","Defend_G+1","Survivor","Neutralize","Sucker Punch+1","Poisoned Stab","Dodge and Roll+1","Skewer+1","Adrenaline+1","Violence","Panacea","Blade Dance+1","Conserve Battery+1","Creative AI+1","JustLucky+1","Ghostly","Ghostly","Ghostly","Ghostly","Ghostly","Impatience"],"relics":["Ring of the Snake","NeowsBlessing","Regal Pillow","Ancient Tea Set","Happy Flower","Pen Nib","PrismaticShard","Tough Bandages","Sozu","InkBottle","Molten Egg 2","HornCleat","Ornamental Fan","Thread and Needle"],"acts_visited":["Exordium","TheCity"],"potions_floor_usage":[],"damage_taken":[{"damage":0.0,"enemies":"Cultist","floor":1.0,"turns":1.0},{"damage":0.0,"enemies":"Small Slimes","floor":5.0,"turns":1.0},{"damage":0.0,"enemies":"Lagavulin","floor":6.0,"turns":1.0},{"damage":12.0,"enemies":"Gremlin Nob","floor":8.0,"turns":4.0},{"damage":23.0,"enemies":"Lagavulin","floor":10.0,"turns":8.0},{"damage":11.0,"enemies":"Gremlin Nob","floor":13.0,"turns":4.0},{"damage":0.0,"enemies":"Slime Boss","floor":16.0,"turns":3.0},{"damage":0.0,"enemies":"Chosen","floor":18.0,"turns":3.0},{"damage":24.0,"enemies":"3 Byrds","floor":19.0,"turns":8.0},{"damage":0.0,"enemies":"Sentry and Sphere","floor":21.0,"turns":3.0},{"damage":0.0,"enemies":"Slavers","floor":25.0,"turns":6.0},{"damage":1.0,"enemies":"Gremlin Leader","floor":28.0,"turns":7.0},{"damage":0.0,"enemies":"Slavers","floor":31.0,"turns":6.0},{"damage":40,"enemies":"Collector","floor":33,"turns":8}],"seed_played":"-960008510850399887","potions_obtained":[{"floor":4.0,"key":"EntropicBrew"},{"floor":4.0,"key":"AttackPotion"},{"floor":10.0,"key":"SneckoOil"},{"floor":13.0,"key":"FearPotion"}],"is_trial":false,"path_per_floor":["M","?","?","?","M","E","R","E","T","E","R","$","E","?","R","B",null,"M","M","?","M","?","R","?","E","T","R","E","?","T","E","R","B"],"character_chosen":"THE_SILENT","items_purchased":["PrismaticShard","Weak Potion"],"campfire_rested":2,"item_purchase_floors":[12,12],"current_hp_per_floor":[63,63,52,52,52,52,52,40,40,17,53,53,42,42,42,42,63,63,39,26,26,26,63,63,63,63,63,62,37,37,37,37,0,0],"gold":298,"neow_bonus":"THREE_ENEMY_KILL","is_daily":false,"chose_seed":false,"campfire_upgraded":4,"win_rate":0.0,"timestamp":1608778330,"path_taken":["M","?","?","?","?","E","R","E","T","E","R","$","E","?","R","BOSS","M","M","?","M","?","R","?","E","T","R","E","?","?","E","R","BOSS"],"items_purchased_type":["Relic","Potion"],"build_version":"2020-12-22","purchased_purges":1,"victory":false,"max_hp_per_floor":[70,70,70,70,70,70,70,70,70,70,70,70,70,70,70,70,70,70,70,75,75,75,75,75,75,75,75,75,37,37,37,37,37,37],"relic_stats":{"Sozu":3,"Regal Pillow":30,"Tough Bandages":[30],"Happy Flower":[18],"counters":[14,63],"Ornamental Fan":[28],"Pen Nib":[12],"obtain_stats":[{"Regal Pillow":6,"NeowsBlessing":0,"Happy Flower":9,"Thread and Needle":31,"Pen Nib":10,"Ancient Tea Set":8,"PrismaticShard":12,"Sozu":17,"Tough Bandages":13,"HornCleat":26,"Ornamental Fan":28,"Molten Egg 2":25,"InkBottle":22,"Ring of the Snake":0},{"Regal Pillow":3,"NeowsBlessing":0,"Happy Flower":4,"Thread and Needle":13,"Pen Nib":5,"Ancient Tea Set":4,"PrismaticShard":5,"Sozu":7,"Tough Bandages":6,"HornCleat":11,"Ornamental Fan":12,"Molten Egg 2":11,"InkBottle":10,"Ring of the Snake":0},{"Regal Pillow":3,"NeowsBlessing":0,"Happy Flower":7,"Thread and Needle":55,"Pen Nib":15,"Ancient Tea Set":7,"PrismaticShard":15,"Sozu":22,"Tough Bandages":19,"HornCleat":42,"Ornamental Fan":49,"Molten Egg 2":42,"InkBottle":36,"Ring of the Snake":0}],"InkBottle":[15],"Ring of the Snake":[28]},"card_choices":[{"not_picked":["Slice","Deadly Poison"],"picked":"Sucker Punch","floor":1.0},{"not_picked":["Acrobatics","Prepared"],"picked":"Poisoned Stab","floor":5.0},{"not_picked":["Sucker Punch","Wraith Form v2"],"picked":"Dodge and Roll","floor":6.0},{"not_picked":["Dodge and Roll","Poisoned Stab"],"picked":"Skewer","floor":8.0},{"not_picked":["Dagger Throw","Concentrate"],"picked":"Adrenaline","floor":10.0},{"not_picked":["Masterful Stab","Sucker Punch","Concentrate"],"picked":"SKIP","floor":13.0},{"not_picked":["Night Terror","DevaForm"],"picked":"Violence","floor":16.0},{"not_picked":["SignatureMove","Compile Driver"],"picked":"Panacea","floor":18.0},{"not_picked":["Bane","Redo+1"],"picked":"Blade Dance+1","floor":19.0},{"not_picked":["Sunder","Riddle With Holes"],"picked":"Conserve Battery+1","floor":21.0},{"not_picked":["Outmaneuver","Prepared+1"],"picked":"Creative AI","floor":25.0},{"not_picked":["Judgement","Intimidate+1"],"picked":"JustLucky+1","floor":28.0},{"not_picked":["Stack","Accuracy"],"picked":"Impatience","floor":31.0}],"player_experience":161780,"relics_obtained":[{"floor":6.0,"key":"Regal Pillow"},{"floor":8.0,"key":"Ancient Tea Set"},{"floor":9.0,"key":"Happy Flower"},{"floor":10.0,"key":"Pen Nib"},{"floor":13.0,"key":"Tough Bandages"},{"floor":25.0,"key":"Molten Egg 2"},{"floor":26.0,"key":"HornCleat"},{"floor":28.0,"key":"Ornamental Fan"},{"floor":31.0,"key":"Thread and Needle"}],"event_choices":[{"damage_healed":0.0,"max_hp_gain":0.0,"max_hp_loss":0.0,"gold_gain":0.0,"event_name":"Living Wall","player_choice":"Grow","floor":2.0,"gold_loss":0.0,"damage_taken":0.0,"cards_upgraded":["Sucker Punch"]},{"damage_healed":0.0,"max_hp_gain":0.0,"max_hp_loss":0.0,"gold_gain":75.0,"event_name":"World of Goop","player_choice":"Gather Gold","floor":3.0,"gold_loss":0.0,"damage_taken":11.0},{"damage_healed":0.0,"max_hp_gain":0.0,"max_hp_loss":0.0,"gold_gain":0.0,"event_name":"Lab","player_choice":"Got Potions","floor":4.0,"gold_loss":0.0,"damage_taken":0.0},{"cards_removed":["Strike_G"],"damage_healed":0.0,"max_hp_gain":0.0,"max_hp_loss":0.0,"gold_gain":0.0,"event_name":"The Cleric","player_choice":"Card Removal","floor":14.0,"gold_loss":50.0,"damage_taken":0.0},{"damage_healed":0.0,"max_hp_gain":5.0,"max_hp_loss":0.0,"gold_gain":0.0,"event_name":"Forgotten Altar","player_choice":"Shed Blood","floor":20.0,"gold_loss":0.0,"damage_taken":18.0},{"damage_healed":0.0,"max_hp_gain":0.0,"max_hp_loss":0.0,"gold_gain":0.0,"event_name":"The Mausoleum","player_choice":"Opened","floor":22.0,"gold_loss":0.0,"damage_taken":0.0,"relics_obtained":["InkBottle"]},{"damage_healed":0.0,"max_hp_gain":0.0,"max_hp_loss":0.0,"gold_gain":0.0,"event_name":"Back to Basics","player_choice":"Simplicity","floor":24.0,"gold_loss":0.0,"damage_taken":0.0,"cards_upgraded":["Strike_G","Strike_G","Strike_G","Defend_G","Defend_G","Defend_G","Defend_G","Defend_G"]},{"damage_healed":0.0,"max_hp_gain":0.0,"max_hp_loss":38.0,"gold_gain":0.0,"event_name":"Ghosts","player_choice":"Became a Ghost","floor":29.0,"gold_loss":0.0,"damage_taken":0.0,"cards_obtained":["Ghostly","Ghostly","Ghostly","Ghostly","Ghostly"]}],"is_beta":false,"boss_relics":[{"not_picked":["Cursed Key","SacredBark"],"picked":"Sozu"}],"items_purged_floors":[12],"is_endless":false,"potions_floor_spawned":[5,10,13,21,25,28],"killed_by":"Collector","ascension_level":11}}