{"host":"o0q01dgb4z8zpo6o","time":1608772036,"event":{"mods":["BaseMod","GifTheSpireLib","Minty Spire (QoL Compilation)","Relic Stats","StSLib"],"gold_per_floor":[109,109,34,54,54,54,85,85,85,103,116,116,134,164,164,238,238,252,112,112,124,142,142,54,54,54,54,84,94,111,129,129,203,203,221,221,40,65,65,99,117,150,177,203,53,53,68,92,92,92],"floor_reached":51,"playtime":5216,"items_purged":["Regret","Strike_B","Strike_B","Strike_B"],"score":1508,"play_id":"c808daa7-1753-43a5-b01d-1c50743679dd","local_time":"20201223170716","is_ascension_mode":true,"campfire_choices":[{"data":"Buffer","floor":6.0,"key":"SMITH"},{"data":"Dualcast","floor":12.0,"key":"SMITH"},{"data":"Storm","floor":15.0,"key":"SMITH"},{"data":"Leap","floor":23.0,"key":"SMITH"},{"data":"Capacitor","floor":25.0,"key":"SMITH"},{"data":"Conserve Battery","floor":27.0,"key":"SMITH"},{"data":"Echo Form","floor":32.0,"key":"SMITH"},{"data":"Loop","floor":46,"key":"SMITH"},{"data":"Seek","floor":49,"key":"SMITH"}],"circlet_count":0,"master_deck":["AscendersBane","Strike_B","Defend_B","Defend_B+1","Defend_B","Defend_B","Zap","Dualcast+1","Buffer+1","Ball Lightning+1","Storm+1","Core Surge","Hello World","Cold Snap","Echo Form+1","Leap+1","Defragment+1","Conserve Battery+1","Ball Lightning+1","Capacitor+1","Compile Driver","Seek+1","Glacier","Barrage","Loop+1","Hologram+1","Chaos+1","Recycle"],"relics":["Cracked Core","PreservedInsect","Anchor","StrikeDummy","Mercury Hourglass","Coffee Dripper","Kunai","Sundial","Black Star","Incense Burner","Letter Opener","Potion Belt","Darkstone Periapt","Mango","Art of War","Symbiotic Virus","Meat on the Bone","Ancient Tea Set"],"acts_visited":["Exordium","TheCity","TheBeyond"],"potions_floor_usage":[42,50,50,50],"damage_taken":[{"damage":0.0,"enemies":"Cultist","floor":1.0,"turns":4.0},{"damage":0.0,"enemies":"Jaw Worm","floor":4.0,"turns":3.0},{"damage":0.0,"enemies":"Gremlin Nob","floor":7.0,"turns":4.0},{"damage":0.0,"enemies":"2 Louse","floor":10.0,"turns":1.0},{"damage":2.0,"enemies":"Exordium Thugs","floor":11.0,"turns":4.0},{"damage":4.0,"enemies":"Red Slaver","floor":13.0,"turns":3.0},{"damage":8.0,"enemies":"3 Sentries","floor":14.0,"turns":4.0},{"damage":0.0,"enemies":"Slime Boss","floor":16.0,"turns":5.0},{"damage":26.0,"enemies":"2 Thieves","floor":18.0,"turns":4.0},{"damage":0.0,"enemies":"Chosen","floor":21.0,"turns":3.0},{"damage":13.0,"enemies":"Shelled Parasite and Fungi","floor":22.0,"turns":6.0},{"damage":9.0,"enemies":"Gremlin Leader","floor":28.0,"turns":5.0},{"damage":0.0,"enemies":"Centurion and Healer","floor":29.0,"turns":5.0},{"damage":0.0,"enemies":"Cultist and Chosen","floor":30.0,"turns":5.0},{"damage":0.0,"enemies":"Chosen and Byrds","floor":31.0,"turns":4.0},{"damage":2.0,"enemies":"Champ","floor":33.0,"turns":8.0},{"damage":16.0,"enemies":"Orb Walker","floor":35.0,"turns":4.0},{"damage":0.0,"enemies":"Mind Bloom Boss Battle","floor":38.0,"turns":6.0},{"damage":0,"enemies":"Giant Head","floor":40,"turns":8},{"damage":13,"enemies":"3 Darklings","floor":41,"turns":5},{"damage":8,"enemies":"Reptomancer","floor":42,"turns":4},{"damage":0,"enemies":"Giant Head","floor":44,"turns":6},{"damage":5,"enemies":"4 Shapes","floor":47,"turns":3},{"damage":29,"enemies":"Donu and Deca","floor":50,"turns":8}],"seed_played":"5549568508865011669","potions_obtained":[{"floor":1.0,"key":"Explosive Potion"},{"floor":10.0,"key":"SkillPotion"},{"floor":16.0,"key":"PotionOfCapacity"},{"floor":18.0,"key":"BlessingOfTheForge"},{"floor":22.0,"key":"PotionOfCapacity"},{"floor":40,"key":"Regen Potion"},{"floor":47,"key":"Ancient Potion"}],"is_trial":false,"path_per_floor":["M","?","$","M","$","R","E","?","T","M","M","R","M","E","R","B",null,"M","$","?","M","M","R","$","R","T","R","E","M","M","M","R","B",null,"M","?","$","?","?","E","M","E","T","E","$","R","M","T","R","B",null],"character_chosen":"DEFECT","items_purchased":["Defragment","Capacitor","Barrage"],"campfire_rested":0,"item_purchase_floors":[19,24,37],"current_hp_per_floor":[64,64,64,64,64,64,64,43,43,43,41,41,37,29,29,29,61,35,35,35,35,22,22,22,22,22,22,13,13,13,13,13,11,56,40,40,40,40,40,40,27,45,45,45,45,45,52,52,52,35],"gold":92,"neow_bonus":"ONE_RANDOM_RARE_CARD","is_daily":false,"chose_seed":false,"campfire_upgraded":9,"win_rate":0.0,"timestamp":1608772036,"path_taken":["M","?","$","M","$","R","E","?","T","M","M","R","?","E","R","BOSS","M","?","?","M","M","R","$","R","T","R","E","M","?","M","R","BOSS","M","?","$","?","?","E","?","E","T","E","?","R","M","?","R","BOSS"],"items_purchased_type":["Card","Card","Card"],"build_version":"2020-12-22","purchased_purges":4,"victory":true,"max_hp_per_floor":[71,71,71,71,71,71,71,71,71,71,71,71,71,71,71,71,71,71,71,71,71,71,71,71,71,71,71,71,71,71,71,71,71,71,71,71,71,71,71,71,71,85,85,85,85,85,85,85,85,85],"relic_stats":{"Darkstone Periapt":0,"counters":[24,112],"Sundial":[6],"PreservedInsect":429,"Black Star":3,"Art of War":[4],"Kunai":[16],"Letter Opener":[45],"obtain_stats":[{"Potion Belt":40,"Darkstone Periapt":42,"Mango":42,"PreservedInsect":2,"Incense Burner":38,"Letter Opener":40,"Ancient Tea Set":48,"Mercury Hourglass":14,"Anchor":7,"Sundial":28,"Coffee Dripper":17,"Black Star":34,"Art of War":43,"Kunai":26,"Cracked Core":0,"StrikeDummy":9,"Symbiotic Virus":44,"Meat on the Bone":44},{"Potion Belt":19,"Darkstone Periapt":21,"Mango":21,"PreservedInsect":1,"Incense Burner":18,"Letter Opener":19,"Ancient Tea Set":23,"Mercury Hourglass":7,"Anchor":3,"Sundial":12,"Coffee Dripper":8,"Black Star":16,"Art of War":21,"Kunai":11,"Cracked Core":0,"StrikeDummy":3,"Symbiotic Virus":22,"Meat on the Bone":22},{"Potion Belt":86,"Darkstone Periapt":95,"Mango":95,"PreservedInsect":4,"Incense Burner":78,"Letter Opener":86,"Ancient Tea Set":104,"Mercury Hourglass":23,"Anchor":11,"Sundial":46,"Coffee Dripper":28,"Black Star":68,"Art of War":95,"Kunai":41,"Cracked Core":0,"StrikeDummy":11,"Symbiotic Virus":101,"Meat on the Bone":101}],"Mercury Hourglass":[354],"Meat on the Bone":24},"card_choices":[{"not_picked":["Gash","Beam Cell"],"picked":"Ball Lightning","floor":1.0},{"not_picked":["Tempest","Self Repair"],"picked":"Storm","floor":4.0},{"not_picked":["Glacier","Steam Power"],"picked":"Core Surge","floor":7.0},{"not_picked":["Steam Power","Turbo"],"picked":"Hello World","floor":10.0},{"not_picked":["Blizzard","Redo"],"picked":"Cold Snap","floor":11.0},{"not_picked":["Aggregate","BootSequence","Beam Cell"],"picked":"SKIP","floor":13.0},{"not_picked":["Beam Cell","Gash","Aggregate"],"picked":"SKIP","floor":14.0},{"not_picked":["Multi-Cast","Seek"],"picked":"Echo Form","floor":16.0},{"not_picked":["Go for the Eyes","Ball Lightning"],"picked":"Leap","floor":18.0},{"not_picked":["Ball Lightning","Hello World"],"picked":"Conserve Battery","floor":21.0},{"not_picked":["Beam Cell","Leap"],"picked":"Ball Lightning+1","floor":22.0},{"not_picked":["Genetic Algorithm","Fusion","BootSequence"],"picked":"SKIP","floor":28.0},{"not_picked":["Meteor Strike","Streamline"],"picked":"Compile Driver","floor":29.0},{"not_picked":["Sweeping Beam","Gash","Go for the Eyes+1"],"picked":"SKIP","floor":30.0},{"not_picked":["Sunder","Stack","Rebound"],"picked":"SKIP","floor":31.0},{"not_picked":["Rainbow","Reboot"],"picked":"Seek","floor":33.0},{"not_picked":["Hologram","Undo"],"picked":"Glacier","floor":35.0},{"not_picked":["Skim","Compile Driver+1"],"picked":"Loop","floor":40},{"not_picked":["Sweeping Beam","Genetic Algorithm"],"picked":"Hologram+1","floor":41},{"not_picked":["Doom and Gloom","Barrage+1"],"picked":"Chaos+1","floor":42},{"not_picked":["Storm","Fission","Compile Driver+1"],"picked":"SKIP","floor":44},{"not_picked":["Sweeping Beam","Leap"],"picked":"Recycle","floor":47}],"player_experience":1033554,"relics_obtained":[{"floor":7.0,"key":"Anchor"},{"floor":9.0,"key":"StrikeDummy"},{"floor":14.0,"key":"Mercury Hourglass"},{"floor":26.0,"key":"Kunai"},{"floor":28.0,"key":"Sundial"},{"floor":38.0,"key":"Incense Burner"},{"floor":40,"key":"Letter Opener"},{"floor":40,"key":"Potion Belt"},{"floor":42,"key":"Darkstone Periapt"},{"floor":42,"key":"Mango"},{"floor":43,"key":"Art of War"},{"floor":44,"key":"Symbiotic Virus"},{"floor":44,"key":"Meat on the Bone"},{"floor":48,"key":"Ancient Tea Set"}],"event_choices":[{"damage_healed":0.0,"max_hp_gain":0.0,"max_hp_loss":0.0,"gold_gain":0.0,"event_name":"Big Fish","player_choice":"Box","floor":2.0,"gold_loss":0.0,"damage_taken":0.0,"relics_obtained":["PreservedInsect"],"cards_obtained":["Regret"]},{"damage_healed":0.0,"max_hp_gain":0.0,"max_hp_loss":0.0,"gold_gain":0.0,"event_name":"Shining Light","player_choice":"Entered Light","floor":8.0,"gold_loss":0.0,"damage_taken":21.0,"cards_upgraded":["Defend_B","Ball Lightning"]},{"damage_healed":0.0,"max_hp_gain":0.0,"max_hp_loss":0.0,"gold_gain":0.0,"event_name":"Upgrade Shrine","player_choice":"Upgraded","floor":20.0,"gold_loss":0.0,"damage_taken":0.0,"cards_upgraded":["Defragment"]},{"damage_healed":0.0,"max_hp_gain":0.0,"max_hp_loss":0.0,"gold_gain":0.0,"event_name":"Tomb of Lord Red Mask","player_choice":"Ignored","floor":36.0,"gold_loss":0.0,"damage_taken":0.0},{"damage_healed":0.0,"max_hp_gain":0.0,"max_hp_loss":0.0,"gold_gain":0.0,"event_name":"MindBloom","player_choice":"Fight","floor":38.0,"gold_loss":0.0,"damage_taken":0.0},{"damage_healed":0.0,"max_hp_gain":0.0,"max_hp_loss":0.0,"gold_gain":0.0,"event_name":"Mysterious Sphere","player_choice":"Ignored","floor":39.0,"gold_loss":0.0,"damage_taken":0.0}],"is_beta":false,"boss_relics":[{"not_picked":["Runic Dome","Cursed Key"],"picked":"Coffee Dripper"},{"not_picked":["SlaversCollar","SacredBark"],"picked":"Black Star"}],"items_purged_floors":[3,19,37,45],"is_endless":false,"potions_floor_spawned":[1,10,11,13,14,16,18,22,31,33,40,47],"ascension_level":16}}