{"host":"djfsqftupta9xgss","time":1608811457,"event":{"mods":["ATMod(°¢èªMod)","Act Like it!","BaseMod","Gensokyo","Minty Spire (QoL Compilation)","MostiFishMod","Replay The Spire","Spicy Shops","StSLib","TestMod"],"gold_per_floor":[117,130,30,30,58,84,84,114,114,127,160,0,11,25,25,101,101,117,516,615,361,373,401,415,446,446,446,446,470,470,504,504,574,574,590,604,524,474,493,527,527,527,552,552,586,586,604,615,615,615,615,615,615,75,107,107],"floor_reached":57,"playtime":3217,"items_purged":["Strike_R","Strike_R","Strike_R","Strike_R"],"score":2977,"play_id":"9174aa54-b919-4044-bf7b-51184c13b8e3","local_time":"20201224200417","is_ascension_mode":true,"campfire_choices":[{"data":"AT_FamilyPortrait","floor":7.0,"key":"SMITH"},{"data":"Armaments","floor":15.0,"key":"SMITH"},{"floor":28.0,"key":"RECALL"},{"floor":30.0,"key":"REST"},{"data":"Gensokyo:FourOfAKind","floor":32.0,"key":"SMITH"},{"data":"Gensokyo:FourOfAKind","floor":41.0,"key":"SMITH"},{"data":"Gensokyo:FourOfAKind","floor":44.0,"key":"SMITH"},{"data":"Gensokyo:FourOfAKind","floor":49.0,"key":"SMITH"},{"data":"MostiFishMod:UltimateDefense","floor":53.0,"key":"SMITH"}],"circlet_count":0,"master_deck":["AscendersBane","Strike_R","Defend_R","Defend_R","Defend_R","Defend_R","Bash","AT_FamilyPortrait+1","AT_BodySlamDance","AT_CaressingTears","MostiFishMod:#F4004","Pommel Strike","MostiFishMod:UltimateDefense+1","AT_EmpoweredMortalDraw","Evolve","Gensokyo:FourOfAKind+1","Gensokyo:FourOfAKind+1","Gensokyo:FourOfAKind+1","Gensokyo:FourOfAKind+1","Reaper","Gensokyo:CustomPotion","Impervious+1","Burning Pact+1","AT_DiedThrough+1","Barricade","AT_Dispersion+1"],"relics":["Burning Blood","DaveBox","testmod-TestBox","Membership Card","testmod-Charity","NeowsBlessing","White Beast Statue","testmod-AssaultLearning","Gambling Chip","Onion Ring","Regal Pillow","Enchiridion","AT_MortalBlade","SentryEyes","ThornShield","Mummified Hand","AT_BladeRuinedKing","Orichalcum","Red Skull","Snack Pack","Smiling Mask","ReplayTheSpireMod:Spearhead","Painkiller Herb","BargainBundle","Bag of Marbles","Singing Bowl","Toxic Egg 2","Replay:Mystery Machine","Toolbox","testmod-RealStoneCalender","Gremlin Food","Meat on the Bone","Gensokyo:EmptyGrave","Strawberry","AT_SpeedBoots","BrkXgEgg","Strange Spoon","Blood Vial"],"acts_visited":["Exordium","Gensokyo:Gensokyo","Gensokyo:Gensokyoer","TheEnding"],"potions_floor_usage":[56,56],"damage_taken":[{"damage":0.0,"enemies":"Gensokyo:Gryphon","floor":1.0,"turns":1.0},{"damage":0.0,"enemies":"Gensokyo:3_Fairies","floor":2.0,"turns":1.0},{"damage":0.0,"enemies":"Gensokyo:Aya","floor":5.0,"turns":1.0},{"damage":12.0,"enemies":"Gensokyo:Aya","floor":6.0,"turns":4.0},{"damage":0.0,"enemies":"Gensokyo:Mamizou","floor":8.0,"turns":5.0},{"damage":0.0,"enemies":"Gensokyo:Python","floor":10.0,"turns":1.0},{"damage":0.0,"enemies":"Gensokyo:Aya","floor":11.0,"turns":2.0},{"damage":0.0,"enemies":"Gensokyo:2_Rabbits","floor":13.0,"turns":4.0},{"damage":1.0,"enemies":"Gensokyo:3_Kodama","floor":14.0,"turns":3.0},{"damage":18.0,"enemies":"Gensokyo:Kokoro","floor":16.0,"turns":7.0},{"damage":0.0,"enemies":"Gensokyo:Chomper","floor":18.0,"turns":2.0},{"damage":46.0,"enemies":"Gensokyo:Chomper","floor":20.0,"turns":7.0},{"damage":0.0,"enemies":"Gensokyo:AngelMirror","floor":22.0,"turns":2.0},{"damage":27.0,"enemies":"Gensokyo:Tenshi","floor":23.0,"turns":2.0},{"damage":3.0,"enemies":"Gensokyo:Monolith_and_Dog","floor":24.0,"turns":3.0},{"damage":24.0,"enemies":"Gensokyo:Koishi","floor":25.0,"turns":3.0},{"damage":20.0,"enemies":"Gensokyo:Tenshi","floor":29.0,"turns":3.0},{"damage":9.0,"enemies":"Gensokyo:Koishi","floor":31.0,"turns":3.0},{"damage":44.0,"enemies":"Gensokyo:Kaguya","floor":33.0,"turns":6.0},{"damage":0.0,"enemies":"Gensokyo:3_Boulders","floor":35.0,"turns":2.0},{"damage":0.0,"enemies":"Gensokyo:3_Bats","floor":36.0,"turns":2.0},{"damage":0.0,"enemies":"Gensokyo:Rafflesia","floor":39.0,"turns":3.0},{"damage":1.0,"enemies":"Gensokyo:Marisa","floor":40.0,"turns":2.0},{"damage":0.0,"enemies":"Gensokyo:Doremy","floor":45.0,"turns":4.0},{"damage":0.0,"enemies":"Gensokyo:Dusk_and_Dawn","floor":47.0,"turns":1.0},{"damage":0.0,"enemies":"Gensokyo:3_Boulders","floor":48.0,"turns":1.0},{"damage":35.0,"enemies":"Gensokyo:Shinki","floor":50.0,"turns":6.0},{"damage":33.0,"enemies":"Gensokyo:Yuyuko","floor":51.0,"turns":6.0},{"damage":0,"enemies":"Shield and Spear","floor":55,"turns":3},{"damage":8,"enemies":"The Heart","floor":56,"turns":6}],"seed_played":"-3013561160328671795","potions_obtained":[{"floor":5.0,"key":"Cursed Concoction"},{"floor":6.0,"key":"ElixirPotion"},{"floor":8.0,"key":"Energy Potion"},{"floor":10.0,"key":"Weak Potion"},{"floor":11.0,"key":"Venom Potion"},{"floor":14.0,"key":"BloodPotion"},{"floor":22.0,"key":"PowerPotion"},{"floor":23.0,"key":"Dexterity Potion"},{"floor":24.0,"key":"Languid Potion"},{"floor":25.0,"key":"Explosive Potion"},{"floor":31.0,"key":"FairyPotion"},{"floor":33.0,"key":"SkillPotion"}],"is_trial":false,"path_per_floor":["M","M","?","COS","?","E","R","E","T","M","E","?","M","M","R","B",null,"M","?","?","$","M","E","M","E","T","?","R","E","R","E","R","B",null,"?","?","?","T","?","E","T","?","T","T","E","?","?","?","T","B","B",null,"T","T","E","B",null],"character_chosen":"IRONCLAD","items_purchased":["Mummified Hand","AT_BladeRuinedKing","BargainBundle","Bag of Marbles","Singing Bowl","Toxic Egg 2","Replay:Mystery Machine","Toolbox","FairyPotion","AT_DiedThrough+1","Barricade","Strawberry","AT_SpeedBoots","BrkXgEgg","Strange Spoon"],"campfire_rested":1,"item_purchase_floors":[21,21,38,38,38,38,38,38,38,54,54,54,54,54,54],"current_hp_per_floor":[75,77,77,77,78,73,73,80,80,81,82,82,83,84,84,81,84,86,87,48,48,55,52,56,42,42,42,42,29,61,59,59,30,55,64,65,65,65,68,69,69,69,70,70,71,64,67,70,70,43,43,63,63,70,78,78],"gold":107,"neow_bonus":"THREE_ENEMY_KILL","is_daily":false,"chose_seed":false,"campfire_upgraded":7,"win_rate":0.0,"timestamp":1608811457,"path_taken":["M","M","?","COS","?","E","R","E","T","M","E","?","M","M","R","BOSS","M","?","?","$","?","E","M","E","T","?","R","E","R","E","R","BOSS","?","?","?","T","?","E","T","?","T","T","E","?","?","?","T","BOSS","BOSS","T","T","E","BOSS"],"items_purchased_type":["Relic","Relic","Relic","Relic","Relic","Relic","Relic","Relic","Potion","Card","Card","Relic","Relic","Relic","Relic"],"build_version":"2020-12-22","purchased_purges":4,"victory":true,"max_hp_per_floor":[76,77,77,77,78,79,79,80,80,81,82,82,83,84,84,85,85,86,87,88,88,89,90,91,92,92,60,60,61,61,62,62,63,63,64,65,65,65,68,69,69,69,70,70,71,64,67,70,70,70,70,70,70,77,78,78],"card_choices":[{"not_picked":["Reckless Charge","Cleave","Bloodletting"],"picked":"SKIP","floor":1.0},{"not_picked":["Sever Soul","Clash"],"picked":"AT_BodySlamDance","floor":2.0},{"not_picked":["Perfected Strike","Uppercut"],"picked":"AT_CaressingTears","floor":5.0},{"not_picked":["AT_IchimonjiDouble","Clash","Carnage"],"picked":"SKIP","floor":6.0},{"not_picked":["Dual Wield","Whirlwind","Entrench"],"picked":"SKIP","floor":8.0},{"not_picked":["Sword Boomerang","Clothesline"],"picked":"MostiFishMod:#F4004","floor":10.0},{"not_picked":["Thunderclap","Seeing Red","Warcry"],"picked":"SKIP","floor":11.0},{"not_picked":["AT_DrawKnifeCut","Warcry"],"picked":"Armaments","floor":13.0},{"not_picked":["MostiFishMod:TemporaryOutbreak","AT_IchimonjiDouble"],"picked":"Pommel Strike","floor":14.0},{"not_picked":["MostiFishMod:TemporaryOutbreak","MostiFishMod:WingOfPhoenix"],"picked":"MostiFishMod:UltimateDefense","floor":16.0},{"not_picked":["Thunderclap","Pommel Strike","AT_BodySlamDance+1"],"picked":"SKIP","floor":18.0},{"not_picked":["Clothesline","MostiFishMod:Mania"],"picked":"Evolve","floor":22.0},{"not_picked":["Havoc","Spot Weakness","Carnage"],"picked":"SKIP","floor":23.0},{"not_picked":["AT_GerminateFire+1","Seeing Red","Headbutt+1"],"picked":"SKIP","floor":24.0},{"not_picked":["Reckless Charge+1","Headbutt","Body Slam"],"picked":"SKIP","floor":25.0},{"not_picked":["Spot Weakness","Dual Wield","Sword Boomerang"],"picked":"SKIP","floor":29.0},{"not_picked":["Body Slam","Warcry","Perfected Strike"],"picked":"SKIP","floor":31.0},{"not_picked":["MostiFishMod:ChineseTea","Corruption"],"picked":"Reaper","floor":33.0},{"not_picked":["Flame Barrier+1","Warcry","Armaments"],"picked":"SKIP","floor":35.0},{"not_picked":["Clash","Twin Strike","Pommel Strike"],"picked":"SKIP","floor":36.0},{"not_picked":["Thunderclap","Flame Barrier+1","Anger"],"picked":"Singing Bowl","floor":39.0},{"not_picked":["True Grit+1","Havoc+1"],"picked":"Impervious+1","floor":40.0},{"not_picked":["Thunderclap","Body Slam+1"],"picked":"Burning Pact+1","floor":45.0},{"not_picked":["Havoc+1","Flex+1","Anger"],"picked":"Singing Bowl","floor":47.0},{"not_picked":["Sever Soul","Thunderclap","Anger"],"picked":"Singing Bowl","floor":48.0},{"not_picked":["Sever Soul","Cleave"],"picked":"AT_Dispersion+1","floor":55}],"player_experience":325590,"relics_obtained":[{"floor":5.0,"key":"testmod-AssaultLearning"},{"floor":6.0,"key":"Gambling Chip"},{"floor":8.0,"key":"Onion Ring"},{"floor":11.0,"key":"Regal Pillow"},{"floor":20.0,"key":"SentryEyes"},{"floor":20.0,"key":"ThornShield"},{"floor":23.0,"key":"Orichalcum"},{"floor":25.0,"key":"Red Skull"},{"floor":26.0,"key":"Snack Pack"},{"floor":29.0,"key":"Smiling Mask"},{"floor":31.0,"key":"ReplayTheSpireMod:Spearhead"},{"floor":40.0,"key":"testmod-RealStoneCalender"},{"floor":43.0,"key":"Gremlin Food"},{"floor":45.0,"key":"Meat on the Bone"},{"floor":55,"key":"Blood Vial"}],"event_choices":[{"damage_healed":0.0,"max_hp_gain":0.0,"max_hp_loss":0.0,"gold_gain":400.0,"event_name":"¶÷ÂåË¹µÄÅÌ×Ó","player_choice":"Sell","floor":19.0,"relics_lost":["AT_ATBox"],"gold_loss":0.0,"damage_taken":0.0}],"is_beta":false,"boss_relics":[{"not_picked":["testmod-NegativeEmotionEnhancer","Astrolabe"],"picked":"AT_MortalBlade"},{"not_picked":["Runic Cube","TimeKeys"],"picked":"Painkiller Herb"}],"items_purged_floors":[21,38,38,54],"is_endless":false,"potions_floor_spawned":[5,6,8,10,11,13,14,16,18,20,22,23,24,25,29,31,33,35,36,39,40,45,47,48,55],"ascension_level":20}}