{"host":"qgru5siit3fz0wh9","time":1608810777,"event":{"mods":["AchievementEnabler","BaseMod","Highlight Path","Minty Spire (QoL Compilation)"],"gold_per_floor":[110,110,177,227,277,277,297,308,390,390,405,219,269,285,285,411,411,436,21,71,84,104,104,104],"floor_reached":23,"playtime":1112,"items_purged":["Bash"],"score":192,"play_id":"9efa774a-b2bb-4141-b920-f5cf121f3b96","local_time":"20201224125257","is_ascension_mode":true,"campfire_choices":[{"data":"Carnage","floor":6,"key":"SMITH"},{"data":"Wild Strike","floor":10,"key":"SMITH"},{"data":"Dual Wield","floor":15,"key":"SMITH"}],"circlet_count":0,"master_deck":["Strike_R","Strike_R","Strike_R","Strike_R","Defend_R","Defend_R","Defend_R","Defend_R","Carnage+1","Wild Strike","Dual Wield+1","Pommel Strike","Wild Strike+1","Fire Breathing+1","Feed","Berserk+1","Thunderclap","Fire Breathing+1","Thunderclap"],"relics":["Burning Blood","Ginger","SsserpentHead","Frozen Egg 2","HandDrill","Golden Idol","Black Star","Toxic Egg 2"],"acts_visited":["Exordium","TheCity"],"potions_floor_usage":[16,16,18,21,22,22],"damage_taken":[{"damage":7,"enemies":"Jaw Worm","floor":1,"turns":5},{"damage":0,"enemies":"Cultist","floor":3,"turns":3},{"damage":0,"enemies":"2 Louse","floor":7,"turns":2},{"damage":10,"enemies":"Looter","floor":8,"turns":3},{"damage":0,"enemies":"Large Slime","floor":11,"turns":4},{"damage":2,"enemies":"2 Fungi Beasts","floor":14,"turns":3},{"damage":65,"enemies":"The Guardian","floor":16,"turns":10},{"damage":15,"enemies":"3 Byrds","floor":18,"turns":4},{"damage":15,"enemies":"Chosen","floor":21,"turns":4},{"damage":37,"enemies":"Shelled Parasite and Fungi","floor":22,"turns":4},{"damage":74,"enemies":"Gremlin Leader","floor":23,"turns":6}],"seed_played":"-8719332581080203081","potions_obtained":[{"floor":3,"key":"Explosive Potion"},{"floor":7,"key":"DistilledChaos"},{"floor":8,"key":"LiquidBronze"},{"floor":16,"key":"EntropicBrew"},{"floor":21,"key":"Regen Potion"}],"is_trial":false,"path_per_floor":["M","?","M","?","?","R","M","M","T","R","M","$","?","M","R","B",null,"M","$","?","M","M","E"],"character_chosen":"IRONCLAD","items_purchased":["HandDrill","Fire Breathing+1","Toxic Egg 2","Fire Breathing+1"],"campfire_rested":0,"item_purchase_floors":[12,12,19,19],"current_hp_per_floor":[79,79,80,80,73,73,79,75,75,75,80,80,74,74,74,18,77,68,68,68,59,40,0,0],"gold":104,"neow_bonus":"ONE_RARE_RELIC","is_daily":false,"chose_seed":false,"campfire_upgraded":3,"win_rate":0.0,"timestamp":1608810777,"path_taken":["M","?","?","?","?","R","M","M","T","R","M","$","?","M","R","BOSS","M","$","?","M","M","E"],"items_purchased_type":["Relic","Card","Relic","Card"],"build_version":"2020-12-22","purchased_purges":1,"victory":false,"max_hp_per_floor":[80,80,80,80,80,80,80,80,80,80,80,80,74,74,74,77,77,77,77,77,77,77,77,77],"card_choices":[{"not_picked":["Sever Soul","Feel No Pain"],"picked":"Carnage","floor":1},{"not_picked":["Flex","Iron Wave"],"picked":"Wild Strike","floor":3},{"not_picked":["Heavy Blade","Entrench"],"picked":"Pommel Strike","floor":7},{"not_picked":["Clash","Power Through"],"picked":"Wild Strike","floor":8},{"not_picked":["Clash","Flex","Pommel Strike"],"picked":"SKIP","floor":11},{"not_picked":["Burning Pact","Warcry"],"picked":"Feed","floor":14},{"not_picked":["Feed","Impervious"],"picked":"Berserk+1","floor":16},{"not_picked":["Armaments+1","Clash"],"picked":"Thunderclap","floor":18},{"not_picked":["Pummel","Iron Wave"],"picked":"Thunderclap","floor":21},{"not_picked":["Perfected Strike","Second Wind+1","Sword Boomerang"],"picked":"SKIP","floor":22}],"player_experience":348158,"relics_obtained":[{"floor":9,"key":"Frozen Egg 2"}],"event_choices":[{"damage_healed":0,"gold_gain":0,"player_choice":"Trade","damage_taken":0,"relics_obtained":["SsserpentHead"],"max_hp_gain":0,"max_hp_loss":0,"event_name":"FaceTrader","floor":2,"gold_loss":0},{"damage_healed":0,"gold_gain":0,"cards_transformed":["Strike_R"],"player_choice":"Change","damage_taken":0,"max_hp_gain":0,"max_hp_loss":0,"event_name":"Living Wall","floor":4,"gold_loss":0,"cards_obtained":["Dual Wield"]},{"cards_removed":["Normality"],"damage_healed":0,"gold_gain":0,"player_choice":"Card Removal","damage_taken":7,"max_hp_gain":0,"max_hp_loss":0,"event_name":"Golden Wing","floor":5,"gold_loss":0},{"damage_healed":0,"gold_gain":0,"player_choice":"Lose Max HP","damage_taken":0,"relics_obtained":["Golden Idol"],"max_hp_gain":0,"max_hp_loss":6,"event_name":"Golden Idol","floor":13,"gold_loss":0},{"damage_healed":0,"gold_gain":0,"player_choice":"Ignored","damage_taken":0,"max_hp_gain":0,"max_hp_loss":0,"event_name":"Ghosts","floor":20,"gold_loss":0}],"is_beta":false,"boss_relics":[{"not_picked":["SlaversCollar","Runic Pyramid"],"picked":"Black Star"}],"items_purged_floors":[19],"is_endless":false,"potions_floor_spawned":[3,7,8,16,21],"killed_by":"Gremlin Leader","ascension_level":1}}