{"host":"c2og1cp357bgjv9b","time":1608789698,"event":{"mods":["BaseMod","Colored Map","Minty Spire (QoL Compilation)","Replay The Spire","StSLib"],"gold_per_floor":[113,113,123,140,65,65,65,99,99,110,110,120,120,135,135,231,231,249,5,5,15,29,29,29],"floor_reached":23,"playtime":1572,"items_purged":["Strike_R","Perfected Strike+1"],"score":193,"play_id":"fc1b0821-0cfd-475b-bc41-135f4837326d","local_time":"20201224140138","is_ascension_mode":false,"campfire_choices":[{"data":"Searing Blow+1","floor":6,"key":"SMITH"},{"data":"Searing Blow+2","floor":13,"key":"SMITH"},{"floor":15,"key":"REST"}],"circlet_count":0,"master_deck":["Strike_R","Defend_R","Defend_R","Defend_R","Defend_R","Searing Blow+3","ReplayTheSpireMod:Corrosion Curse","Armaments","Offering","Hemogenesis+1","Exhume+1","Headbutt"],"relics":["Burning Blood","NeowsBlessing","Matryoshka","Vajra","ReplayTheSpireMod:Ninjato","Astrolabe","Tiny Chest"],"acts_visited":["Exordium","TheCity"],"potions_floor_usage":[16,23],"damage_taken":[{"damage":0,"enemies":"Small Slimes","floor":1,"turns":1},{"damage":0,"enemies":"Cultist","floor":3,"turns":1},{"damage":0,"enemies":"Jaw Worm","floor":4,"turns":1},{"damage":51,"enemies":"3 Sentries","floor":8,"turns":10},{"damage":12,"enemies":"Lots of Slimes","floor":10,"turns":5},{"damage":14,"enemies":"Looter","floor":12,"turns":3},{"damage":8,"enemies":"Red Slaver","floor":14,"turns":2},{"damage":48,"enemies":"Fading Forest","floor":16,"turns":11},{"damage":23,"enemies":"Chosen","floor":18,"turns":7},{"damage":16,"enemies":"Spheric Guardian","floor":21,"turns":3},{"damage":28,"enemies":"Centurion and Healer","floor":22,"turns":8},{"damage":65,"enemies":"Gremlin Leader","floor":23,"turns":4}],"seed_played":"-2768338898280584288","potions_obtained":[{"floor":4,"key":"SmokeBomb"},{"floor":12,"key":"SkillPotion"},{"floor":14,"key":"Swift Potion"},{"floor":16,"key":"Energy Potion"},{"floor":18,"key":"Adrenaline Potion"},{"floor":22,"key":"ColorlessPotion"}],"is_trial":false,"path_per_floor":["M","?","M","M","$","R","$","E","T","M","?","M","R","M","R_BF","B",null,"M","$","?","M","M","E"],"character_chosen":"IRONCLAD","items_purchased":["Tiny Chest"],"campfire_rested":1,"item_purchase_floors":[19],"current_hp_per_floor":[80,80,80,80,80,80,80,35,35,29,29,21,21,19,43,25,80,77,77,77,75,64,0,0],"gold":29,"neow_bonus":"THREE_ENEMY_KILL","is_daily":false,"chose_seed":false,"campfire_upgraded":2,"win_rate":0.0,"timestamp":1608789698,"path_taken":["M","?","?","M","$","R","?","E","T","?","?","M","R","M","R_BF","BOSS","M","?","?","M","M","E"],"items_purchased_type":["Relic"],"build_version":"2020-12-22","purchased_purges":2,"victory":false,"max_hp_per_floor":[80,80,80,80,80,80,80,80,80,80,80,80,80,80,80,80,80,80,80,80,80,80,80,80],"card_choices":[{"not_picked":["Heavy Blade","Anger"],"picked":"Searing Blow","floor":1},{"not_picked":["Wild Strike","ReplayTheSpireMod:Strike From Hell","Body Slam"],"picked":"SKIP","floor":3},{"not_picked":["Cleave","ReplayTheSpireMod:Strike From Hell","Juggernaut"],"picked":"SKIP","floor":4},{"not_picked":["Seeing Red","Hemokinesis","Clash"],"picked":"SKIP","floor":8},{"not_picked":["Sword Boomerang","ReplayReversal","Seeing Red"],"picked":"SKIP","floor":10},{"not_picked":["Iron Wave","Heavy Blade","Anger"],"picked":"SKIP","floor":12},{"not_picked":["Rampage","Body Slam"],"picked":"Armaments","floor":14},{"not_picked":["Eclipse","Brutality"],"picked":"Offering","floor":16},{"not_picked":["Anger","Feel No Pain","Heavy Blade+1"],"picked":"SKIP","floor":18},{"not_picked":["Wild Strike","Anger+1","Carnage"],"picked":"SKIP","floor":21},{"not_picked":["Perfected Strike+1","Headbutt","Burning Pact+1"],"picked":"SKIP","floor":22}],"player_experience":110675,"relics_obtained":[{"floor":8,"key":"Matryoshka"},{"floor":9,"key":"Vajra"},{"floor":9,"key":"ReplayTheSpireMod:Ninjato"}],"event_choices":[{"damage_healed":0,"gold_gain":0,"player_choice":"Upgraded","damage_taken":0,"max_hp_gain":0,"max_hp_loss":0,"event_name":"Upgrade Shrine","floor":2,"gold_loss":0,"cards_upgraded":["Searing Blow"]},{"damage_healed":0,"gold_gain":0,"cards_transformed":["Bash"],"player_choice":"Transformed","damage_taken":0,"max_hp_gain":0,"max_hp_loss":0,"event_name":"Transmorgrifier","floor":11,"gold_loss":0,"cards_obtained":["ReplayTheSpireMod:Corrosion Curse"]},{"damage_healed":0,"gold_gain":0,"player_choice":"Read","damage_taken":0,"max_hp_gain":0,"max_hp_loss":0,"event_name":"The Library","floor":20,"gold_loss":0,"cards_obtained":["Headbutt"]}],"is_beta":false,"boss_relics":[{"not_picked":["SlaversCollar","Abe\u0027s Treasure"],"picked":"Astrolabe"}],"items_purged_floors":[5,19],"is_endless":false,"potions_floor_spawned":[4,12,14,16,18,22],"killed_by":"Gremlin Leader","ascension_level":0}}