{"host":"5jn3rki867005t18","time":1608832746,"event":{"mods":["AchievementEnabler","BaseMod","Colored Map","DeckTracker","Highlight Path","Minty Spire (QoL Compilation)","Permanent Neow","Quick Restart","StSLib","SuperFastMode"],"gold_per_floor":[119,119,129,129,140,120,151,168,168,168,187,187,200,200,200,298,298,313,313,313,47,32,32,43,43,97,97,97],"floor_reached":27,"playtime":1043,"items_purged":[],"score":213,"play_id":"841cf5ed-597d-4de5-ba3c-b2e7fac762db","local_time":"20201225025906","is_ascension_mode":false,"campfire_choices":[{"data":"Eruption","floor":10,"key":"SMITH"},{"floor":12,"key":"REST"},{"floor":15,"key":"REST"},{"floor":23,"key":"REST"},{"floor":25,"key":"REST"}],"circlet_count":0,"master_deck":["Strike_P+1","Defend_P","Defend_P","Defend_P+1","Defend_P","Eruption+1","Vigilance","DevaForm","Indignation+1","Halt","MentalFortress","SashWhip+1","FlurryOfBlows","FollowUp","CurseOfTheBell","ConjureBlade","WaveOfTheHand","Necronomicurse","Adaptation+1","Tantrum","Meditate","CarveReality"],"relics":["PureWater","Kunai","Bag of Marbles","Shuriken","Calling Bell","MealTicket","Frozen Egg 2","Bird Faced Urn","Necronomicon","War Paint","Happy Flower"],"acts_visited":["Exordium","TheCity"],"potions_floor_usage":[7,7,13,22,24,24],"damage_taken":[{"damage":3,"enemies":"Jaw Worm","floor":1,"turns":2},{"damage":0,"enemies":"Small Slimes","floor":3,"turns":4},{"damage":0,"enemies":"Cultist","floor":5,"turns":5},{"damage":33,"enemies":"Gremlin Nob","floor":7,"turns":4},{"damage":5,"enemies":"3 Louse","floor":8,"turns":4},{"damage":4,"enemies":"Blue Slaver","floor":11,"turns":2},{"damage":0,"enemies":"Looter","floor":13,"turns":2},{"damage":32,"enemies":"Hexaghost","floor":16,"turns":9},{"damage":57,"enemies":"Spheric Guardian","floor":18,"turns":10},{"damage":17,"enemies":"2 Thieves","floor":22,"turns":4},{"damage":21,"enemies":"Cultist and Chosen","floor":24,"turns":6},{"damage":53,"enemies":"Book of Stabbing","floor":27,"turns":5}],"seed_played":"-6042864266583689233","potions_obtained":[{"floor":1,"key":"EssenceOfSteel"},{"floor":5,"key":"EntropicBrew"},{"floor":6,"key":"CultistPotion"},{"floor":8,"key":"DistilledChaos"},{"floor":13,"key":"FairyPotion"},{"floor":18,"key":"Weak Potion"},{"floor":24,"key":"SteroidPotion"}],"is_trial":false,"path_per_floor":["M","?","M","?","M","?","E","M","T","R","M","R","M","?","R","B",null,"M","?","?","$","M","R","M","R","T","E"],"character_chosen":"WATCHER","items_purchased":["Adaptation+1","War Paint","Tantrum"],"campfire_rested":4,"item_purchase_floors":[21,21,21],"current_hp_per_floor":[69,62,62,55,55,55,22,17,17,17,13,34,34,20,41,9,72,17,17,1,16,23,44,27,48,48,0,0],"gold":97,"neow_bonus":"ONE_RANDOM_RARE_CARD","is_daily":false,"chose_seed":false,"campfire_upgraded":1,"win_rate":0.0,"timestamp":1608832746,"path_taken":["M","?","M","?","M","?","E","?","T","R","M","R","M","?","R","BOSS","M","?","?","$","M","R","M","R","T","E"],"items_purchased_type":["Card","Relic","Card"],"build_version":"2020-12-22","purchased_purges":0,"victory":false,"max_hp_per_floor":[72,72,72,72,72,72,72,72,72,72,72,72,72,72,72,72,72,72,72,72,72,72,72,72,72,72,72,72],"card_choices":[{"not_picked":["LikeWater","Crescendo"],"picked":"Indignation","floor":1},{"not_picked":["Swivel","SandsOfTime"],"picked":"Halt","floor":3},{"not_picked":["CrushJoints","Consecrate"],"picked":"MentalFortress","floor":5},{"not_picked":["FlyingSleeves","Omniscience"],"picked":"SashWhip","floor":7},{"not_picked":["CutThroughFate","Crescendo"],"picked":"FlurryOfBlows","floor":8},{"not_picked":["Weave","Blasphemy"],"picked":"FollowUp","floor":11},{"not_picked":["EmptyFist","CutThroughFate","ThirdEye"],"picked":"SKIP","floor":13},{"not_picked":["WreathOfFlame+1","Halt+1","Collect"],"picked":"SKIP","floor":18},{"not_picked":["Perseverance+1","ForeignInfluence"],"picked":"Meditate","floor":22},{"not_picked":["Consecrate","Weave"],"picked":"CarveReality","floor":24}],"player_experience":122937,"relics_obtained":[{"floor":7,"key":"Bag of Marbles"},{"floor":9,"key":"Shuriken"},{"floor":17,"key":"MealTicket"},{"floor":17,"key":"Frozen Egg 2"},{"floor":17,"key":"Bird Faced Urn"},{"floor":20,"key":"Necronomicon"},{"floor":26,"key":"Happy Flower"}],"event_choices":[{"cards_removed":["Strike_P"],"damage_healed":0,"gold_gain":0,"player_choice":"Card Removal","damage_taken":7,"max_hp_gain":0,"max_hp_loss":0,"event_name":"Golden Wing","floor":2,"gold_loss":0},{"damage_healed":0,"gold_gain":0,"player_choice":"Success","damage_taken":7,"relics_obtained":["Kunai"],"max_hp_gain":0,"max_hp_loss":0,"event_name":"Scrap Ooze","floor":4,"gold_loss":0},{"damage_healed":0,"gold_gain":0,"player_choice":"Bought 1 Potion","damage_taken":0,"max_hp_gain":0,"max_hp_loss":0,"event_name":"The Woman in Blue","floor":6,"gold_loss":0},{"damage_healed":0,"gold_gain":0,"player_choice":"Entered Light","damage_taken":14,"max_hp_gain":0,"max_hp_loss":0,"event_name":"Shining Light","floor":14,"gold_loss":0,"cards_upgraded":["Strike_P","SashWhip"]},{"damage_healed":0,"gold_gain":0,"cards_transformed":["Strike_P","Strike_P"],"player_choice":"Became Test Subject","damage_taken":0,"max_hp_gain":0,"max_hp_loss":0,"event_name":"Drug Dealer","floor":19,"gold_loss":0,"cards_obtained":["ConjureBlade","WaveOfTheHand"]},{"damage_healed":0,"gold_gain":0,"player_choice":"Obtained Book","damage_taken":16,"max_hp_gain":0,"max_hp_loss":0,"event_name":"Cursed Tome","floor":20,"gold_loss":0}],"is_beta":false,"boss_relics":[{"not_picked":["Black Star","Astrolabe"],"picked":"Calling Bell"}],"items_purged_floors":[],"is_endless":false,"potions_floor_spawned":[1,5,8,13,18,24],"killed_by":"Book of Stabbing","ascension_level":0}}