{"host":"6pgtslebjnyv5xmi","time":1608816632,"event":{"mods":["AchievementEnabler","BaseMod","Colored Map","Minty Spire (QoL Compilation)","Rare Cards Sparkle","StSLib","SuperFastMode","The Dragon Tamer","everything is the same but u backflip on backflip"],"gold_per_floor":[119,132,307,307,257,257,268,368,392,404,404,433,106,119,119,217,217,236,236,246,146,146,146,169,169,169,268,285,285,285,285,285,389,389,399,410,262,262,274,288,288,288],"floor_reached":41,"playtime":2015,"items_purged":["Doubt","Strike_B"],"score":414,"play_id":"449beb7a-f093-47ef-ac52-165213880130","local_time":"20201224223032","is_ascension_mode":false,"campfire_choices":[{"data":"Creative AI","floor":6.0,"key":"SMITH"},{"data":"Turbo","floor":11.0,"key":"SMITH"},{"data":"Sunder","floor":15.0,"key":"SMITH"},{"data":"Zap","floor":23.0,"key":"SMITH"},{"floor":25.0,"key":"RECALL"},{"data":"Double Energy","floor":32.0,"key":"SMITH"}],"circlet_count":0,"master_deck":["Strike_B+1","Zap+1","Creative AI+1","Self Repair","Undo+1","Turbo+1","Sunder+1","Seek","Echo Form+1","Doom and Gloom+1","Buffer","Hello World","Double Energy+1","Core Surge","Self Repair+1","Conserve Battery+1","Leap"],"relics":["Cracked Core","Tiny Chest","WingedGreaves","Bottled Tornado","SlaversCollar","Happy Flower","Gambling Chip","Ornamental Fan","Empty Cage","Bag of Marbles"],"acts_visited":["Exordium","TheCity","TheBeyond"],"potions_floor_usage":[41],"damage_taken":[{"damage":1.0,"enemies":"Jaw Worm","floor":1.0,"turns":3.0},{"damage":8.0,"enemies":"2 Louse","floor":2.0,"turns":3.0},{"damage":1.0,"enemies":"Cultist","floor":7.0,"turns":4.0},{"damage":23.0,"enemies":"Lots of Slimes","floor":10.0,"turns":5.0},{"damage":19.0,"enemies":"Gremlin Nob","floor":12.0,"turns":5.0},{"damage":5.0,"enemies":"Exordium Thugs","floor":14.0,"turns":4.0},{"damage":29.0,"enemies":"Slime Boss","floor":16.0,"turns":8.0},{"damage":8.0,"enemies":"Spheric Guardian","floor":18.0,"turns":4.0},{"damage":24.0,"enemies":"2 Thieves","floor":20.0,"turns":3.0},{"damage":32.0,"enemies":"Snake Plant","floor":28.0,"turns":4.0},{"damage":3.0,"enemies":"Collector","floor":33.0,"turns":6.0},{"damage":26.0,"enemies":"3 Darklings","floor":35.0,"turns":4.0},{"damage":20.0,"enemies":"3 Shapes","floor":36.0,"turns":5.0},{"damage":26,"enemies":"Sphere and 2 Shapes","floor":39,"turns":4},{"damage":33,"enemies":"4 Shapes","floor":40,"turns":4},{"damage":37,"enemies":"Reptomancer","floor":41,"turns":2}],"seed_played":"-7421236598902131694","potions_obtained":[{"floor":10.0,"key":"Block Potion"},{"floor":16.0,"key":"Block Potion"},{"floor":18.0,"key":"FocusPotion"},{"floor":20.0,"key":"Swift Potion"},{"floor":28.0,"key":"Weak Potion"},{"floor":36.0,"key":"Dexterity Potion"}],"is_trial":false,"path_per_floor":["M","M","?","?","?","R","M","?","T","M","R","E","$","M","R","B",null,"M","?","M","$","?","R","T","R","T","?","M","?","T","T","R","B",null,"M","M","$","?","M","M","E"],"character_chosen":"DEFECT","items_purchased":["Bottled Tornado","Bag of Marbles"],"campfire_rested":0,"item_purchase_floors":[13,37],"current_hp_per_floor":[74,73,73,58,58,58,64,64,64,48,48,36,36,38,38,16,75,74,74,57,57,57,57,57,57,57,57,39,39,39,39,39,43,75,56,50,50,50,41,35,0,0],"gold":288,"neow_bonus":"TRANSFORM_CARD","is_daily":false,"chose_seed":false,"campfire_upgraded":5,"win_rate":0.0,"timestamp":1608816632,"path_taken":["M","M","?","?","?","R","?","?","T","M","R","E","$","M","R","BOSS","M","?","?","$","?","R","?","R","T","?","M","?","?","?","R","BOSS","M","?","$","?","M","M","E"],"items_purchased_type":["Relic","Relic"],"build_version":"2020-12-22","purchased_purges":2,"victory":false,"max_hp_per_floor":[75,75,75,75,75,75,75,75,75,75,75,75,75,75,75,75,75,75,75,75,75,75,75,75,75,75,75,75,75,75,75,75,75,75,75,75,75,75,75,75,75,75],"card_choices":[{"not_picked":["Turbo","Rebound"],"picked":"Self Repair","floor":1.0},{"not_picked":["Darkness","Ball Lightning"],"picked":"Undo","floor":2.0},{"not_picked":["Cold Snap","Self Repair"],"picked":"Turbo","floor":7.0},{"not_picked":["Barrage","Coolheaded"],"picked":"Sunder","floor":10.0},{"not_picked":["Hello World","Compile Driver"],"picked":"Seek","floor":12.0},{"not_picked":["Loop","Beam Cell","Sweeping Beam"],"picked":"SKIP","floor":14.0},{"not_picked":["Multi-Cast","Meteor Strike"],"picked":"Echo Form","floor":16.0},{"not_picked":["Barrage","Ball Lightning"],"picked":"Doom and Gloom+1","floor":18.0},{"not_picked":["White Noise","Rip and Tear","Beam Cell"],"picked":"SKIP","floor":20.0},{"not_picked":["Steam Power","Consume"],"picked":"Double Energy","floor":28.0},{"not_picked":["Rainbow","Biased Cognition"],"picked":"Core Surge","floor":33.0},{"not_picked":["Gash+1","Barrage","Chaos+1"],"picked":"SKIP","floor":35.0},{"not_picked":["Conserve Battery","Streamline"],"picked":"Self Repair+1","floor":36.0},{"not_picked":["Streamline+1","Aggregate+1"],"picked":"Conserve Battery+1","floor":39},{"not_picked":["Gash+1","FTL"],"picked":"Leap","floor":40}],"player_experience":456921,"relics_obtained":[{"floor":9.0,"key":"Tiny Chest"},{"floor":12.0,"key":"WingedGreaves"},{"floor":24.0,"key":"Happy Flower"},{"floor":26.0,"key":"Gambling Chip"},{"floor":31.0,"key":"Ornamental Fan"}],"event_choices":[{"damage_healed":0.0,"max_hp_gain":0.0,"max_hp_loss":0.0,"gold_gain":175.0,"event_name":"Liars Game","player_choice":"AGREE","floor":3.0,"gold_loss":0.0,"damage_taken":0.0,"cards_obtained":["Doubt"]},{"damage_healed":0.0,"max_hp_gain":0.0,"max_hp_loss":0.0,"gold_gain":0.0,"event_name":"Shining Light","player_choice":"Entered Light","floor":4.0,"gold_loss":0.0,"damage_taken":15.0,"cards_upgraded":["Undo","Strike_B"]},{"cards_removed":["Strike_B"],"damage_healed":0.0,"max_hp_gain":0.0,"max_hp_loss":0.0,"gold_gain":0.0,"event_name":"The Cleric","player_choice":"Card Removal","floor":5.0,"gold_loss":50.0,"damage_taken":0.0},{"damage_healed":0.0,"max_hp_gain":0.0,"max_hp_loss":0.0,"gold_gain":100.0,"event_name":"Golden Shrine","player_choice":"Pray","floor":8.0,"gold_loss":0.0,"damage_taken":0.0},{"damage_healed":0.0,"max_hp_gain":0.0,"max_hp_loss":0.0,"gold_gain":0.0,"event_name":"Upgrade Shrine","player_choice":"Upgraded","floor":19.0,"gold_loss":0.0,"damage_taken":0.0,"cards_upgraded":["Echo Form"]},{"damage_healed":0.0,"max_hp_gain":0.0,"max_hp_loss":0.0,"gold_gain":0.0,"cards_transformed":["Defend_B","Defend_B"],"event_name":"Drug Dealer","player_choice":"Became Test Subject","floor":22.0,"gold_loss":0.0,"damage_taken":0.0,"cards_obtained":["Buffer","Hello World"]},{"damage_healed":0.0,"max_hp_gain":0.0,"max_hp_loss":0.0,"gold_gain":99.0,"event_name":"Nest","player_choice":"Stole From Cult","floor":27.0,"gold_loss":0.0,"damage_taken":0.0},{"cards_removed":["Dualcast"],"damage_healed":0.0,"max_hp_gain":0.0,"max_hp_loss":0.0,"gold_gain":0.0,"event_name":"Back to Basics","player_choice":"Elegance","floor":29.0,"gold_loss":0.0,"damage_taken":0.0},{"damage_healed":0,"gold_gain":0,"player_choice":"Ignored","damage_taken":0,"max_hp_gain":0,"max_hp_loss":0,"event_name":"Mysterious Sphere","floor":38,"gold_loss":0}],"is_beta":false,"boss_relics":[{"not_picked":["Velvet Choker","Fusion Hammer"],"picked":"SlaversCollar"},{"not_picked":["Black Star","SacredBark"],"picked":"Empty Cage"}],"items_purged_floors":[13,21],"is_endless":false,"potions_floor_spawned":[10,16,18,20,28,36],"killed_by":"Reptomancer","ascension_level":0}}