{"host":"chv1qanoipyt46jc","time":1608788206,"event":{"mods":["2.2 Compatiblity","AchievementEnabler","BaseMod","BetterRewards","CapriCore","Card Filter","Conspire","Gold Saver","Grow up Mod","Minty Spire (QoL Compilation)","Rare Cards Sparkle","Relic Filter","Remove Card Discount Mod","Reorder Act Four","StSLib","TheVacant"],"gold_per_floor":[884,895,895,646,656,656,668,685,712,712,739,760,770,802,802,907,907,920,930,948,948,948,948,977,977,977,977,991,991,991,830,830,927,927,946,957,975,986,986,1020,1032,1098,1110,1147,1177,1219,1251,1273,1285,1297,1309,1317,1317,1351,1351],"floor_reached":56,"playtime":2487,"items_purged":["theVacant:VacantStarterStrike","theVacant:VacantStarterDefend","theVacant:VacantStarterDefend","theVacant:VacantStarterStrike","theVacant:VacantStarterStrike","theVacant:VacantStarterStrike","theVacant:VacantStarterDefend","theVacant:VacantStarterDefend","theVacant:Whip","theVacant:GraveWave","theVacant:GraveWave","theVacant:ShutAway","theVacant:Crunch+1","Apotheosis+1","Parasite","theVacant:Thoughtseize+1"],"score":1614,"play_id":"5affc742-29ea-4ac8-a09a-ffb95193b0e3","local_time":"20201223233646","is_ascension_mode":false,"campfire_choices":[{"data":"Apotheosis","floor":6.0,"key":"SMITH"},{"data":"theVacant:Crunch","floor":10.0,"key":"SMITH"},{"data":"theVacant:Voidstone","floor":15.0,"key":"SMITH"},{"data":"theVacant:CleanseSoul","floor":23.0,"key":"SMITH"},{"data":"theVacant:GraveDigger","floor":25.0,"key":"SMITH"},{"floor":27.0,"key":"RECALL"},{"data":"theVacant:Release","floor":30.0,"key":"SMITH"},{"floor":32.0,"key":"REST"},{"floor":41.0,"key":"REST"},{"floor":49.0,"key":"REST"},{"floor":53.0,"key":"REST"}],"circlet_count":0,"master_deck":["theVacant:Release+1","theVacant:GraveDigger+1","theVacant:CleanseSoul+1","theVacant:Voidstone+1"],"relics":["theVacant:BrassGoblet","TungstenRod","Lizard Tail","Odd Mushroom","Oddly Smooth Stone","conspire:SpecialSausage","Dream Catcher","Ginger","MutagenicStrength","Medical Kit","Black Star","MawBank","Akabeko","conspire:GiftBox","Letter Opener","Pear","FossilizedHelix","conspire:DecoderRing","Turnip","Strawberry"],"acts_visited":["Exordium","TheCity","TheBeyond","TheEnding"],"potions_floor_usage":[55,55],"damage_taken":[{"damage":4.0,"enemies":"conspire:RoseBush","floor":1.0,"turns":3.0},{"damage":7.0,"enemies":"Jaw Worm","floor":2.0,"turns":2.0},{"damage":0.0,"enemies":"Small Slimes","floor":5.0,"turns":2.0},{"damage":6.0,"enemies":"Looter","floor":7.0,"turns":2.0},{"damage":0.0,"enemies":"Exordium Wildlife","floor":8.0,"turns":2.0},{"damage":4.0,"enemies":"Lagavulin","floor":11.0,"turns":4.0},{"damage":16.0,"enemies":"The Mushroom Lair","floor":12.0,"turns":3.0},{"damage":0.0,"enemies":"2 Fungi Beasts","floor":13.0,"turns":3.0},{"damage":16.0,"enemies":"3 Sentries","floor":14.0,"turns":7.0},{"damage":1.0,"enemies":"Slime Boss","floor":16.0,"turns":8.0},{"damage":0.0,"enemies":"2 Thieves","floor":18.0,"turns":3.0},{"damage":9.0,"enemies":"Spheric Guardian","floor":19.0,"turns":3.0},{"damage":13.0,"enemies":"Centurion and Healer","floor":20.0,"turns":4.0},{"damage":27.0,"enemies":"Gremlin Leader","floor":24.0,"turns":5.0},{"damage":4.0,"enemies":"conspire:HollyBat","floor":28.0,"turns":4.0},{"damage":26.0,"enemies":"Champ","floor":33.0,"turns":4.0},{"damage":0.0,"enemies":"3 Shapes","floor":35.0,"turns":2.0},{"damage":9.0,"enemies":"Orb Walker","floor":36.0,"turns":2.0},{"damage":4.0,"enemies":"Maw","floor":37.0,"turns":4.0},{"damage":30.0,"enemies":"Spire Growth","floor":38.0,"turns":3.0},{"damage":24.0,"enemies":"Giant Head","floor":40.0,"turns":4.0},{"damage":35.0,"enemies":"2 Orb Walkers","floor":42.0,"turns":3.0},{"damage":63.0,"enemies":"conspire:MimicChest","floor":44.0,"turns":5.0},{"damage":0.0,"enemies":"Writhing Mass","floor":45.0,"turns":2.0},{"damage":74.0,"enemies":"Nemesis","floor":46.0,"turns":5.0},{"damage":0.0,"enemies":"Maw","floor":47.0,"turns":4.0},{"damage":7.0,"enemies":"3 Darklings","floor":48.0,"turns":3.0},{"damage":125.0,"enemies":"conspire:OrnateMirror","floor":50.0,"turns":11.0},{"damage":15.0,"enemies":"Shield and Spear","floor":54.0,"turns":3.0},{"damage":102,"enemies":"The Heart","floor":55,"turns":6}],"seed_played":"-3864640460644216005","potions_obtained":[{"floor":12.0,"key":"SteroidPotion"},{"floor":13.0,"key":"SteroidPotion"},{"floor":18.0,"key":"Strength Potion"},{"floor":46.0,"key":"Strength Potion"}],"is_trial":false,"path_per_floor":["M","M","?","$","M","R","M","M","T","R","E","?","M","E","R","B",null,"M","M","M","?","?","R","E","R","T","R","M","?","R","$","R","B",null,"M","M","M","M","?","E","R","?","T","?","M","E","M","M","R","B",null,"$","R","E","B",null],"character_chosen":"THE_VACANT","items_purchased":["TungstenRod","theVacant:Whip","theVacant:CleanseSoul","Apotheosis","Medical Kit"],"campfire_rested":4,"item_purchase_floors":[0,0,4,4,31],"current_hp_per_floor":[68,71,81,91,101,111,115,125,135,145,151,145,155,149,159,168,260,270,271,268,278,288,298,281,291,301,311,317,327,337,347,410,394,430,440,441,447,427,437,423,500,475,485,442,452,388,398,401,585,470,610,617,627,629,537],"gold":1351,"neow_bonus":"","is_daily":false,"chose_seed":false,"campfire_upgraded":6,"win_rate":0.0,"timestamp":1608788206,"path_taken":["M","M","?","?","M","R","M","M","T","R","E","?","M","E","R","BOSS","M","M","M","?","?","R","E","R","T","R","M","?","R","$","R","BOSS","M","M","M","M","?","E","R","?","T","?","M","E","M","M","R","BOSS","$","R","E","BOSS"],"items_purchased_type":["Relic","Card","Card","Card","Relic"],"build_version":"2020-12-22","purchased_purges":16,"victory":true,"max_hp_per_floor":[100,110,120,130,140,150,160,170,180,190,200,210,220,230,240,250,260,270,280,290,300,310,320,330,340,350,360,370,380,390,400,410,420,430,440,450,460,470,480,490,500,510,520,540,550,560,570,580,590,600,610,617,627,644,654],"card_choices":[{"not_picked":["theVacant:Husk","theVacant:Hex"],"picked":"theVacant:GraveDigger","floor":1.0},{"not_picked":["theVacant:BattleScars","theVacant:Cower","theVacant:Throttle"],"picked":"SKIP","floor":2.0},{"not_picked":["theVacant:Jab","theVacant:Enrage"],"picked":"theVacant:GraveWave","floor":5.0},{"not_picked":["theVacant:LashOut","theVacant:PitOfDespair","theVacant:Dig"],"picked":"SKIP","floor":7.0},{"not_picked":["theVacant:Enrage","theVacant:Anguish"],"picked":"theVacant:GraveWave","floor":8.0},{"not_picked":["theVacant:DarkStrike","theVacant:Cower","theVacant:EmbraceDarkness"],"picked":"SKIP","floor":11.0},{"not_picked":["theVacant:GraveDigger","theVacant:OnSecondThought"],"picked":"theVacant:ShutAway","floor":12.0},{"not_picked":["theVacant:ShutAway","theVacant:OnSecondThought"],"picked":"theVacant:Voidstone","floor":13.0},{"not_picked":["theVacant:GraveDigger","theVacant:FranticBlow","theVacant:Cower"],"picked":"SKIP","floor":14.0},{"not_picked":["theVacant:EyePoke","theVacant:Sneeze","theVacant:Soothe+1"],"picked":"SKIP","floor":18.0},{"not_picked":["theVacant:Spinshield+1","theVacant:Cower"],"picked":"theVacant:Thoughtseize+1","floor":19.0},{"not_picked":["theVacant:Husk+1","theVacant:ShutAway","theVacant:MindBreak"],"picked":"SKIP","floor":20.0},{"not_picked":["theVacant:DimensionTear","theVacant:LichStrike+1","theVacant:Anguish+1"],"picked":"SKIP","floor":24.0},{"not_picked":["theVacant:Barrage","theVacant:GraveWave","theVacant:Jab+1"],"picked":"SKIP","floor":28.0},{"not_picked":["theVacant:Dig+1","theVacant:Necromancy+1","theVacant:BattleScars"],"picked":"SKIP","floor":35.0},{"not_picked":["theVacant:FranticBlow+1","theVacant:OnSecondThought","theVacant:Expand"],"picked":"SKIP","floor":36.0},{"not_picked":["theVacant:Rejection","theVacant:EyePoke","theVacant:Enrage"],"picked":"SKIP","floor":37.0},{"not_picked":["theVacant:BurdenBreak+1","theVacant:Dig","theVacant:Threat"],"picked":"SKIP","floor":38.0},{"not_picked":["theVacant:BrassMagnet","theVacant:Dig+1","theVacant:BellToll"],"picked":"SKIP","floor":40.0},{"not_picked":["theVacant:Thoughtseize","theVacant:CleanseSoul+1","theVacant:Sneeze+1"],"picked":"SKIP","floor":45.0},{"not_picked":["theVacant:ReaperStrike+1","theVacant:Recover","theVacant:OnSecondThought+1"],"picked":"SKIP","floor":46.0},{"not_picked":["theVacant:CursedBlast","theVacant:OnSecondThought+1","theVacant:Enrage+1"],"picked":"SKIP","floor":47.0},{"not_picked":["theVacant:Soothe+1","theVacant:ForgeSoul","theVacant:BurdenBreak+1"],"picked":"SKIP","floor":48.0},{"not_picked":["theVacant:Showdown","theVacant:Thoughtseize","theVacant:Fortify+1"],"picked":"SKIP","floor":54.0}],"player_experience":279740,"relics_obtained":[{"floor":11.0,"key":"Lizard Tail"},{"floor":12.0,"key":"Odd Mushroom"},{"floor":14.0,"key":"Oddly Smooth Stone"},{"floor":24.0,"key":"Dream Catcher"},{"floor":26.0,"key":"Ginger"},{"floor":40.0,"key":"MawBank"},{"floor":40.0,"key":"Akabeko"},{"floor":42.0,"key":"conspire:GiftBox"},{"floor":43.0,"key":"Letter Opener"},{"floor":44.0,"key":"Pear"},{"floor":46.0,"key":"FossilizedHelix"},{"floor":46.0,"key":"conspire:DecoderRing"},{"floor":54.0,"key":"Turnip"},{"floor":54.0,"key":"Strawberry"}],"event_choices":[{"damage_healed":0.0,"max_hp_gain":0.0,"max_hp_loss":0.0,"gold_gain":0.0,"event_name":"Purifier","player_choice":"Ignored","floor":3.0,"gold_loss":0.0,"damage_taken":0.0},{"damage_healed":0.0,"max_hp_gain":0.0,"max_hp_loss":0.0,"gold_gain":0.0,"event_name":"Mushrooms","player_choice":"Fought Mushrooms","floor":12.0,"gold_loss":0.0,"damage_taken":0.0},{"damage_healed":0.0,"max_hp_gain":0.0,"max_hp_loss":0.0,"gold_gain":0.0,"event_name":"conspire:Investor","player_choice":"Leave","floor":21.0,"gold_loss":0.0,"damage_taken":0.0},{"damage_healed":0.0,"max_hp_gain":0.0,"max_hp_loss":0.0,"gold_gain":0.0,"event_name":"Drug Dealer","player_choice":"Inject Mutagens","floor":29.0,"gold_loss":0.0,"damage_taken":0.0,"relics_obtained":["MutagenicStrength"]},{"damage_healed":0.0,"max_hp_gain":0.0,"max_hp_loss":0.0,"gold_gain":0.0,"event_name":"Tomb of Lord Red Mask","player_choice":"Ignored","floor":39.0,"gold_loss":0.0,"damage_taken":0.0},{"damage_healed":0.0,"max_hp_gain":0.0,"max_hp_loss":0.0,"gold_gain":0.0,"event_name":"Mysterious Sphere","player_choice":"Fight","floor":42.0,"gold_loss":0.0,"damage_taken":0.0}],"is_beta":false,"boss_relics":[{"not_picked":["conspire:RunicOctahedron","conspire:RoyalGoblet"],"picked":"conspire:SpecialSausage"},{"not_picked":["Tiny House","Coffee Dripper"],"picked":"Black Star"}],"items_purged_floors":[0,0,0,0,0,0,0,31,31,31,31,31,31,31,52,52],"is_endless":false,"potions_floor_spawned":[1,8,12,13,18,24,35,36,40,46],"ascension_level":0}}