{"host":"wonp23fsqqcu31ie","time":1608787934,"event":{"mods":["2.2 Compatiblity","AchievementEnabler","Aspiration","BaseMod","Bestiary","Better Altar","Better Match","Better Sensory Stone","Better Skull","Better Third Choice","BetterRewards","Block Reminder","Colored Map","Colored Powertips","Conspire","DeckTracker","Displayed Cursed Tome","Downfall","Hermit","Highlight Path","Hubris","Minty Spire (QoL Compilation)","Permanent Neow","Quick Restart","Rare Cards Sparkle","Relic Stats","Replay The Spire","Shade Mod","Shop Mod","StSLib","SuperFastMode","The Animator","The Cursed","The Dragon Tamer","The Gatherer","The Necromancer","The Runesmith","The Servant 0.9.4"],"gold_per_floor":[129,129,129,235,248,248,261,286,309,309,309,309,51,74,74,215,215,238,253,193,41,41,68,68,68],"floor_reached":24,"playtime":463,"items_purged":[],"score":204,"play_id":"33a215c0-ac60-4ac6-9f11-df5c594f7f1b","local_time":"20201224163214","is_ascension_mode":false,"campfire_choices":[{"floor":6,"key":"REST"},{"floor":10,"key":"RECALL"},{"data":"animator:Benimaru","floor":12,"key":"SMITH"},{"floor":15,"key":"REST"}],"circlet_count":0,"master_deck":["animator:Strike_OnePunchMan","animator:Defend_OnePunchMan","animator:Strike","animator:Strike","animator:Strike","animator:Defend","animator:Defend","animator:Defend","animator:Genos","animator:MumenRider","animator:Benimaru+1","animator:Berserker","animator:Benimaru","animator:Shion","animator:Tatsumaki","animator:Geryuganshoop","animator:Shizu","animator:Vanir","animator:Hibiki","animator:Scar"],"relics":["animator:LivingPicture","animator:ColorlessFragment","Burning Blood","Regal Pillow","Smiling Mask","GremlinMask","MerchantsRug","hubris:CrackedHourglass","Replay:Mystery Machine","Nloth\u0027s Gift","Darkstone Periapt"],"acts_visited":["Exordium","TheCity"],"potions_floor_usage":[14,23,24],"damage_taken":[{"damage":6,"enemies":"Small Slimes","floor":1,"turns":3},{"damage":2,"enemies":"2 Louse","floor":5,"turns":3},{"damage":1,"enemies":"Cultist","floor":7,"turns":3},{"damage":4,"enemies":"Large Slime","floor":8,"turns":4},{"damage":13,"enemies":"Lots of Slimes","floor":14,"turns":3},{"damage":51,"enemies":"Slime Boss","floor":16,"turns":8},{"damage":10,"enemies":"Spheric Guardian","floor":18,"turns":3},{"damage":27,"enemies":"3 Byrds","floor":19,"turns":5},{"damage":45,"enemies":"conspire:SneckoGhost","floor":23,"turns":5},{"damage":15,"enemies":"Snake Plant","floor":24,"turns":2}],"seed_played":"5718090006428083834","potions_obtained":[{"floor":5,"key":"champ:CounterPotion"},{"floor":16,"key":"Energy Potion"},{"floor":23,"key":"Energy Potion"}],"is_trial":false,"path_per_floor":["M","?","?","?","M","R","M","M","T","R","?","R","$","M","R","B",null,"M","M","?","$","?","E","M"],"character_chosen":"THE_ANIMATOR","items_purchased":["MerchantsRug","animator:ColorlessFragment","Replay:Mystery Machine"],"campfire_rested":2,"item_purchase_floors":[13,13,21],"current_hp_per_floor":[66,50,55,19,23,59,65,67,67,67,67,67,67,61,73,28,73,69,48,48,48,48,9,0,0],"gold":68,"neow_bonus":"NOSTALGIA","is_daily":false,"chose_seed":false,"campfire_upgraded":1,"win_rate":0.0,"timestamp":1608787934,"path_taken":["M","?","?","?","?","R","M","M","T","R","?","R","$","?","R","BOSS","M","?","?","$","?","E","M"],"items_purchased_type":["Relic","Relic","Relic"],"build_version":"2020-12-22","purchased_purges":0,"victory":false,"max_hp_per_floor":[66,66,71,71,71,71,72,72,72,72,72,72,72,73,73,73,73,73,73,73,73,73,73,73,73],"relic_stats":{"Darkstone Periapt":0,"Regal Pillow":15,"counters":[10,39],"Nloth\u0027s Gift":0,"Smiling Mask":0,"obtain_stats":[{"Darkstone Periapt":23,"MerchantsRug":13,"Regal Pillow":4,"aspiration:Nostalgia":0,"Golden Idol":2,"animator:ColorlessFragment":13,"animator:TheMissingPiece":0,"GremlinMask":11,"Replay:Mystery Machine":21,"Smiling Mask":9,"Burning Blood":0,"Dream Catcher":4,"animator:LivingPicture":0,"Nloth\u0027s Gift":22,"hubris:CrackedHourglass":17},{"Darkstone Periapt":9,"MerchantsRug":4,"Regal Pillow":1,"aspiration:Nostalgia":0,"Golden Idol":1,"animator:ColorlessFragment":4,"animator:TheMissingPiece":0,"GremlinMask":4,"Replay:Mystery Machine":8,"Smiling Mask":4,"Burning Blood":0,"Dream Catcher":1,"animator:LivingPicture":0,"Nloth\u0027s Gift":8,"hubris:CrackedHourglass":6},{"Darkstone Periapt":37,"MerchantsRug":13,"Regal Pillow":3,"aspiration:Nostalgia":0,"Golden Idol":3,"animator:ColorlessFragment":13,"animator:TheMissingPiece":0,"GremlinMask":13,"Replay:Mystery Machine":32,"Smiling Mask":13,"Burning Blood":0,"Dream Catcher":3,"animator:LivingPicture":0,"Nloth\u0027s Gift":32,"hubris:CrackedHourglass":24}],"Burning Blood":54},"card_choices":[{"not_picked":["animator:SilverFang","animator:MetalKnight"],"picked":"animator:Benimaru","floor":1},{"not_picked":["animator:MumenRider","animator:Kazuma"],"picked":"animator:Berserker","floor":5},{"not_picked":["animator:ZankiKiguchi","animator:Assassin"],"picked":"animator:Benimaru","floor":6},{"not_picked":["animator:Hakurou","animator:Berserker"],"picked":"animator:Shion","floor":7},{"not_picked":["animator:Genos","animator:SilverFang"],"picked":"animator:Tatsumaki","floor":8},{"not_picked":["animator:Tatsumaki","animator:Illya"],"picked":"animator:Geryuganshoop","floor":14},{"not_picked":["animator:Saitama","animator:Eris"],"picked":"animator:Shizu","floor":16},{"not_picked":["animator:ElricAlphonse","animator:Geryuganshoop"],"picked":"animator:Vanir","floor":18},{"not_picked":["animator:Patchouli","animator:MisakiNakahara"],"picked":"animator:Hibiki","floor":19},{"not_picked":["animator:SakuraMatou","animator:Togame+1"],"picked":"animator:Scar","floor":23}],"player_experience":390432,"relics_obtained":[{"floor":9,"key":"Smiling Mask"},{"floor":23,"key":"Darkstone Periapt"}],"event_choices":[{"damage_healed":0,"gold_gain":0,"player_choice":"Take Damage","damage_taken":16,"relics_obtained":["Golden Idol"],"max_hp_gain":0,"max_hp_loss":0,"event_name":"Golden Idol","floor":2,"gold_loss":0},{"damage_healed":0,"gold_gain":0,"player_choice":"Donut","damage_taken":0,"max_hp_gain":5,"max_hp_loss":0,"event_name":"Big Fish","floor":3,"gold_loss":0},{"damage_healed":0,"gold_gain":106,"player_choice":"RE GO RE ","damage_taken":41,"relics_obtained":["Dream Catcher","Regal Pillow"],"max_hp_gain":0,"max_hp_loss":0,"event_name":"betterSkull:BetterSkull","floor":4,"gold_loss":0,"cards_upgraded":[]},{"damage_healed":0,"gold_gain":0,"player_choice":"Trade","damage_taken":0,"relics_obtained":["GremlinMask"],"max_hp_gain":0,"max_hp_loss":0,"event_name":"FaceTrader","floor":11,"gold_loss":0},{"damage_healed":0,"gold_gain":0,"player_choice":"Traded Relic","damage_taken":0,"relics_obtained":["Nloth\u0027s Gift"],"max_hp_gain":0,"max_hp_loss":0,"event_name":"N\u0027loth","floor":22,"relics_lost":["Golden Idol"],"gold_loss":0}],"is_beta":false,"boss_relics":[{"not_picked":["ReplayTheSpireMod:DimensionalGlitch","Painkiller Herb"],"picked":"hubris:CrackedHourglass"}],"items_purged_floors":[],"is_endless":false,"potions_floor_spawned":[5,16,23],"killed_by":"Snake Plant","ascension_level":0}}