{"host":"63rwe7p34ct1i0qu","time":1608826313,"event":{"mods":["BaseMod","Colored Map","DeckTracker","Minty Spire (QoL Compilation)","Permanent Neow","Quick Restart","StSLib"],"gold_per_floor":[115,290,72,90,90,90,100,100,123,140,140,140,215,228,228,332,332,346,361,65,78,78,78,78,78,102,122,136,136,155,70,70,181,181,195,165,90,117,135,135,135,135],"floor_reached":41,"playtime":1473,"items_purged":["Doubt"],"score":610,"play_id":"ff616b7a-9799-4f85-a34f-b598390e01ce","local_time":"20201225011153","is_ascension_mode":true,"campfire_choices":[{"data":"Fusion","floor":6.0,"key":"SMITH"},{"data":"Chill","floor":8.0,"key":"SMITH"},{"floor":12.0,"key":"REST"},{"floor":15.0,"key":"REST"},{"floor":23.0,"key":"REST"},{"floor":25.0,"key":"REST"},{"floor":29.0,"key":"REST"},{"floor":32.0,"key":"REST"},{"floor":40.0,"key":"REST"}],"circlet_count":0,"master_deck":["AscendersBane","Zap","Dualcast","Beam Cell","Redo","Hyperbeam","Fusion+1","Rainbow","Doom and Gloom","Redo","Steam","Compile Driver","Core Surge","Sweeping Beam","Chill+1","Chaos","Hologram","Seek","Compile Driver+1","Fusion+1","Self Repair","Mind Blast","Darkness","Meteor Strike","Double Energy","Madness","Madness"],"relics":["Pandora\u0027s Box","Ornamental Fan","Anchor","Art of War","Fusion Hammer","Membership Card","Emotion Chip","MutagenicStrength","CeramicFish","Orichalcum","SacredBark","TheAbacus"],"acts_visited":["Exordium","TheCity","TheBeyond"],"potions_floor_usage":[41,41],"damage_taken":[{"damage":12.0,"enemies":"Jaw Worm","floor":1.0,"turns":3.0},{"damage":0.0,"enemies":"Cultist","floor":4.0,"turns":2.0},{"damage":12.0,"enemies":"2 Louse","floor":7.0,"turns":2.0},{"damage":6.0,"enemies":"Blue Slaver","floor":10.0,"turns":3.0},{"damage":0.0,"enemies":"Red Slaver","floor":14.0,"turns":2.0},{"damage":44.0,"enemies":"The Guardian","floor":16.0,"turns":8.0},{"damage":11.0,"enemies":"2 Thieves","floor":18.0,"turns":4.0},{"damage":20.0,"enemies":"Spheric Guardian","floor":19.0,"turns":4.0},{"damage":0.0,"enemies":"Shelled Parasite and Fungi","floor":21.0,"turns":3.0},{"damage":11.0,"enemies":"Centurion and Healer","floor":27.0,"turns":4.0},{"damage":16.0,"enemies":"Snecko","floor":28.0,"turns":4.0},{"damage":0.0,"enemies":"Sentry and Sphere","floor":30.0,"turns":3.0},{"damage":53.0,"enemies":"Collector","floor":33.0,"turns":8.0},{"damage":17.0,"enemies":"Orb Walker","floor":35.0,"turns":4.0},{"damage":0.0,"enemies":"3 Shapes","floor":38.0,"turns":5.0},{"damage":18,"enemies":"Nemesis","floor":41,"turns":4}],"seed_played":"2533647737752119781","potions_obtained":[{"floor":7.0,"key":"LiquidBronze"},{"floor":14.0,"key":"SpeedPotion"},{"floor":16.0,"key":"FocusPotion"},{"floor":28.0,"key":"AttackPotion"},{"floor":36.0,"key":"CultistPotion"},{"floor":36.0,"key":"AttackPotion"},{"floor":38.0,"key":"GamblersBrew"}],"is_trial":false,"path_per_floor":["M","?","$","M","T","R","M","R","T","M","?","R","?","M","R","B",null,"M","M","$","M","?","R","?","R","T","M","M","R","M","?","R","B",null,"M","?","$","M","?","R","E"],"character_chosen":"DEFECT","items_purchased":["Core Surge","Membership Card","Emotion Chip","TheAbacus"],"campfire_rested":7,"item_purchase_floors":[3,20,20,37],"current_hp_per_floor":[56,56,56,56,56,56,44,44,44,38,13,35,35,35,57,13,60,49,29,29,29,29,51,39,61,61,57,41,63,63,63,75,29,64,54,54,54,61,52,74,56,56],"gold":135,"neow_bonus":"BOSS_RELIC","is_daily":false,"chose_seed":false,"campfire_upgraded":2,"win_rate":0.0,"timestamp":1608826313,"path_taken":["M","?","$","M","?","R","M","R","T","?","?","R","?","M","R","BOSS","M","M","$","M","?","R","?","R","T","M","?","R","M","?","R","BOSS","M","?","?","?","?","R","E"],"items_purchased_type":["Card","Relic","Relic","Relic"],"build_version":"2020-12-22","purchased_purges":1,"victory":false,"max_hp_per_floor":[75,75,75,75,75,75,75,75,75,75,75,75,75,75,75,75,75,75,75,75,75,75,75,75,75,75,75,75,75,75,75,75,75,75,75,75,75,75,75,75,75,75],"card_choices":[{"not_picked":["Sweeping Beam","Aggregate"],"picked":"Compile Driver","floor":1.0},{"not_picked":["Ball Lightning","Barrage"],"picked":"Sweeping Beam","floor":4.0},{"not_picked":["Ball Lightning","Gash"],"picked":"Chill","floor":7.0},{"not_picked":["Turbo","Blizzard"],"picked":"Chaos","floor":10.0},{"not_picked":["Go for the Eyes","Multi-Cast"],"picked":"Hologram","floor":14.0},{"not_picked":["Machine Learning","Buffer"],"picked":"Seek","floor":16.0},{"not_picked":["Ball Lightning","Turbo"],"picked":"Compile Driver+1","floor":18.0},{"not_picked":["Gash","Compile Driver"],"picked":"Fusion+1","floor":19.0},{"not_picked":["Consume","White Noise"],"picked":"Self Repair","floor":21.0},{"not_picked":["Beam Cell","Conserve Battery","Steam"],"picked":"SKIP","floor":27.0},{"not_picked":["Hologram","Barrage","Coolheaded"],"picked":"SKIP","floor":28.0},{"not_picked":["Capacitor","Streamline"],"picked":"Darkness","floor":30.0},{"not_picked":["Multi-Cast","Rainbow"],"picked":"Meteor Strike","floor":33.0},{"not_picked":["Go for the Eyes","Chaos","Heatsinks"],"picked":"SKIP","floor":35.0},{"not_picked":["Conserve Battery","Gash"],"picked":"Double Energy","floor":38.0}],"player_experience":809296,"relics_obtained":[{"floor":5.0,"key":"Ornamental Fan"},{"floor":9.0,"key":"Anchor"},{"floor":26.0,"key":"CeramicFish"}],"event_choices":[{"damage_healed":0.0,"max_hp_gain":0.0,"max_hp_loss":0.0,"gold_gain":175.0,"event_name":"Liars Game","player_choice":"AGREE","floor":2.0,"gold_loss":0.0,"damage_taken":0.0,"cards_obtained":["Doubt"]},{"damage_healed":0.0,"max_hp_gain":0.0,"max_hp_loss":0.0,"gold_gain":0.0,"event_name":"Scrap Ooze","player_choice":"Success","floor":11.0,"gold_loss":0.0,"damage_taken":25.0,"relics_obtained":["Art of War"]},{"damage_healed":0.0,"max_hp_gain":0.0,"max_hp_loss":0.0,"gold_gain":75.0,"event_name":"Golden Wing","player_choice":"Gained Gold","floor":13.0,"gold_loss":0.0,"damage_taken":0.0},{"damage_healed":0.0,"max_hp_gain":0.0,"max_hp_loss":0.0,"gold_gain":0.0,"event_name":"Drug Dealer","player_choice":"Inject Mutagens","floor":22.0,"gold_loss":0.0,"damage_taken":0.0,"relics_obtained":["MutagenicStrength"]},{"damage_healed":0.0,"max_hp_gain":0.0,"max_hp_loss":0.0,"gold_gain":0.0,"event_name":"Knowing Skull","player_choice":"CARD ","floor":24.0,"potions_obtained":[],"gold_loss":0.0,"damage_taken":12.0,"cards_obtained":["Mind Blast"]},{"damage_healed":0.0,"max_hp_gain":0.0,"max_hp_loss":0.0,"gold_gain":0.0,"event_name":"Addict","player_choice":"Obtained Relic","floor":31.0,"gold_loss":85.0,"damage_taken":0.0,"relics_obtained":["Orichalcum"]},{"damage_healed":0.0,"max_hp_gain":0.0,"max_hp_loss":0.0,"gold_gain":0.0,"event_name":"The Woman in Blue","player_choice":"Bought 2 Potions","floor":36.0,"gold_loss":0.0,"damage_taken":0.0},{"damage_healed":0.0,"max_hp_gain":0.0,"max_hp_loss":0.0,"gold_gain":0.0,"event_name":"Winding Halls","player_choice":"Embrace Madness","floor":39.0,"gold_loss":0.0,"damage_taken":9.0,"cards_obtained":["Madness","Madness"]}],"is_beta":false,"boss_relics":[{"not_picked":["Busted Crown","Runic Dome"],"picked":"Fusion Hammer"},{"not_picked":["Cursed Key","Velvet Choker"],"picked":"SacredBark"}],"items_purged_floors":[3],"is_endless":false,"potions_floor_spawned":[7,14,16,18,28,38],"killed_by":"Nemesis","ascension_level":12}}