{"host":"0msxzbajcl1c78mb","time":1608778908,"event":{"mods":["AchievementEnabler","BaseMod","Colored Map","Colored Powertips","Highlight Path","Minty Spire (QoL Compilation)","Relic Sorter","Relic Stats","StSLib","The Jungle","everything is the same but u backflip on backflip"],"gold_per_floor":[116,66,85,85,102,102,134,144,144,144,176,176,202,202,202,202,202],"floor_reached":16,"playtime":664,"items_purged":[],"score":159,"play_id":"ff2ec308-f8d0-4a42-b629-c3d71d2c571c","local_time":"20201223220148","is_ascension_mode":true,"campfire_choices":[{"data":"Searing Blow","floor":6,"key":"SMITH"},{"data":"Searing Blow+1","floor":10,"key":"SMITH"},{"data":"Searing Blow+2","floor":12,"key":"SMITH"},{"data":"Searing Blow+3","floor":15,"key":"SMITH"}],"circlet_count":0,"master_deck":["Strike_R","Strike_R","Strike_R","Strike_R","Strike_R","Defend_R","Defend_R","Defend_R","Bash","Pommel Strike","Searing Blow+4","Feed","Corruption"],"relics":["Burning Blood","Bag of Preparation","Ornamental Fan","StoneCalendar","Blue Candle","Gremlin Horn","Golden Idol"],"acts_visited":["Exordium"],"potions_floor_usage":[13,16,16],"damage_taken":[{"damage":8,"enemies":"2 Louse","floor":1,"turns":3},{"damage":7,"enemies":"Jaw Worm","floor":3,"turns":3},{"damage":4,"enemies":"Small Slimes","floor":5,"turns":4},{"damage":37,"enemies":"3 Sentries","floor":7,"turns":8},{"damage":1,"enemies":"3 Louse","floor":8,"turns":3},{"damage":29,"enemies":"Gremlin Nob","floor":11,"turns":4},{"damage":21,"enemies":"Lagavulin","floor":13,"turns":7},{"damage":35,"enemies":"The Guardian","floor":16,"turns":7}],"seed_played":"-7566922330999829701","potions_obtained":[{"floor":1,"key":"CultistPotion"},{"floor":3,"key":"LiquidBronze"},{"floor":8,"key":"BloodPotion"}],"is_trial":false,"path_per_floor":["M","?","M","T","M","R","E","M","T","R","E","R","E","?","R","B"],"character_chosen":"IRONCLAD","items_purchased":[],"campfire_rested":0,"item_purchase_floors":[],"current_hp_per_floor":[70,70,69,69,71,71,40,48,48,48,25,25,29,29,29,0,0],"gold":202,"neow_bonus":"RANDOM_COMMON_RELIC","is_daily":false,"chose_seed":false,"campfire_upgraded":4,"win_rate":0.0,"timestamp":1608778908,"path_taken":["M","?","M","?","M","R","E","M","T","R","E","R","E","?","R","BOSS"],"items_purchased_type":[],"build_version":"2020-12-22","purchased_purges":0,"victory":false,"max_hp_per_floor":[80,80,80,80,80,80,80,83,83,83,83,83,86,80,80,80,80],"relic_stats":{"Gremlin Horn":[0,0],"counters":[8,39],"Ornamental Fan":[16],"Golden Idol":0,"Blue Candle":[0],"StoneCalendar":[52],"Bag of Preparation":[16],"obtain_stats":[{"Gremlin Horn":13,"Ornamental Fan":4,"Golden Idol":14,"Blue Candle":11,"StoneCalendar":7,"Bag of Preparation":0,"Burning Blood":0},{"Gremlin Horn":7,"Ornamental Fan":2,"Golden Idol":7,"Blue Candle":6,"StoneCalendar":4,"Bag of Preparation":0,"Burning Blood":0},{"Gremlin Horn":32,"Ornamental Fan":6,"Golden Idol":32,"Blue Candle":25,"StoneCalendar":18,"Bag of Preparation":0,"Burning Blood":0}],"Burning Blood":42},"card_choices":[{"not_picked":["Wild Strike","Hemokinesis","Heavy Blade"],"picked":"SKIP","floor":1},{"not_picked":["Warcry","Wild Strike"],"picked":"Pommel Strike","floor":3},{"not_picked":["Iron Wave","Heavy Blade"],"picked":"Searing Blow","floor":5},{"not_picked":["Clash","Heavy Blade"],"picked":"Feed","floor":7},{"not_picked":["Headbutt","Wild Strike","Heavy Blade"],"picked":"SKIP","floor":8},{"not_picked":["Wild Strike","Thunderclap"],"picked":"Corruption","floor":11},{"not_picked":["Metallicize","Armaments","Twin Strike"],"picked":"SKIP","floor":13}],"player_experience":277285,"relics_obtained":[{"floor":4,"key":"Ornamental Fan"},{"floor":7,"key":"StoneCalendar"},{"floor":11,"key":"Blue Candle"},{"floor":13,"key":"Gremlin Horn"}],"event_choices":[{"cards_removed":["Defend_R"],"damage_healed":0,"gold_gain":0,"player_choice":"Card Removal","damage_taken":0,"max_hp_gain":0,"max_hp_loss":0,"event_name":"The Cleric","floor":2,"gold_loss":50},{"damage_healed":0,"gold_gain":0,"player_choice":"Lose Max HP","damage_taken":0,"relics_obtained":["Golden Idol"],"max_hp_gain":0,"max_hp_loss":6,"event_name":"Golden Idol","floor":14,"gold_loss":0}],"is_beta":false,"boss_relics":[],"items_purged_floors":[],"is_endless":false,"potions_floor_spawned":[1,3,8],"killed_by":"The Guardian","ascension_level":7}}