{"host":"daa8jqyg4gqfaysm","time":1608836371,"event":{"mods":["BaseMod","Colored Powertips","Minty Spire (QoL Compilation)","StSLib"],"gold_per_floor":[113,163,179,191,205,205,239,239,239,252,272,291,69,100,100,174,174,187,187,27,38,50,50,84,84,110,121,121,152,152,152,152,228,228,248,45,57,111,127,158,171,171,171,171,190,200,200,215,215,215,215,215,215,25,53,53,53],"floor_reached":56,"playtime":3375,"items_purged":["Strike_G","Strike_G+1"],"score":1912,"play_id":"fbcf9457-7b10-4634-8856-5c55dbefc662","local_time":"20201225025931","is_ascension_mode":true,"campfire_choices":[{"data":"The Bomb","floor":6,"key":"SMITH"},{"data":"Neutralize","floor":8,"key":"SMITH"},{"data":"Dagger Spray","floor":15,"key":"SMITH"},{"floor":23,"key":"REST"},{"floor":25,"key":"REST"},{"floor":28,"key":"RECALL"},{"floor":32,"key":"REST"},{"floor":42,"key":"REST"},{"data":"Strike_G+1","floor":47,"key":"PURGE"},{"data":"Strike_G+1","floor":49,"key":"PURGE"},{"floor":53,"key":"REST"}],"circlet_count":0,"master_deck":["AscendersBane","Strike_G+1","Defend_G+1","Defend_G+1","Defend_G+1","Defend_G+1","Defend_G+1","Survivor","Neutralize+1","The Bomb+1","Predator","PiercingWail","Backflip","Crippling Poison","Deflect","Deadly Poison","Adrenaline","Footwork+1","Wraith Form v2+1","Catalyst","Wraith Form v2+1","Acrobatics","Escape Plan","Backflip","Burst","PiercingWail","PanicButton","Bouncing Flask+1","Apotheosis"],"relics":["Ring of the Snake","PreservedInsect","Blood Vial","Frozen Egg 2","Fusion Hammer","Nilry\u0027s Codex","DollysMirror","Oddly Smooth Stone","Ancient Tea Set","Turnip","MutagenicStrength","Runic Pyramid","Peace Pipe","InkBottle","Bottled Flame"],"acts_visited":["Exordium","TheCity","TheBeyond","TheEnding"],"potions_floor_usage":[7,13,16,24,40,51],"damage_taken":[{"damage":4.0,"enemies":"Jaw Worm","floor":1.0,"turns":3.0},{"damage":0.0,"enemies":"Cultist","floor":3.0,"turns":3.0},{"damage":2.0,"enemies":"Small Slimes","floor":4.0,"turns":4.0},{"damage":7.0,"enemies":"2 Fungi Beasts","floor":5.0,"turns":3.0},{"damage":6,"enemies":"3 Sentries","floor":7,"turns":3},{"damage":2,"enemies":"Blue Slaver","floor":10,"turns":6},{"damage":3,"enemies":"3 Louse","floor":11,"turns":4},{"damage":7,"enemies":"2 Fungi Beasts","floor":12,"turns":3},{"damage":5,"enemies":"Lagavulin","floor":14,"turns":4},{"damage":9,"enemies":"Hexaghost","floor":16,"turns":9},{"damage":1,"enemies":"3 Byrds","floor":18,"turns":3},{"damage":5,"enemies":"Spheric Guardian","floor":21,"turns":6},{"damage":1,"enemies":"Snecko","floor":22,"turns":5},{"damage":21,"enemies":"Book of Stabbing","floor":24,"turns":7},{"damage":0,"enemies":"Snake Plant","floor":27,"turns":5},{"damage":0,"enemies":"Gremlin Leader","floor":29,"turns":6},{"damage":16,"enemies":"Champ","floor":33,"turns":20},{"damage":0,"enemies":"3 Shapes","floor":35,"turns":5},{"damage":4,"enemies":"3 Darklings","floor":37,"turns":4},{"damage":4,"enemies":"2 Orb Walkers","floor":38,"turns":3},{"damage":4,"enemies":"Maw","floor":39,"turns":11},{"damage":20,"enemies":"Reptomancer","floor":40,"turns":13},{"damage":6,"enemies":"Jaw Worm Horde","floor":41,"turns":4},{"damage":0,"enemies":"Writhing Mass","floor":45,"turns":6},{"damage":3,"enemies":"3 Darklings","floor":46,"turns":6},{"damage":0,"enemies":"Sphere and 2 Shapes","floor":48,"turns":7},{"damage":23,"enemies":"Time Eater","floor":50,"turns":10},{"damage":36,"enemies":"Awakened One","floor":51,"turns":24},{"damage":6,"enemies":"Shield and Spear","floor":55,"turns":11},{"damage":63,"enemies":"The Heart","floor":56,"turns":5}],"seed_played":"4120831668343477033","potions_obtained":[{"floor":4.0,"key":"DistilledChaos"},{"floor":5.0,"key":"GhostInAJar"},{"floor":10,"key":"Fruit Juice"},{"floor":22,"key":"Weak Potion"},{"floor":27,"key":"SteroidPotion"},{"floor":33,"key":"GhostInAJar"},{"floor":41,"key":"Explosive Potion"}],"is_trial":false,"path_per_floor":["M","?","M","M","M","R","E","R","T","M","M","M","$","E","R","B",null,"M","?","$","M","M","R","E","R","T","M","R","E","?","?","R","B",null,"M","$","M","?","M","E","M","R","T","?","M","M","R","M","R","B","B",null,"R","$","E","B"],"character_chosen":"THE_SILENT","items_purchased":["Adrenaline","PowerPotion","DollysMirror","PanicButton","Apotheosis"],"campfire_rested":5,"item_purchase_floors":[13,13,20,36,54],"current_hp_per_floor":[55,49,49,47,40,40,34,34,34,34,33,28,33,30,30,23,55,56,35,35,32,33,52,33,52,52,54,54,56,56,56,65,49,61,63,63,61,59,57,39,35,54,54,54,56,55,55,57,57,36,2,49,65,65,59,0,0],"gold":53,"neow_bonus":"RANDOM_COLORLESS_2","is_daily":false,"chose_seed":false,"campfire_upgraded":3,"win_rate":0.0,"timestamp":1608836371,"path_taken":["M","?","M","?","M","R","E","R","T","M","M","?","$","E","R","BOSS","M","?","$","M","M","R","E","R","T","M","R","E","?","?","R","BOSS","M","$","M","?","M","E","M","R","T","?","M","M","R","M","R","BOSS","BOSS","R","$","E","BOSS"],"items_purchased_type":["Card","Potion","Relic","Card","Card"],"build_version":"2020-12-22","purchased_purges":2,"victory":false,"max_hp_per_floor":[60,60,60,60,60,60,60,60,60,60,60,60,65,65,65,65,65,65,65,65,65,65,65,65,65,65,65,65,65,65,65,65,65,65,65,65,65,65,65,65,65,65,65,65,65,65,65,65,65,65,65,65,65,65,65,65,65],"card_choices":[{"not_picked":["Sadistic Nature","Transmutation"],"picked":"The Bomb","floor":0.0},{"not_picked":["Cloak And Dagger","Concentrate"],"picked":"Predator","floor":1.0},{"not_picked":["Reflex","Catalyst"],"picked":"PiercingWail","floor":3.0},{"not_picked":["Sucker Punch","Riddle With Holes"],"picked":"Dagger Spray","floor":4.0},{"not_picked":["Sucker Punch","Accuracy"],"picked":"Backflip","floor":5.0},{"not_picked":["Skewer","Tactician"],"picked":"Crippling Poison","floor":7},{"not_picked":["Concentrate","Riddle With Holes","Cloak And Dagger"],"picked":"SKIP","floor":10},{"not_picked":["Dodge and Roll","Dagger Spray"],"picked":"Deflect","floor":11},{"not_picked":["Cloak And Dagger","Dagger Spray"],"picked":"Deadly Poison","floor":12},{"not_picked":["Outmaneuver","Sucker Punch"],"picked":"Footwork+1","floor":14},{"not_picked":["After Image+1","Grand Finale"],"picked":"Wraith Form v2+1","floor":16},{"not_picked":["Outmaneuver","Deflect+1"],"picked":"Catalyst","floor":18},{"not_picked":["Prepared","Distraction"],"picked":"Acrobatics","floor":21},{"not_picked":["Calculated Gamble","Underhanded Strike","Unload"],"picked":"SKIP","floor":22},{"not_picked":["Slice","Dash"],"picked":"Escape Plan","floor":24},{"not_picked":["Setup","Outmaneuver"],"picked":"Backflip","floor":27},{"not_picked":["A Thousand Cuts+1","Underhanded Strike","Slice"],"picked":"SKIP","floor":29},{"not_picked":["Storm of Steel","Night Terror"],"picked":"Burst","floor":33},{"not_picked":["Dagger Spray+1","Blade Dance"],"picked":"PiercingWail","floor":35},{"not_picked":["Dagger Throw+1","PiercingWail","Underhanded Strike"],"picked":"SKIP","floor":37},{"not_picked":["PiercingWail","Prepared"],"picked":"Bouncing Flask+1","floor":39},{"not_picked":["Acrobatics","Night Terror","Slice"],"picked":"SKIP","floor":40},{"not_picked":["Escape Plan","Predator","Reflex"],"picked":"SKIP","floor":41},{"not_picked":["Quick Slash","Outmaneuver+1","Slice+1"],"picked":"SKIP","floor":45},{"not_picked":["Bane","PiercingWail","Flying Knee+1"],"picked":"SKIP","floor":46},{"not_picked":["Riddle With Holes","Backflip","Outmaneuver+1"],"picked":"SKIP","floor":48},{"not_picked":["Dagger Throw","Backflip+1","Outmaneuver+1"],"picked":"SKIP","floor":55}],"player_experience":730150,"relics_obtained":[{"floor":7,"key":"PreservedInsect"},{"floor":9,"key":"Blood Vial"},{"floor":14,"key":"Frozen Egg 2"},{"floor":19,"key":"Nilry\u0027s Codex"},{"floor":24,"key":"Oddly Smooth Stone"},{"floor":26,"key":"Ancient Tea Set"},{"floor":29,"key":"Turnip"},{"floor":38,"key":"Peace Pipe"},{"floor":40,"key":"InkBottle"},{"floor":55,"key":"Bottled Flame"}],"event_choices":[{"damage_healed":0.0,"max_hp_gain":0.0,"max_hp_loss":0.0,"gold_gain":50.0,"event_name":"FaceTrader","player_choice":"Touch","floor":2.0,"gold_loss":0.0,"damage_taken":6.0},{"damage_healed":0,"gold_gain":0,"player_choice":"Obtained Book","damage_taken":21,"max_hp_gain":0,"max_hp_loss":0,"event_name":"Cursed Tome","floor":19,"gold_loss":0},{"damage_healed":0,"gold_gain":0,"player_choice":"Simplicity","damage_taken":0,"max_hp_gain":0,"max_hp_loss":0,"event_name":"Back to Basics","floor":30,"gold_loss":0,"cards_upgraded":["Strike_G","Strike_G","Strike_G","Strike_G","Defend_G","Defend_G","Defend_G","Defend_G","Defend_G"]},{"damage_healed":0,"gold_gain":0,"player_choice":"Inject Mutagens","damage_taken":0,"relics_obtained":["MutagenicStrength"],"max_hp_gain":0,"max_hp_loss":0,"event_name":"Drug Dealer","floor":31,"gold_loss":0},{"damage_healed":0,"gold_gain":0,"player_choice":"Fight","damage_taken":0,"max_hp_gain":0,"max_hp_loss":0,"event_name":"Mysterious Sphere","floor":38,"gold_loss":0},{"cards_removed":["Dagger Spray"],"damage_healed":0,"gold_gain":0,"player_choice":"Removed Attack","damage_taken":0,"max_hp_gain":0,"max_hp_loss":0,"event_name":"Falling","floor":44,"gold_loss":0}],"is_beta":false,"boss_relics":[{"not_picked":["Black Star","HoveringKite"],"picked":"Fusion Hammer"},{"not_picked":["Cursed Key","SlaversCollar"],"picked":"Runic Pyramid"}],"items_purged_floors":[13,36],"is_endless":false,"potions_floor_spawned":[4,5,10,11,22,27,33,37,38,41,46],"killed_by":"The Heart","ascension_level":20}}