{"host":"3c27c697js19kaoo","time":1608779571,"event":{"mods":["ATMod(阿瑾Mod)","Aspiration","BaseMod","CapriCore","Dota2Spire","Hermit","Minty Spire (QoL Compilation)","Quick Restart","Remilia（蕾米莉亚）","Replay The Spire","Robot Space Explorer","RumiaBox-露米娅的神秘盒子","Spicy Shops","StSLib","The Alterego","The Cursed","The Runesmith","The Servant 0.9.4","vexMod","【功能Mod】混沌之环修复补丁","【遗物卡牌】REMEMod"],"gold_per_floor":[109,209,221,75,75,75,128,128,128,159,83,97,164,190,190,291,291,276,276,22,38,38,38,83,83],"floor_reached":24,"playtime":1066,"items_purged":[],"score":273,"play_id":"f2a69c67-5635-4829-945d-ec6f18149092","local_time":"20201224111251","is_ascension_mode":true,"campfire_choices":[{"data":"Runesmith:CreatorForm","floor":6,"key":"SMITH"},{"data":"AT_FamilyPortrait","floor":8,"key":"SMITH"},{"data":"hermit:Determination","floor":15,"key":"SMITH"},{"data":"hermit:Snapshot","floor":23,"key":"SMITH"}],"circlet_count":0,"master_deck":["hermit:Strike_Hermit","hermit:Strike_Hermit","hermit:Strike_Hermit","hermit:Strike_Hermit","hermit:Defend_Hermit","hermit:Defend_Hermit","hermit:Defend_Hermit","hermit:Defend_Hermit","hermit:Snapshot+1","hermit:Covet","AT_FamilyPortrait+1","Runesmith:CreatorForm+1","hermit:GhostlyPresence","hermit:Midnight","Regret","hermit:Malice","hermit:Determination+1","hermit:Reprieve","AbeCurse","hermit:Quickdraw+1","hermit:ShadowCloak+1","Delirium"],"relics":["hermit:Momento","REME_ComplimentaryCards","AT_ATBox","NeowsBlessing","ReplayTheSpireMod:TigerMarble","Replay:Rubber Ducky","Dota2Spire:Butterfly","Runesmith:Nanobots","aspiration:Lifesprig","Sling","MagicDraw3","Abe\u0027s Treasure","Frozen Egg 2","ReplayTheSpireMod:Ring of Challenge"],"acts_visited":["Exordium","TheCity"],"potions_floor_usage":[18],"damage_taken":[{"damage":0,"enemies":"2 Louse","floor":1,"turns":2},{"damage":0,"enemies":"Cultist","floor":3,"turns":1},{"damage":0,"enemies":"Lagavulin","floor":7,"turns":2},{"damage":7,"enemies":"Gremlin Nob","floor":10,"turns":5},{"damage":7,"enemies":"Small Slimes","floor":12,"turns":3},{"damage":16,"enemies":"3 Sentries","floor":14,"turns":4},{"damage":23,"enemies":"Fading Forest","floor":16,"turns":11},{"damage":8,"enemies":"2 Thieves","floor":18,"turns":4},{"damage":0,"enemies":"3 Byrds","floor":21,"turns":2},{"damage":81,"enemies":"Slavers","floor":24,"turns":5}],"seed_played":"-3105178948961167795","potions_obtained":[{"floor":3,"key":"DuplicationPotion"},{"floor":12,"key":"Dota2Spire:Clarity"},{"floor":14,"key":"Strength Potion"},{"floor":16,"key":"BlessingOfTheForge"},{"floor":21,"key":"Ancient Potion"}],"is_trial":false,"path_per_floor":["M","?","M","$","?","R","E","R","T","E","$","M","?","E","R","B",null,"M","?","$","M","?","R","E"],"character_chosen":"HERMIT","items_purchased":["ReplayTheSpireMod:TigerMarble","Sling","Frozen Egg 2"],"campfire_rested":0,"item_purchase_floors":[4,11,20],"current_hp_per_floor":[75,75,75,75,75,75,75,75,75,68,68,61,61,45,45,32,75,67,67,67,67,67,67,0,0],"gold":83,"neow_bonus":"THREE_ENEMY_KILL","is_daily":false,"chose_seed":false,"campfire_upgraded":4,"win_rate":0.0,"timestamp":1608779571,"path_taken":["M","?","?","$","?","R","E","R","T","E","$","M","?","E","R","BOSS","M","?","?","M","?","R","E"],"items_purchased_type":["Relic","Relic","Relic"],"build_version":"2020-12-22","purchased_purges":0,"victory":false,"max_hp_per_floor":[75,75,75,75,75,75,75,75,75,75,75,75,75,75,75,75,75,75,75,75,75,75,75,75,75],"card_choices":[{"not_picked":["hermit:LowProfile","hermit:Feint"],"picked":"hermit:GhostlyPresence","floor":1},{"not_picked":["hermit:Dive","hermit:HoleUp"],"picked":"hermit:Midnight","floor":3},{"not_picked":["hermit:Ricochet","hermit:PistolWhip","hermit:Misfire"],"picked":"SKIP","floor":7},{"not_picked":["hermit:TakeAim","hermit:Cheat"],"picked":"hermit:Malice","floor":10},{"not_picked":["hermit:Cheat","hermit:Dive","hermit:Snipe"],"picked":"SKIP","floor":12},{"not_picked":["hermit:Malice","hermit:GhostlyPresence"],"picked":"hermit:Determination","floor":14},{"not_picked":["hermit:Dissolve","hermit:HeroicBravado"],"picked":"hermit:Reprieve","floor":16},{"not_picked":["hermit:Coalescence","hermit:BigShot"],"picked":"hermit:Quickdraw","floor":18},{"not_picked":["hermit:ItchyTrigger","hermit:LowProfile+1"],"picked":"hermit:ShadowCloak+1","floor":21}],"player_experience":177221,"relics_obtained":[{"floor":7,"key":"Dota2Spire:Butterfly"},{"floor":9,"key":"Runesmith:Nanobots"},{"floor":10,"key":"aspiration:Lifesprig"},{"floor":14,"key":"MagicDraw3"},{"floor":22,"key":"ReplayTheSpireMod:Ring of Challenge"}],"event_choices":[{"damage_healed":0,"gold_gain":100,"player_choice":"Pray","damage_taken":0,"max_hp_gain":0,"max_hp_loss":0,"event_name":"Golden Shrine","floor":2,"gold_loss":0},{"damage_healed":0,"gold_gain":0,"player_choice":"Box","damage_taken":0,"relics_obtained":["Replay:Rubber Ducky"],"max_hp_gain":0,"max_hp_loss":0,"event_name":"Big Fish","floor":5,"gold_loss":0,"cards_obtained":["Regret"]},{"damage_healed":0,"gold_gain":67,"player_choice":"Gained Gold","damage_taken":0,"max_hp_gain":0,"max_hp_loss":0,"event_name":"Golden Wing","floor":13,"gold_loss":0},{"damage_healed":0,"gold_gain":0,"player_choice":"Forge","damage_taken":0,"max_hp_gain":0,"max_hp_loss":0,"event_name":"Accursed Blacksmith","floor":19,"gold_loss":0,"cards_upgraded":["hermit:Quickdraw"]}],"is_beta":false,"boss_relics":[{"not_picked":["aspiration:SecretTechniqueScroll","vexMod:MegatonBomb"],"picked":"Abe\u0027s Treasure"}],"items_purged_floors":[],"is_endless":false,"potions_floor_spawned":[3,12,14,16,21],"killed_by":"Slavers","ascension_level":1}}