{"host":"3y2rtlgteqp2nuo3","time":1608824269,"event":{"mods":["2.2 Compatiblity","AchievementEnabler","BaseMod","Colored Map","DeckTracker","Highlight Path","Keyboard Shortcuts","Minty Spire (QoL Compilation)","Permanent Neow","Quick Restart","StSLib","SuperFastMode","everything is the same but u backflip on backflip"],"gold_per_floor":[112,124,144,159,174,174,174,193,263,263,288,288,44,61,61,158,158,174,161,171,171,171,171,171],"floor_reached":23,"playtime":481,"items_purged":[],"score":224,"play_id":"17e45a74-a66b-4dd8-826e-ddc77ad04218","local_time":"20201225003749","is_ascension_mode":true,"campfire_choices":[{"data":"Beam Cell","floor":6,"key":"SMITH"},{"floor":10,"key":"REST"},{"data":"Darkness","floor":12,"key":"SMITH"},{"data":"Coolheaded","floor":15,"key":"SMITH"}],"circlet_count":0,"master_deck":["Strike_B","Defend_B+1","Defend_B","Defend_B","Defend_B","Zap","Dualcast","Cold Snap+1","Ball Lightning","Beam Cell+1","White Noise","Streamline","Conserve Battery","Darkness+1","Coolheaded+1","Core Surge","Turbo","Ball Lightning+1","Compile Driver"],"relics":["Cracked Core","NeowsBlessing","White Beast Statue","InkBottle","Eternal Feather","Empty Cage"],"acts_visited":["Exordium","TheCity"],"potions_floor_usage":[16,20],"damage_taken":[{"damage":0,"enemies":"Jaw Worm","floor":1,"turns":1},{"damage":0,"enemies":"Small Slimes","floor":2,"turns":1},{"damage":0,"enemies":"Cultist","floor":3,"turns":1},{"damage":9,"enemies":"Lots of Slimes","floor":4,"turns":3},{"damage":21,"enemies":"Exordium Thugs","floor":5,"turns":3},{"damage":9,"enemies":"Looter","floor":8,"turns":3},{"damage":19,"enemies":"3 Sentries","floor":11,"turns":6},{"damage":0,"enemies":"2 Fungi Beasts","floor":14,"turns":3},{"damage":20,"enemies":"Slime Boss","floor":16,"turns":7},{"damage":8,"enemies":"Chosen","floor":18,"turns":4},{"damage":27,"enemies":"2 Thieves","floor":19,"turns":4},{"damage":10,"enemies":"Snake Plant","floor":20,"turns":3},{"damage":56,"enemies":"Gremlin Leader","floor":23,"turns":5}],"seed_played":"4269598980302972956","potions_obtained":[{"floor":2,"key":"Energy Potion"},{"floor":5,"key":"FearPotion"},{"floor":11,"key":"FearPotion"},{"floor":14,"key":"FocusPotion"},{"floor":16,"key":"FearPotion"},{"floor":20,"key":"ColorlessPotion"}],"is_trial":false,"path_per_floor":["M","M","M","M","M","R","?","M","T","R","E","R","$","M","R","B",null,"M","M","M","?","?","E"],"character_chosen":"DEFECT","items_purchased":["Eternal Feather"],"campfire_rested":1,"item_purchase_floors":[13],"current_hp_per_floor":[75,75,75,66,45,45,30,21,21,43,24,24,24,24,33,13,75,67,40,30,55,55,0,0],"gold":171,"neow_bonus":"THREE_ENEMY_KILL","is_daily":false,"chose_seed":false,"campfire_upgraded":3,"win_rate":0.0,"timestamp":1608824269,"path_taken":["M","M","M","M","M","R","?","M","T","R","E","R","$","M","R","BOSS","M","M","M","?","?","E"],"items_purchased_type":["Relic"],"build_version":"2020-12-22","purchased_purges":0,"victory":false,"max_hp_per_floor":[75,75,75,75,75,75,75,75,75,75,75,75,75,75,75,75,75,75,75,75,75,75,75,75],"card_choices":[{"not_picked":["Gash","Redo"],"picked":"Cold Snap","floor":1},{"not_picked":["Steam","Conserve Battery"],"picked":"Ball Lightning","floor":2},{"not_picked":["Steam","Turbo"],"picked":"Beam Cell","floor":3},{"not_picked":["Heatsinks","Machine Learning"],"picked":"White Noise","floor":4},{"not_picked":["Melter","Chaos"],"picked":"Streamline","floor":5},{"not_picked":["Barrage","Streamline"],"picked":"Conserve Battery","floor":8},{"not_picked":["Redo","Self Repair"],"picked":"Darkness","floor":11},{"not_picked":["Loop","Tempest"],"picked":"Coolheaded","floor":14},{"not_picked":["Machine Learning","All For One"],"picked":"Core Surge","floor":16},{"not_picked":["Loop","Barrage"],"picked":"Turbo","floor":18},{"not_picked":["Scrape","Sweeping Beam"],"picked":"Ball Lightning+1","floor":19},{"not_picked":["Doom and Gloom","Stack"],"picked":"Compile Driver","floor":20}],"player_experience":642908,"relics_obtained":[{"floor":9,"key":"White Beast Statue"},{"floor":11,"key":"InkBottle"}],"event_choices":[{"damage_healed":0,"gold_gain":0,"player_choice":"Entered Light","damage_taken":15,"max_hp_gain":0,"max_hp_loss":0,"event_name":"Shining Light","floor":7,"gold_loss":0,"cards_upgraded":["Defend_B","Cold Snap"]},{"damage_healed":25,"gold_gain":0,"player_choice":"Heal","damage_taken":0,"max_hp_gain":0,"max_hp_loss":0,"event_name":"The Library","floor":21,"gold_loss":0},{"cards_removed":["Strike_B"],"damage_healed":0,"gold_gain":0,"player_choice":"Purged","damage_taken":0,"max_hp_gain":0,"max_hp_loss":0,"event_name":"Purifier","floor":22,"gold_loss":0}],"is_beta":false,"boss_relics":[{"not_picked":["Calling Bell","Runic Pyramid"],"picked":"Empty Cage"}],"items_purged_floors":[],"is_endless":false,"potions_floor_spawned":[2,5,11,14,16,18,19,20],"killed_by":"Gremlin Leader","ascension_level":3}}