{"host":"jpyc2kczef5p02oc","time":1608806934,"event":{"mods":["ATMod(阿瑾Mod)","BaseMod","Friendly Minions","Hubris","Marisa（F雨　魔理沙）","Minty Spire (QoL Compilation)","StSLib","Td1madao Mod","The Servant 0.9.4","【功能Mod】聪明的最终Boss"],"gold_per_floor":[111,131,131,281,33,69,69,105,105,105,26,26,41,60,60,150,150],"floor_reached":16,"playtime":363,"items_purged":["Doubt"],"score":395,"play_id":"22a41bc7-7c09-4ae8-9f5a-e2d23cf528ac","local_time":"20201224184854","is_ascension_mode":true,"campfire_choices":[{"data":"Demon Form","floor":7,"key":"SMITH"},{"data":"AT_PowerWithin","floor":10,"key":"SMITH"},{"data":"AT_ShrugMaster","floor":15,"key":"SMITH"}],"circlet_count":0,"master_deck":["AscendersBane","Strike_R","Strike_R","Strike_R","Strike_R","Defend_R","Defend_R","Defend_R","Defend_R","Bash","AT_PowerWithin+1","Battle Trance","Demon Form+1","AT_DrawKnifeCut","AT_ShrugMaster+1"],"relics":["Burning Blood","AT_ATBox","NeowsBlessing","Golden Idol","ClockworkSouvenir","HornCleat","Lantern","AT_DeathDance"],"acts_visited":["Exordium"],"potions_floor_usage":[8,16],"damage_taken":[{"damage":0,"enemies":"2 Louse","floor":1,"turns":1},{"damage":0,"enemies":"Jaw Worm","floor":2,"turns":1},{"damage":0,"enemies":"3 Sentries","floor":6,"turns":1},{"damage":8,"enemies":"Gremlin Nob","floor":8,"turns":3},{"damage":22,"enemies":"Small Slimes","floor":13,"turns":3},{"damage":5,"enemies":"Blue Slaver","floor":14,"turns":3},{"damage":23,"enemies":"The Guardian","floor":16,"turns":7}],"seed_played":"3719668304378630425","potions_obtained":[{"floor":1,"key":"LiquidMemories"},{"floor":6,"key":"ColorlessPotion"},{"floor":8,"key":"ColorlessPotion"},{"floor":16,"key":"GamblersBrew"}],"is_trial":false,"path_per_floor":["M","M","?","?","$","E","R","E","T","R","$","?","M","M","R","B"],"character_chosen":"IRONCLAD","items_purchased":["ClockworkSouvenir","AT_ShrugMaster"],"campfire_rested":0,"item_purchase_floors":[5,11],"current_hp_per_floor":[74,75,49,49,49,55,55,53,53,53,53,49,33,34,34,17,17],"gold":150,"neow_bonus":"THREE_ENEMY_KILL","is_daily":false,"chose_seed":false,"campfire_upgraded":3,"win_rate":0.0,"timestamp":1608806934,"path_taken":["M","M","?","?","$","E","R","E","T","R","?","?","M","M","R","BOSS"],"items_purchased_type":["Relic","Card"],"build_version":"2020-12-22","purchased_purges":1,"victory":false,"max_hp_per_floor":[75,75,75,75,75,75,75,75,75,75,75,75,75,75,75,75,75],"card_choices":[{"not_picked":["AT_DrawKnifeCut","Body Slam","Havoc"],"picked":"SKIP","floor":1},{"not_picked":["Wild Strike","Iron Wave"],"picked":"Battle Trance","floor":2},{"not_picked":["Clash","Wild Strike"],"picked":"Demon Form","floor":6},{"not_picked":["Cleave","Spot Weakness"],"picked":"AT_DrawKnifeCut","floor":8},{"not_picked":["Wild Strike","Clothesline","Shockwave"],"picked":"SKIP","floor":13},{"not_picked":["Pommel Strike","Evolve","Twin Strike"],"picked":"SKIP","floor":14}],"player_experience":273616,"relics_obtained":[{"floor":6,"key":"HornCleat"},{"floor":8,"key":"Lantern"},{"floor":9,"key":"AT_DeathDance"}],"event_choices":[{"damage_healed":0,"gold_gain":0,"player_choice":"Take Damage","damage_taken":26,"relics_obtained":["Golden Idol"],"max_hp_gain":0,"max_hp_loss":0,"event_name":"Golden Idol","floor":3,"gold_loss":0},{"damage_healed":0,"gold_gain":150,"player_choice":"AGREE","damage_taken":0,"max_hp_gain":0,"max_hp_loss":0,"event_name":"Liars Game","floor":4,"gold_loss":0,"cards_obtained":["Doubt"]},{"cards_removed":["Strike_R"],"damage_healed":0,"gold_gain":0,"player_choice":"Card Removal","damage_taken":7,"max_hp_gain":0,"max_hp_loss":0,"event_name":"Golden Wing","floor":12,"gold_loss":0}],"is_beta":false,"boss_relics":[],"items_purged_floors":[5],"is_endless":false,"potions_floor_spawned":[1,6,8,16],"killed_by":"The Guardian","ascension_level":18}}