{"host":"88gj1a6q1iuldet9","time":1608797102,"event":{"mods":["Act Like it!","BaseMod","BetterRewards","Conspire","Downfall","Energized Spire","Gensokyo","GungeonMod","Hubris","Luminous","Magitek Elite","Minty Spire (QoL Compilation)","Quick Restart","Reimu??????","Replay The Spire","Robot Space Explorer","Shop Mod","StSLib","The Dragon Tamer","The Hayseed","The Marked","The Mystic","The Necromancer","The Problem Sleuth","The Runesmith","The Sage","TheArtist","TheFirefly","Wandering Minibosses","Yuri Mod"],"gold_per_floor":[112,146,146,166,184,184,184],"floor_reached":6,"playtime":560,"items_purged":[],"score":36,"play_id":"b658a33e-039e-4921-a775-84dc4d4a496e","local_time":"20201224030502","is_ascension_mode":false,"campfire_choices":[],"circlet_count":0,"master_deck":["Strike_L","Strike_L","Strike_L","Defend_L","Defend_L","Defend_L","Defend_L","Defend_L","Fire2","Cure","Throw","Quake","Tornado","Shell","Transfusion"],"relics":["Pendant","Tintinnabulum","DemoMod:GlassGuonStoneRelic"],"acts_visited":["Exordium"],"potions_floor_usage":[5,6],"damage_taken":[{"damage":1,"enemies":"Jaw Worm","floor":1,"turns":5},{"damage":25,"enemies":"conspire:MimicChest","floor":2,"turns":9},{"damage":1,"enemies":"Cultist","floor":4,"turns":4},{"damage":4,"enemies":"2 Louse","floor":5,"turns":3},{"damage":0,"enemies":"3 Sentries","floor":6,"turns":1}],"seed_played":"269148774217719357","potions_obtained":[{"floor":2,"key":"Dexterity Potion"},{"floor":3,"key":"DistilledChaos"},{"floor":3,"key":"DemoMod:LeadSkinPotion"},{"floor":4,"key":"PowerPotion"}],"is_trial":false,"path_per_floor":["M","?","?","M","M","E"],"character_chosen":"MAGITEKELITE","items_purchased":[],"campfire_rested":0,"item_purchase_floors":[],"current_hp_per_floor":[62,37,38,38,41,42,42],"gold":184,"neow_bonus":"TRANSFORM_CARD","is_daily":false,"chose_seed":false,"campfire_upgraded":0,"win_rate":0.0,"timestamp":1608797102,"path_taken":["M","?","?","?","M","E"],"items_purchased_type":[],"build_version":"2020-12-22","purchased_purges":0,"victory":false,"max_hp_per_floor":[63,63,63,63,63,63,63],"card_choices":[{"not_picked":["Gaia_Gear","Cursed_Shield"],"picked":"Quake","floor":1},{"not_picked":["Flare","Poisona"],"picked":"Tornado","floor":2},{"not_picked":["Focus","Minerva_Bustier"],"picked":"Shell","floor":4},{"not_picked":["Holy","Barrier"],"picked":"Transfusion","floor":5}],"player_experience":918583,"relics_obtained":[{"floor":2,"key":"Tintinnabulum"}],"event_choices":[{"damage_healed":0,"gold_gain":0,"player_choice":"Got Potions","damage_taken":0,"max_hp_gain":0,"max_hp_loss":0,"event_name":"Lab","floor":3,"gold_loss":0}],"is_beta":false,"boss_relics":[],"items_purged_floors":[],"is_endless":false,"potions_floor_spawned":[2,4],"killed_by":"3 Sentries","ascension_level":0}}