{"host":"dl7h25vjpuplx29g","time":1608828092,"event":{"mods":["BaseMod","Colored Map","Minty Spire (QoL Compilation)"],"gold_per_floor":[111,61,75,95,112,187,187,213,237,237,255,54,54,83,83,83,83],"floor_reached":16,"playtime":1007,"items_purged":["Strike_G"],"score":182,"play_id":"4f84613e-cd6c-44a9-80dd-27ec72611ed9","local_time":"20201225014132","is_ascension_mode":true,"campfire_choices":[{"data":"Neutralize","floor":7,"key":"SMITH"},{"floor":10,"key":"REST"},{"floor":15,"key":"REST"}],"circlet_count":0,"master_deck":["AscendersBane","Strike_G","Strike_G","Strike_G","Defend_G","Defend_G","Defend_G","Defend_G","Survivor","Neutralize+1","Dagger Spray","Skewer","Eviscerate","Caltrops","Wraith Form v2","Blade Dance","Calculated Gamble","All Out Attack"],"relics":["Ring of the Snake","Lantern","Strawberry","Regal Pillow"],"acts_visited":["Exordium"],"potions_floor_usage":[5,8,14],"damage_taken":[{"damage":0.0,"enemies":"Small Slimes","floor":1.0,"turns":4.0},{"damage":7.0,"enemies":"Jaw Worm","floor":3.0,"turns":5.0},{"damage":1.0,"enemies":"Cultist","floor":4.0,"turns":3.0},{"damage":22,"enemies":"Lots of Slimes","floor":5,"turns":4},{"damage":18,"enemies":"Gremlin Nob","floor":8,"turns":4},{"damage":3,"enemies":"Looter","floor":11,"turns":5},{"damage":5,"enemies":"3 Sentries","floor":14,"turns":5},{"damage":68,"enemies":"The Guardian","floor":16,"turns":15}],"seed_played":"-4638412516225074659","potions_obtained":[{"floor":1.0,"key":"Ancient Potion"},{"floor":3.0,"key":"Strength Potion"}],"is_trial":false,"path_per_floor":["M","?","M","M","M","?","R","E","T","R","M","$","?","E","R","B"],"character_chosen":"THE_SILENT","items_purchased":["Calculated Gamble","Explosive Potion"],"campfire_rested":2,"item_purchase_floors":[12,12],"current_hp_per_floor":[70,70,63,62,40,29,29,11,18,43,40,40,33,28,68,0,0],"gold":83,"neow_bonus":"TEN_PERCENT_HP_BONUS","is_daily":false,"chose_seed":false,"campfire_upgraded":1,"win_rate":0.0,"timestamp":1608828092,"path_taken":["M","?","M","M","M","?","R","E","T","R","M","$","?","E","R","BOSS"],"items_purchased_type":["Card","Potion"],"build_version":"2020-12-22","purchased_purges":1,"victory":false,"max_hp_per_floor":[77,77,77,77,77,77,77,77,84,84,84,84,84,84,84,84,84],"card_choices":[{"not_picked":["Well Laid Plans","Blur"],"picked":"Dagger Spray","floor":1.0},{"not_picked":["Heel Hook","Dodge and Roll"],"picked":"Skewer","floor":3.0},{"not_picked":["Bane","Dodge and Roll"],"picked":"Eviscerate","floor":4.0},{"not_picked":["Flying Knee","Prepared"],"picked":"Caltrops","floor":5},{"not_picked":["Deflect","Poisoned Stab"],"picked":"Wraith Form v2","floor":8},{"not_picked":["Prepared","Outmaneuver"],"picked":"Blade Dance","floor":11},{"not_picked":["Underhanded Strike","Escape Plan"],"picked":"All Out Attack","floor":14}],"player_experience":1172636,"relics_obtained":[{"floor":8,"key":"Lantern"},{"floor":9,"key":"Strawberry"},{"floor":14,"key":"Regal Pillow"}],"event_choices":[{"cards_removed":["Defend_G"],"damage_healed":0.0,"max_hp_gain":0.0,"max_hp_loss":0.0,"gold_gain":0.0,"event_name":"The Cleric","player_choice":"Card Removal","floor":2.0,"gold_loss":50.0,"damage_taken":0.0},{"damage_healed":0,"gold_gain":75,"player_choice":"Gather Gold","damage_taken":11,"max_hp_gain":0,"max_hp_loss":0,"event_name":"World of Goop","floor":6,"gold_loss":0},{"cards_removed":["Strike_G"],"damage_healed":0,"gold_gain":0,"player_choice":"Card Removal","damage_taken":7,"max_hp_gain":0,"max_hp_loss":0,"event_name":"Golden Wing","floor":13,"gold_loss":0}],"is_beta":false,"boss_relics":[],"items_purged_floors":[12],"is_endless":false,"potions_floor_spawned":[1,3,4],"killed_by":"The Guardian","ascension_level":13}}