{"host":"hgkb2zpbo2dcws21","time":1608819681,"event":{"mods":["AchievementEnabler","BaseMod","Colored Map","Colored Powertips","Custom Start","DeckTracker","KOR Keyword Fix","Minty Spire (QoL Compilation)","Relic Stats","StSLib","SuperFastMode"],"gold_per_floor":[109,109,284,284,304,304,347,347,347,347,297,297,297,341,341,430,430,448,207,307,321,420,420,281,281,281,294,330,330,330,128,128,254,254,309,642,414,459,459,459,493,536,536,536,536,22,33,52,52,52],"floor_reached":51,"playtime":1420,"items_purged":["Doubt","Strike_P","Defend_P"],"score":1302,"play_id":"f43372a3-302e-4a1e-a708-fc4ac06c5653","local_time":"20201224232121","is_ascension_mode":true,"campfire_choices":[{"data":"Eruption","floor":6.0,"key":"SMITH"},{"data":"Wallop","floor":8.0,"key":"SMITH"},{"data":"Vigilance","floor":10.0,"key":"SMITH"},{"data":"Consecrate","floor":12.0,"key":"SMITH"},{"data":"TalkToTheHand","floor":15.0,"key":"SMITH"},{"floor":23.0,"key":"REST"},{"floor":29.0,"key":"REST"},{"floor":32.0,"key":"REST"},{"floor":40,"key":"REST"},{"floor":44,"key":"REST"},{"floor":49,"key":"REST"}],"circlet_count":0,"master_deck":["AscendersBane","Strike_P","Strike_P","Defend_P","Eruption+1","Vigilance+1","Consecrate+1","Wallop+1","TalkToTheHand+1","DevaForm","Adaptation","FearNoEvil","Impatience+1","MentalFortress","FollowUp","LikeWater+1","Wish+1","InnerPeace+1","Adaptation","FlurryOfBlows","Establishment","Fasting2","CarveReality","DeceiveReality+1","MasterReality","Meditate+1","Tantrum"],"relics":["PureWater","NeowsBlessing","WarpedTongs","Yang","Toxic Egg 2","Incense Burner","Lizard Tail","Fusion Hammer","OrangePellets","Mummified Hand","Blood Vial","VioletLotus","Darkstone Periapt","Pear","ClockworkSouvenir","Bag of Preparation"],"acts_visited":["Exordium","TheCity","TheBeyond"],"potions_floor_usage":[41,50],"damage_taken":[{"damage":0.0,"enemies":"2 Louse","floor":1.0,"turns":2.0},{"damage":0.0,"enemies":"Small Slimes","floor":5.0,"turns":1.0},{"damage":0.0,"enemies":"Lagavulin","floor":7.0,"turns":2.0},{"damage":8.0,"enemies":"Gremlin Nob","floor":14.0,"turns":3.0},{"damage":47.0,"enemies":"Hexaghost","floor":16.0,"turns":12.0},{"damage":12.0,"enemies":"Chosen","floor":18.0,"turns":4.0},{"damage":0.0,"enemies":"Spheric Guardian","floor":21.0,"turns":3.0},{"damage":15.0,"enemies":"Centurion and Healer","floor":24.0,"turns":4.0},{"damage":0.0,"enemies":"Chosen and Byrds","floor":27.0,"turns":5.0},{"damage":6.0,"enemies":"Gremlin Leader","floor":28.0,"turns":7.0},{"damage":0.0,"enemies":"Automaton","floor":33.0,"turns":6.0},{"damage":5.0,"enemies":"Orb Walker","floor":35.0,"turns":5.0},{"damage":56,"enemies":"3 Darklings","floor":38,"turns":5},{"damage":43,"enemies":"Nemesis","floor":41,"turns":7},{"damage":6,"enemies":"Writhing Mass","floor":42,"turns":6},{"damage":26,"enemies":"Jaw Worm Horde","floor":47,"turns":5},{"damage":22,"enemies":"3 Darklings","floor":48,"turns":3},{"damage":9,"enemies":"Donu and Deca","floor":50,"turns":5}],"seed_played":"-5140855838791702981","potions_obtained":[{"floor":14.0,"key":"SneckoOil"},{"floor":21.0,"key":"ColorlessPotion"},{"floor":27.0,"key":"Block Potion"},{"floor":28.0,"key":"PowerPotion"},{"floor":33.0,"key":"Ancient Potion"},{"floor":42,"key":"ColorlessPotion"},{"floor":48,"key":"DuplicationPotion"}],"is_trial":false,"path_per_floor":["M","?","?","?","M","R","E","R","T","R","?","R","T","E","R","B",null,"M","$","?","M","?","R","M","?","T","M","E","R","?","$","R","B",null,"M","?","$","M","?","R","E","M","T","R","?","$","M","M","R","B",null],"character_chosen":"WATCHER","items_purchased":["FearNoEvil","Impatience+1","Adaptation","FlurryOfBlows","Fasting2","CarveReality","ClockworkSouvenir","Bag of Preparation","MasterReality","Meditate+1"],"campfire_rested":6,"item_purchase_floors":[19,19,31,31,37,37,46,46,46,46],"current_hp_per_floor":[61,61,61,61,61,61,61,61,61,61,61,61,61,53,53,6,49,37,37,37,37,37,55,40,40,40,40,34,52,52,52,63,63,63,58,58,58,4,4,22,31,27,37,58,58,58,34,14,35,28],"gold":52,"neow_bonus":"THREE_ENEMY_KILL","is_daily":false,"chose_seed":false,"campfire_upgraded":5,"win_rate":0.0,"timestamp":1608819681,"path_taken":["M","?","?","?","?","R","E","R","T","R","?","R","?","E","R","BOSS","M","$","?","?","?","R","M","?","T","M","E","R","?","$","R","BOSS","M","?","$","M","?","R","E","M","T","R","?","$","M","M","R","BOSS"],"items_purchased_type":["Card","Card","Card","Card","Card","Card","Relic","Relic","Card","Card"],"build_version":"2020-12-22","purchased_purges":3,"victory":true,"max_hp_per_floor":[68,63,63,63,63,63,63,63,63,63,63,63,63,63,63,63,63,63,63,63,63,63,63,63,63,63,63,63,63,63,63,63,63,63,63,63,63,63,63,63,63,63,73,73,73,73,73,73,73,73],"relic_stats":{"Blood Vial":12,"Darkstone Periapt":0,"OrangePellets":[40],"Lizard Tail":31,"counters":[18,85],"Mummified Hand":[77],"Yang":[271],"VioletLotus":[11],"Bag of Preparation":[6],"obtain_stats":[{"Darkstone Periapt":41,"Pear":43,"NeowsBlessing":0,"Golden Idol":2,"Yang":7,"Incense Burner":13,"Bag of Preparation":46,"WarpedTongs":4,"ClockworkSouvenir":46,"Blood Vial":28,"OrangePellets":24,"Lizard Tail":14,"Mummified Hand":26,"Fusion Hammer":17,"VioletLotus":34,"PureWater":0,"Toxic Egg 2":9},{"Darkstone Periapt":14,"Pear":15,"NeowsBlessing":0,"Golden Idol":1,"Yang":3,"Incense Burner":3,"Bag of Preparation":15,"WarpedTongs":1,"ClockworkSouvenir":15,"Blood Vial":10,"OrangePellets":8,"Lizard Tail":4,"Mummified Hand":8,"Fusion Hammer":5,"VioletLotus":11,"PureWater":0,"Toxic Egg 2":3},{"Darkstone Periapt":66,"Pear":72,"NeowsBlessing":0,"Golden Idol":2,"Yang":5,"Incense Burner":5,"Bag of Preparation":72,"WarpedTongs":2,"ClockworkSouvenir":72,"Blood Vial":43,"OrangePellets":31,"Lizard Tail":8,"Mummified Hand":31,"Fusion Hammer":20,"VioletLotus":49,"PureWater":0,"Toxic Egg 2":5}],"WarpedTongs":[80]},"card_choices":[{"not_picked":["Protect","EmptyBody"],"picked":"Consecrate","floor":1.0},{"not_picked":["Halt","Evaluate"],"picked":"Wallop","floor":5.0},{"not_picked":["Fasting2","LikeWater","PathToVictory"],"picked":"SKIP","floor":7.0},{"not_picked":["ThirdEye+1","Crescendo+1"],"picked":"TalkToTheHand","floor":14.0},{"not_picked":["ConjureBlade+1","Ragnarok"],"picked":"DevaForm","floor":16.0},{"not_picked":["Crescendo+1","Halt+1"],"picked":"Adaptation","floor":18.0},{"not_picked":["CrushJoints+1","Crescendo+1"],"picked":"MentalFortress","floor":21.0},{"not_picked":["Collect+1","Protect+1","EmptyFist"],"picked":"SKIP","floor":24.0},{"not_picked":["DevaForm","ClearTheMind+1"],"picked":"FollowUp","floor":27.0},{"not_picked":["Crescendo+1","Wallop"],"picked":"LikeWater+1","floor":28.0},{"not_picked":["MasterReality","Ragnarok"],"picked":"Establishment","floor":33.0},{"not_picked":["WreathOfFlame+1","SashWhip","EmptyBody+1"],"picked":"SKIP","floor":35.0},{"not_picked":["FlyingSleeves","ForeignInfluence+1"],"picked":"DeceiveReality+1","floor":38},{"not_picked":["PathToVictory+1","Collect+1","ThirdEye+1"],"picked":"SKIP","floor":41},{"not_picked":["BowlingBash","EmptyBody+1","Consecrate"],"picked":"SKIP","floor":42},{"not_picked":["Halt+1","JustLucky","Crescendo+1"],"picked":"SKIP","floor":47},{"not_picked":["EmptyBody+1","WheelKick"],"picked":"Tantrum","floor":48}],"player_experience":1103524,"relics_obtained":[{"floor":7.0,"key":"Yang"},{"floor":9.0,"key":"Toxic Egg 2"},{"floor":13.0,"key":"Incense Burner"},{"floor":14.0,"key":"Lizard Tail"},{"floor":26.0,"key":"Mummified Hand"},{"floor":28.0,"key":"Blood Vial"},{"floor":41,"key":"Darkstone Periapt"},{"floor":43,"key":"Pear"}],"event_choices":[{"damage_healed":0.0,"max_hp_gain":0.0,"max_hp_loss":5.0,"gold_gain":0.0,"event_name":"Golden Idol","player_choice":"Lose Max HP","floor":2.0,"gold_loss":0.0,"damage_taken":0.0,"relics_obtained":["Golden Idol"]},{"damage_healed":0.0,"max_hp_gain":0.0,"max_hp_loss":0.0,"gold_gain":175.0,"event_name":"Liars Game","player_choice":"AGREE","floor":3.0,"gold_loss":0.0,"damage_taken":0.0,"cards_obtained":["Doubt"]},{"damage_healed":0.0,"max_hp_gain":0.0,"max_hp_loss":0.0,"gold_gain":0.0,"event_name":"Accursed Blacksmith","player_choice":"Rummage","floor":4.0,"gold_loss":0.0,"damage_taken":0.0,"relics_obtained":["WarpedTongs"],"cards_obtained":["Pain"]},{"cards_removed":["Pain"],"damage_healed":0.0,"max_hp_gain":0.0,"max_hp_loss":0.0,"gold_gain":0.0,"event_name":"The Cleric","player_choice":"Card Removal","floor":11.0,"gold_loss":50.0,"damage_taken":0.0},{"damage_healed":0.0,"max_hp_gain":0.0,"max_hp_loss":0.0,"gold_gain":100.0,"event_name":"Golden Shrine","player_choice":"Pray","floor":20.0,"gold_loss":0.0,"damage_taken":0.0},{"damage_healed":0.0,"max_hp_gain":0.0,"max_hp_loss":0.0,"gold_gain":99.0,"event_name":"Nest","player_choice":"Stole From Cult","floor":22.0,"gold_loss":0.0,"damage_taken":0.0},{"damage_healed":0.0,"max_hp_gain":0.0,"max_hp_loss":0.0,"gold_gain":0.0,"event_name":"Cursed Tome","player_choice":"Ignored","floor":25.0,"gold_loss":0.0,"damage_taken":0.0},{"damage_healed":0.0,"max_hp_gain":0.0,"max_hp_loss":0.0,"gold_gain":0.0,"cards_transformed":["Strike_P","Defend_P"],"event_name":"Drug Dealer","player_choice":"Became Test Subject","floor":30.0,"gold_loss":0.0,"damage_taken":0.0,"cards_obtained":["Wish","InnerPeace"]},{"damage_healed":0.0,"max_hp_gain":0.0,"max_hp_loss":0.0,"gold_gain":333.0,"event_name":"The Moai Head","player_choice":"Gave Idol","floor":36.0,"relics_lost":["Golden Idol"],"gold_loss":0.0,"damage_taken":0.0},{"damage_healed":0,"gold_gain":0,"player_choice":"Ignored","damage_taken":0,"max_hp_gain":0,"max_hp_loss":0,"event_name":"Tomb of Lord Red Mask","floor":39,"gold_loss":0},{"cards_removed":["Defend_P"],"damage_healed":0,"gold_gain":0,"player_choice":"Purged","damage_taken":0,"max_hp_gain":0,"max_hp_loss":0,"event_name":"Purifier","floor":45,"gold_loss":0}],"is_beta":false,"boss_relics":[{"not_picked":["Sozu","Runic Pyramid"],"picked":"Fusion Hammer"},{"not_picked":["Velvet Choker","Astrolabe"],"picked":"VioletLotus"}],"items_purged_floors":[19,31,37],"is_endless":false,"potions_floor_spawned":[14,21,27,28,33,42,48],"ascension_level":14}}