{"host":"5bdt6s51dmpd4l3v","time":1608797626,"event":{"mods":["AchievementEnabler","BaseMod","Colored Map","Colored Powertips","Highlight Path","Minty Spire (QoL Compilation)","Quick Restart","Rare Cards Sparkle","StSLib"],"gold_per_floor":[111,65,84,359,171,171,188,214,214,225,236,236,236,37,37,113,113,128,128,43,55,73,73,106,106,106,106,124,124,47,66,66,66,66],"floor_reached":33,"playtime":691,"items_purged":["Regret"],"score":464,"play_id":"e0df13b6-9a56-4a11-a8d5-6697e7934a54","local_time":"20201224161346","is_ascension_mode":true,"campfire_choices":[{"data":"Armaments","floor":6,"key":"SMITH"},{"floor":13,"key":"REST"},{"data":"Flex","floor":15,"key":"SMITH"},{"floor":23,"key":"REST"},{"floor":29,"key":"REST"},{"data":"Double Tap","floor":32,"key":"SMITH"}],"circlet_count":0,"master_deck":["AscendersBane","Strike_R","Strike_R","Strike_R","Strike_R","Strike_R","Defend_R","Defend_R","Defend_R","Defend_R","Bash","Headbutt","Flex+1","Body Slam","Inflame","Armaments+1","Whirlwind","Reaper","Shockwave","Double Tap+1","Sword Boomerang","Battle Trance","Cleave+1","Inflame"],"relics":["Burning Blood","NeowsBlessing","Pantograph","Mummified Hand","Art of War","Bag of Marbles","Sozu","Vajra","TungstenRod","Eternal Feather"],"acts_visited":["Exordium","TheCity"],"potions_floor_usage":[11,16,16],"damage_taken":[{"damage":0,"enemies":"2 Louse","floor":1,"turns":2},{"damage":0,"enemies":"Cultist","floor":3,"turns":1},{"damage":0,"enemies":"Jaw Worm","floor":7,"turns":1},{"damage":56,"enemies":"Lagavulin","floor":8,"turns":7},{"damage":0,"enemies":"2 Fungi Beasts","floor":10,"turns":3},{"damage":16,"enemies":"Blue Slaver","floor":11,"turns":3},{"damage":62,"enemies":"The Guardian","floor":16,"turns":8},{"damage":19,"enemies":"Spheric Guardian","floor":18,"turns":4},{"damage":12,"enemies":"Chosen","floor":21,"turns":3},{"damage":43,"enemies":"Snake Plant","floor":22,"turns":4},{"damage":24,"enemies":"Slavers","floor":24,"turns":3},{"damage":13,"enemies":"Snecko","floor":28,"turns":4},{"damage":32,"enemies":"Shelled Parasite and Fungi","floor":31,"turns":4},{"damage":80,"enemies":"Automaton","floor":33,"turns":6}],"seed_played":"8944392152967784561","potions_obtained":[{"floor":10,"key":"Energy Potion"},{"floor":11,"key":"Explosive Potion"}],"is_trial":false,"path_per_floor":["M","$","M","?","$","R","M","E","T","M","M","?","R","$","R","B",null,"M","$","?","M","M","R","E","?","T","?","M","R","$","M","R","B"],"character_chosen":"IRONCLAD","items_purchased":["Flex","Inflame","Armaments","Bag of Marbles","Strength Potion","Inflame"],"campfire_rested":3,"item_purchase_floors":[2,5,5,14,14,30],"current_hp_per_floor":[74,74,75,75,75,75,75,25,25,41,31,26,48,48,48,26,63,50,50,50,44,20,42,24,24,24,24,24,58,58,44,56,0,0],"gold":66,"neow_bonus":"THREE_ENEMY_KILL","is_daily":false,"chose_seed":false,"campfire_upgraded":3,"win_rate":0.0,"timestamp":1608797626,"path_taken":["M","$","M","?","?","R","?","E","T","M","M","?","R","$","R","BOSS","M","$","?","M","M","R","E","?","T","?","M","R","?","M","R","BOSS"],"items_purchased_type":["Card","Card","Card","Relic","Potion","Card"],"build_version":"2020-12-22","purchased_purges":1,"victory":false,"max_hp_per_floor":[75,75,75,75,75,75,75,75,75,75,75,75,75,75,75,75,75,75,75,75,75,75,75,75,75,75,75,75,75,75,75,75,75,75],"card_choices":[{"not_picked":["Havoc","Blood for Blood"],"picked":"Headbutt","floor":1},{"not_picked":["True Grit","Pommel Strike"],"picked":"Body Slam","floor":3},{"not_picked":["Sword Boomerang","Iron Wave"],"picked":"Whirlwind","floor":7},{"not_picked":["Intimidate","Thunderclap"],"picked":"Reaper","floor":8},{"not_picked":["Body Slam","Twin Strike"],"picked":"Shockwave","floor":10},{"not_picked":["Disarm","Pommel Strike","Metallicize"],"picked":"SKIP","floor":11},{"not_picked":["Berserk","Juggernaut"],"picked":"Double Tap","floor":16},{"not_picked":["Infernal Blade","True Grit"],"picked":"Sword Boomerang","floor":18},{"not_picked":["Reckless Charge","Shockwave"],"picked":"Battle Trance","floor":21},{"not_picked":["Disarm","Entrench","Havoc"],"picked":"SKIP","floor":22},{"not_picked":["Headbutt","Barricade","Dual Wield"],"picked":"SKIP","floor":24},{"not_picked":["Burning Pact","Feel No Pain"],"picked":"Cleave+1","floor":28},{"not_picked":["Iron Wave","Flex","Thunderclap"],"picked":"SKIP","floor":31}],"player_experience":221900,"relics_obtained":[{"floor":8,"key":"Pantograph"},{"floor":9,"key":"Mummified Hand"},{"floor":24,"key":"TungstenRod"},{"floor":26,"key":"Eternal Feather"}],"event_choices":[{"damage_healed":0,"gold_gain":275,"player_choice":"Desecrate","damage_taken":0,"max_hp_gain":0,"max_hp_loss":0,"event_name":"Golden Shrine","floor":4,"gold_loss":0,"cards_obtained":["Regret"]},{"damage_healed":0,"gold_gain":0,"player_choice":"Success","damage_taken":5,"relics_obtained":["Art of War"],"max_hp_gain":0,"max_hp_loss":0,"event_name":"Scrap Ooze","floor":12,"gold_loss":0},{"damage_healed":0,"gold_gain":0,"player_choice":"Obtained Relic","damage_taken":0,"relics_obtained":["Vajra"],"max_hp_gain":0,"max_hp_loss":0,"event_name":"Addict","floor":20,"gold_loss":85},{"damage_healed":0,"gold_gain":0,"player_choice":"Ignored","damage_taken":0,"max_hp_gain":0,"max_hp_loss":0,"event_name":"Beggar","floor":25,"gold_loss":0},{"damage_healed":0,"gold_gain":0,"player_choice":"Ignored","damage_taken":0,"max_hp_gain":0,"max_hp_loss":0,"event_name":"Ghosts","floor":27,"gold_loss":0}],"is_beta":false,"boss_relics":[{"not_picked":["Fusion Hammer","Tiny House"],"picked":"Sozu"}],"items_purged_floors":[5],"is_endless":false,"potions_floor_spawned":[10,11,18,21,28],"killed_by":"Automaton","ascension_level":15}}