{"host":"bhj73plqr6q46rek","time":1608807446,"event":{"mods":["2.2 Compatiblity","Abigail Mod","Aspiration","BaseMod","Better Third Choice","BetterRewards","CapriCore","Conspire","Downfall","Energized Spire","Friendly Minions","GungeonMod","Halation","HololiveMod","Hubris","Infinite Spire","KinomotoSakuraMod(木之本?)","Kiyohime（清?）","Marisa（霧雨　魔理沙）","Minty Spire (QoL Compilation)","Prisma Mod","Reimu（博??梦）","Relic Sorter","Remilia_Scarlet Moed（蕾米莉?・斯?雷特）3.3.5","StSLib","The Alterego","The Immortal","The Servant 0.9.4","WarShipGirlsR/??少女R mod"],"gold_per_floor":[167,167,179,103,115,148,148,166,166,184,184,105,105,122,122,217,217,230,247,172,172,191,221,221,236,261,261,261,289,313,346,346,473,473,497,497,520,569,569,569,603,611,611],"floor_reached":42,"playtime":3018,"items_purged":["DemoMod:Strike_Huntress"],"score":522,"play_id":"a03f1f8c-2205-4bd4-b45f-6807edf46df3","local_time":"20201224115726","is_ascension_mode":false,"campfire_choices":[{"data":"DemoMod:GunShield","floor":7,"key":"SMITH"},{"data":"DemoMod:ShadowBullets","floor":15,"key":"SMITH"},{"floor":28,"key":"REST"},{"data":"DemoMod:ShadowBullets","floor":32,"key":"SMITH"},{"floor":40,"key":"REST"}],"circlet_count":0,"master_deck":["DemoMod:Defend_Huntress","DemoMod:Defend_Huntress","DemoMod:Defend_Huntress","DemoMod:Defend_Huntress","DemoMod:Roll","DemoMod:ManualReload","DemoMod:RustySidearm","DemoMod:CrossBow","DemoMod:FightSabre","DemoMod:GunShield+1","DemoMod:CursedBullets","DemoMod:Unity","DemoMod:Eureka","DemoMod:TripleGun","DemoMod:ShadowBullets+1","DemoMod:HungryBullets","DemoMod:Elimentaler","DemoMod:ShadowBullets+1","DemoMod:TableSutra+1","DemoMod:MegaHand","DemoMod:FinishedGun","DemoMod:DoubleVision","DemoMod:BulletBore","DemoMod:GunslingerForm","DemoMod:Polaris+1","DemoMod:Evolver","DemoMod:PotionOfGunFriendShip+1"],"relics":["DemoMod:Dog","halation:PinkSoulGem","halation:IllGainedPizza","DemoMod:Metronome","infinitespire:Joker Card","halation:SelfBoilingWater","hubris:Towel","DemoMod:Test1","aspiration:Lifesprig","conspire:SlowCooker","halation:VictoryRuler","hubris:FunFungus"],"acts_visited":["Exordium","TheCity","TheBeyond"],"potions_floor_usage":[3,6,18,22,23,29,29,33,35,42,42,42],"damage_taken":[{"damage":2,"enemies":"Small Slimes","floor":1,"turns":4},{"damage":0,"enemies":"Cultist","floor":3,"turns":3},{"damage":0,"enemies":"Jaw Worm","floor":5,"turns":5},{"damage":16,"enemies":"Lagavulin","floor":6,"turns":7},{"damage":13,"enemies":"Exordium Thugs","floor":8,"turns":5},{"damage":0,"enemies":"Blue Slaver","floor":10,"turns":3},{"damage":0,"enemies":"3 Louse","floor":14,"turns":5},{"damage":0,"enemies":"Slime Boss","floor":16,"turns":4},{"damage":15,"enemies":"Spheric Guardian","floor":18,"turns":4},{"damage":9,"enemies":"Shell Parasite","floor":19,"turns":8},{"damage":10,"enemies":"Snake Plant","floor":22,"turns":6},{"damage":3,"enemies":"Centurion and Healer","floor":23,"turns":8},{"damage":0,"enemies":"conspire:HollyBat","floor":25,"turns":9},{"damage":0,"enemies":"Shelled Parasite and Fungi","floor":29,"turns":8},{"damage":17,"enemies":"Snake Plant","floor":30,"turns":4},{"damage":10,"enemies":"Nightmare","floor":31,"turns":6},{"damage":0,"enemies":"Collector","floor":33,"turns":7},{"damage":49,"enemies":"3 Darklings","floor":35,"turns":6},{"damage":13,"enemies":"3 Shapes","floor":37,"turns":4},{"damage":4,"enemies":"Transient","floor":38,"turns":10},{"damage":29,"enemies":"Transient","floor":41,"turns":5},{"damage":21,"enemies":"3 Darklings","floor":42,"turns":5}],"seed_played":"-5947496020069795701","potions_obtained":[{"floor":2,"key":"Dexterity Potion"},{"floor":2,"key":"CultistPotion"},{"floor":2,"key":"conspire:TimeTravelPotion"},{"floor":3,"key":"champ:CounterPotion"},{"floor":8,"key":"PowerPotion"},{"floor":18,"key":"SpeedPotion"},{"floor":25,"key":"GamblersBrew"},{"floor":30,"key":"Guardian:BlockOnCardUsePotion"},{"floor":33,"key":"SkillPotion"},{"floor":35,"key":"Weak Potion"},{"floor":37,"key":"Fire Potion"},{"floor":41,"key":"GamblersBrew"}],"is_trial":false,"path_per_floor":["M","?","M","$","M","E","R","M","T","M","?","$","?","M","R","B",null,"M","M","?","?","M","M","?","M","T","AVR","R","M","M","NM","R","B",null,"M","?","M","?","?","R","M","M"],"character_chosen":"HUNTRESS","items_purchased":["DemoMod:CursedBullets","DemoMod:ShadowBullets"],"campfire_rested":2,"item_purchase_floors":[4,12],"current_hp_per_floor":[68,68,68,68,68,52,52,39,39,39,46,46,46,46,46,46,70,70,61,61,61,51,48,48,48,48,48,69,69,52,42,42,42,70,21,39,26,22,22,43,14,0,0],"gold":611,"neow_bonus":"ONE_RANDOM_RARE_CARD","is_daily":false,"chose_seed":false,"campfire_upgraded":3,"win_rate":0.0,"timestamp":1608807446,"path_taken":["M","?","M","$","M","E","R","?","T","M","?","?","?","M","R","BOSS","M","M","?","?","?","M","?","M","T","AVR","R","M","M","NM","R","BOSS","M","?","M","?","?","R","M","?"],"items_purchased_type":["Card","Card"],"build_version":"2020-12-22","purchased_purges":1,"victory":false,"max_hp_per_floor":[70,70,70,70,70,70,70,70,70,70,70,70,70,70,70,70,70,70,70,70,70,70,70,70,70,70,70,70,70,70,70,70,70,70,70,70,70,70,70,70,70,70,70],"card_choices":[{"not_picked":["DemoMod:HuntsMan","DemoMod:TeaPot","DemoMod:ConditionalReflex"],"picked":"SKIP","floor":1},{"not_picked":["DemoMod:GunstockTap","DemoMod:PotionOfGunFriendShip"],"picked":"DemoMod:GunShield","floor":3},{"not_picked":["DemoMod:ChanceBullets","DemoMod:ConditionalReflex"],"picked":"DemoMod:Unity","floor":5},{"not_picked":["DemoMod:ConditionalReflex","DemoMod:DoubleSwitch","DemoMod:ProbeStrike"],"picked":"SKIP","floor":6},{"not_picked":["DemoMod:SAA","DemoMod:Rummage"],"picked":"DemoMod:Eureka","floor":8},{"not_picked":["DemoMod:BoxingGlove","DemoMod:SAA"],"picked":"DemoMod:TripleGun","floor":10},{"not_picked":["DemoMod:CursedBullets","DemoMod:AWP"],"picked":"DemoMod:HungryBullets","floor":14},{"not_picked":["DemoMod:DoubleVision","DemoMod:FullFirepower"],"picked":"DemoMod:Elimentaler","floor":16},{"not_picked":["DemoMod:BattleInHaste","DemoMod:HighKaliber+1","DemoMod:HardPowerCard"],"picked":"SKIP","floor":18},{"not_picked":["DemoMod:AC15","DemoMod:HighKaliber","DemoMod:FortunesFavor"],"picked":"SKIP","floor":19},{"not_picked":["DemoMod:AC15","DemoMod:GunstockTap+1","DemoMod:BattleInHaste"],"picked":"SKIP","floor":22},{"not_picked":["DemoMod:AC15","DemoMod:DoubleSwitch+1","DemoMod:RadGun"],"picked":"SKIP","floor":23},{"not_picked":["DemoMod:RadGun","DemoMod:Evolver"],"picked":"DemoMod:ShadowBullets","floor":25},{"not_picked":["DemoMod:HardPowerCard","DemoMod:PotionOfGunFriendShip"],"picked":"DemoMod:TableSutra+1","floor":29},{"not_picked":["DemoMod:BoxingGlove","DemoMod:SpreadAmmo+1"],"picked":"DemoMod:MegaHand","floor":30},{"not_picked":["DemoMod:HighKaliber+1","DemoMod:DirectionalPad+1"],"picked":"DemoMod:FinishedGun","floor":30},{"not_picked":["DemoMod:Ejector","DemoMod:SAA"],"picked":"DemoMod:DoubleVision","floor":31},{"not_picked":["DemoMod:DarkMarker","DemoMod:Behold!"],"picked":"DemoMod:BulletBore","floor":33},{"not_picked":["DemoMod:Eureka","DemoMod:SuppressiveFire"],"picked":"DemoMod:GunslingerForm","floor":33},{"not_picked":["DemoMod:AC15","DemoMod:TeaPot"],"picked":"DemoMod:Polaris+1","floor":35},{"not_picked":["DemoMod:SniperShot+1","DemoMod:ChanceBullets+1"],"picked":"DemoMod:Evolver","floor":37},{"not_picked":["DemoMod:Unmoved","DemoMod:Desperate"],"picked":"DemoMod:PotionOfGunFriendShip+1","floor":38},{"not_picked":["DemoMod:CursedBullets","DemoMod:Ejector+1","DemoMod:SAA"],"picked":"SKIP","floor":41}],"player_experience":331200,"relics_obtained":[{"floor":6,"key":"infinitespire:Joker Card"},{"floor":9,"key":"halation:SelfBoilingWater"},{"floor":26,"key":"halation:IllGainedPizza"},{"floor":31,"key":"aspiration:Lifesprig"},{"floor":38,"key":"halation:VictoryRuler"},{"floor":38,"key":"hubris:FunFungus"}],"event_choices":[{"damage_healed":0,"gold_gain":0,"player_choice":"Got Potions","damage_taken":0,"max_hp_gain":0,"max_hp_loss":0,"event_name":"Lab","floor":2,"gold_loss":0},{"cards_removed":["DemoMod:Strike_Huntress"],"damage_healed":0,"gold_gain":0,"player_choice":"Gave Gold","damage_taken":0,"max_hp_gain":0,"max_hp_loss":0,"event_name":"Beggar","floor":20,"gold_loss":75},{"cards_removed":["DemoMod:Strike_Huntress"],"damage_healed":0,"gold_gain":0,"player_choice":"Offered Basic","damage_taken":0,"max_hp_gain":0,"max_hp_loss":0,"event_name":"Bonfire Elementals","floor":21,"gold_loss":0},{"damage_healed":18,"gold_gain":0,"player_choice":"Writhe","damage_taken":0,"max_hp_gain":0,"max_hp_loss":0,"event_name":"Winding Halls","floor":36,"gold_loss":0,"cards_obtained":["Writhe"]},{"cards_removed":["Writhe"],"damage_healed":0,"gold_gain":0,"player_choice":"Removed Curses","damage_taken":0,"max_hp_gain":0,"max_hp_loss":0,"event_name":"Fountain of Cleansing","floor":39,"gold_loss":0}],"is_beta":false,"boss_relics":[{"not_picked":["Hololive_ChaosS","Pandora\u0027s Box"],"picked":"DemoMod:Test1"},{"not_picked":["DemoMod:ElasticCartridgeClip","hubris:TerracottaHorce"],"picked":"conspire:SlowCooker"}],"items_purged_floors":[27],"is_endless":true,"potions_floor_spawned":[3,5,8,14,16,18,25,30,33,35,37,41],"killed_by":"3 Darklings","ascension_level":0}}