{"host":"4nqeo0vu1vuav7gg","time":1608819373,"event":{"mods":["AchievementEnabler","BaseMod","Block Reminder","Colored Map","Colored Powertips","Highlight Path","Minty Spire (QoL Compilation)","Quick Restart","Rare Cards Sparkle","Relic Relevance Reorder","StSLib"],"gold_per_floor":[112,112,112,124,89,114,114,144,144,35,35,69,85,85,85,158,158,178,178,192,192,192],"floor_reached":21,"playtime":784,"items_purged":[],"score":351,"play_id":"daf6834d-af8a-479d-8be3-ce56a40e666c","local_time":"20201224151613","is_ascension_mode":true,"campfire_choices":[{"data":"Multi-Cast","floor":7.0,"key":"SMITH"},{"floor":11.0,"key":"REST"},{"data":"Dualcast","floor":15.0,"key":"SMITH"}],"circlet_count":0,"master_deck":["AscendersBane","Strike_B","Strike_B","Strike_B+1","Strike_B","Defend_B","Defend_B","Defend_B+1","Defend_B","Zap+1","Dualcast+1","Conserve Battery","Turbo","Multi-Cast+1","Go for the Eyes","Echo Form","Conserve Battery","Conserve Battery"],"relics":["Cracked Core","Gremlin Horn","StoneCalendar","Turnip","Gambling Chip","Enchiridion","Black Star","Strawberry"],"acts_visited":["Exordium","TheCity"],"potions_floor_usage":[21],"damage_taken":[{"damage":2.0,"enemies":"Jaw Worm","floor":1.0,"turns":3.0},{"damage":1.0,"enemies":"2 Louse","floor":4.0,"turns":2.0},{"damage":31.0,"enemies":"Gremlin Nob","floor":6.0,"turns":5.0},{"damage":25.0,"enemies":"3 Sentries","floor":8.0,"turns":7.0},{"damage":28.0,"enemies":"Lagavulin","floor":12.0,"turns":6.0},{"damage":0.0,"enemies":"Small Slimes","floor":13.0,"turns":2.0},{"damage":23.0,"enemies":"Slime Boss","floor":16.0,"turns":7.0},{"damage":9.0,"enemies":"Shell Parasite","floor":18.0,"turns":7.0},{"damage":25,"enemies":"3 Byrds","floor":20,"turns":3},{"damage":16,"enemies":"Masked Bandits","floor":21,"turns":2}],"seed_played":"3783451025966123408","potions_obtained":[{"floor":8.0,"key":"Swift Potion"},{"floor":12.0,"key":"SkillPotion"},{"floor":16.0,"key":"Block Potion"},{"floor":20,"key":"Strength Potion"}],"is_trial":false,"path_per_floor":["M","?","?","M","?","E","R","E","T","$","R","E","M","?","R","B",null,"M","?","M","?"],"character_chosen":"DEFECT","items_purchased":["Fruit Juice"],"campfire_rested":1,"item_purchase_floors":[10],"current_hp_per_floor":[62,43,43,42,58,34,34,9,9,14,36,8,8,33,33,10,60,51,30,5,0,0],"gold":192,"neow_bonus":"ONE_RARE_RELIC","is_daily":false,"chose_seed":false,"campfire_upgraded":2,"win_rate":0.0,"timestamp":1608819373,"path_taken":["M","?","?","M","?","E","R","E","T","$","R","E","M","?","R","BOSS","M","?","M","?"],"items_purchased_type":["Potion"],"build_version":"2020-12-22","purchased_purges":0,"victory":false,"max_hp_per_floor":[64,64,64,64,64,71,71,71,71,76,76,76,76,76,76,76,76,76,76,76,76,76],"card_choices":[{"not_picked":["Streamline","Redo"],"picked":"Conserve Battery","floor":1.0},{"not_picked":["Tempest","Sweeping Beam"],"picked":"Turbo","floor":4.0},{"not_picked":["Darkness","Recycle"],"picked":"Multi-Cast","floor":6.0},{"not_picked":["Recycle","Stack","Barrage"],"picked":"SKIP","floor":8.0},{"not_picked":["Redo","Scrape"],"picked":"Go for the Eyes","floor":12.0},{"not_picked":["Blizzard","Streamline","Redo"],"picked":"SKIP","floor":13.0},{"not_picked":["Creative AI","Reboot"],"picked":"Echo Form","floor":16.0},{"not_picked":["Beam Cell","Heatsinks"],"picked":"Conserve Battery","floor":18.0},{"not_picked":["Sweeping Beam","Hologram"],"picked":"Conserve Battery","floor":20}],"player_experience":996316,"relics_obtained":[{"floor":6.0,"key":"Strawberry"},{"floor":8.0,"key":"Turnip"},{"floor":9.0,"key":"Gremlin Horn"},{"floor":12.0,"key":"Gambling Chip"},{"floor":19,"key":"Enchiridion"}],"event_choices":[{"damage_healed":0.0,"max_hp_gain":0.0,"max_hp_loss":0.0,"gold_gain":0.0,"event_name":"Shining Light","player_choice":"Entered Light","floor":2.0,"gold_loss":0.0,"damage_taken":19.0,"cards_upgraded":["Strike_B","Defend_B"]},{"damage_healed":0.0,"max_hp_gain":0.0,"max_hp_loss":0.0,"gold_gain":0.0,"event_name":"Living Wall","player_choice":"Grow","floor":3.0,"gold_loss":0.0,"damage_taken":0.0,"cards_upgraded":["Zap"]},{"damage_healed":16.0,"max_hp_gain":0.0,"max_hp_loss":0.0,"gold_gain":0.0,"event_name":"The Cleric","player_choice":"Healed","floor":5.0,"gold_loss":35.0,"damage_taken":0.0},{"damage_healed":25.0,"max_hp_gain":0.0,"max_hp_loss":0.0,"gold_gain":0.0,"event_name":"Big Fish","player_choice":"Banana","floor":14.0,"gold_loss":0.0,"damage_taken":0.0},{"damage_healed":0,"gold_gain":0,"player_choice":"Obtained Book","damage_taken":21,"max_hp_gain":0,"max_hp_loss":0,"event_name":"Cursed Tome","floor":19,"gold_loss":0},{"damage_healed":0,"gold_gain":0,"player_choice":"Fought Bandits","damage_taken":0,"max_hp_gain":0,"max_hp_loss":0,"event_name":"Masked Bandits","floor":21,"gold_loss":0}],"is_beta":false,"boss_relics":[{"not_picked":["Cursed Key","Tiny House"],"picked":"Black Star"}],"items_purged_floors":[],"is_endless":false,"potions_floor_spawned":[8,12,16,20],"killed_by":"Masked Bandits","ascension_level":16}}