{"host":"o5hcpxouyak38pnq","time":1608833765,"event":{"mods":["BaseMod","DeckTracker","Downfall","Hermit","Hubris","Minty Spire (QoL Compilation)","Replay The Spire","StSLib","The Construct","The Cursed","The Poker Player"],"gold_per_floor":[349,364,380,380,120,133,133,69,83,8,20,36,36,50,64,159,159,84,98,116,127,137,22,98,98,198,190,219,327,341,375,399,512,512,437,462,483,530,68,88,112,112,112,112,112,112,67,91,115,115,115,115,115,115],"floor_reached":52,"playtime":6367,"items_purged":["hexamod:Strike","hexamod:Strike","hexamod:Strike","hexamod:Strike"],"score":743,"play_id":"de566783-2753-4457-946c-0cd2c2c98074","local_time":"20201224131605","is_ascension_mode":false,"campfire_choices":[{"data":"hexamod:Float","floor":1.0,"key":"SMITH"},{"floor":10.0,"key":"RECALL"},{"data":"hexamod:Again","floor":18.0,"key":"SMITH"},{"data":"hexamod:GhostflameInferno","floor":25.0,"key":"SMITH"},{"floor":35,"key":"REST"},{"floor":44,"key":"REST"}],"circlet_count":0,"master_deck":["Apotheosis+1","hexamod:Defend","hexamod:Defend","hexamod:Defend","hexamod:Defend","hexamod:Sear","hexamod:Float+1","hexamod:SpectersWail","hexamod:BacktrackSmack","hexamod:TimeOfNeed","hexamod:HauntingEcho","hexamod:SpectersWail","hexamod:FirstSeal","hexamod:FastForward","hexamod:HauntingEcho","hexamod:BacktrackSmack","hexamod:EmpoweredFlame","hexamod:StepThrough","hexamod:Hexaguard","hexamod:Again+1","hexamod:GhostflameInferno+1","hexamod:FastForward","hexamod:Again+1","hexamod:SearingWound","hexamod:SecondSeal","hexamod:GhostOfSpirePast","hexamod:DynamicBlow+1","hexamod:SkipABeat+1","hexamod:GhostOfSpirePast","hexamod:BacktrackSmack+1","hexamod:TimeOfNeed","hexamod:ThirdSeal","hexamod:GhostflameInferno+1","hexamod:VolcanoVisage","hexamod:DynamicBlow+1","hexamod:ExtraCrispy+1","hexamod:Again","hexamod:SpectersWail+1","hexamod:AdvancingGuard","hexamod:RadiantFlame+1","hexamod:FastForward","hexamod:VolcanoVisage"],"relics":["hexamod:SpiritBrand","downfall:HeartBlessingBlue","hexamod:IceCube","downfall:HeartBlessingRed","Molten Egg 2","Potion Belt","Fusion Hammer","downfall:HeartBlessingGreen","MawBank","hexamod:InflammatoryLetter","Omamori","hubris:Icosahedron"],"acts_visited":["Exordium","TheCity","TheBeyond","TheEnding"],"potions_floor_usage":[31,33,40],"damage_taken":[{"damage":0.0,"enemies":"Small Slimes","floor":2.0,"turns":4.0},{"damage":0.0,"enemies":"Cultist","floor":3.0,"turns":3.0},{"damage":4.0,"enemies":"downfall:FleeingMerchant","floor":5.0,"turns":4.0},{"damage":0.0,"enemies":"Jaw Worm","floor":6.0,"turns":3.0},{"damage":9.0,"enemies":"downfall:FleeingMerchant","floor":8.0,"turns":4.0},{"damage":4.0,"enemies":"2 Fungi Beasts","floor":9.0,"turns":3.0},{"damage":0.0,"enemies":"3 Louse","floor":11.0,"turns":3.0},{"damage":0.0,"enemies":"Gremlin Gang","floor":12.0,"turns":4.0},{"damage":10.0,"enemies":"Red Slaver","floor":14.0,"turns":3.0},{"damage":6.0,"enemies":"3 Louse","floor":15.0,"turns":2.0},{"damage":12.0,"enemies":"downfall:Watcher","floor":16.0,"turns":6.0},{"damage":0.0,"enemies":"Shell Parasite","floor":19.0,"turns":3.0},{"damage":8.0,"enemies":"Shelled Parasite and Fungi","floor":20.0,"turns":5.0},{"damage":0.0,"enemies":"Snecko","floor":21.0,"turns":4.0},{"damage":21.0,"enemies":"Cultist and Chosen","floor":22.0,"turns":5.0},{"damage":9.0,"enemies":"downfall:FleeingMerchant","floor":23.0,"turns":4.0},{"damage":9.0,"enemies":"downfall:FleeingMerchant","floor":28.0,"turns":4.0},{"damage":15,"enemies":"downfall:FleeingMerchant","floor":29,"turns":5},{"damage":9,"enemies":"Centurion and Healer","floor":30,"turns":3},{"damage":15,"enemies":"Gremlin Leader","floor":31,"turns":5},{"damage":9,"enemies":"Snake Plant","floor":32,"turns":4},{"damage":0,"enemies":"downfall:Defect","floor":33,"turns":6},{"damage":34,"enemies":"3 Darklings","floor":36,"turns":6},{"damage":16,"enemies":"Orb Walker","floor":37,"turns":3},{"damage":0,"enemies":"Transient","floor":40,"turns":5},{"damage":9,"enemies":"Maw","floor":48,"turns":6},{"damage":32,"enemies":"Spire Growth","floor":49,"turns":5},{"damage":29,"enemies":"downfall:Ironclad","floor":50,"turns":8},{"damage":139,"enemies":"downfall:CharBossMerchant","floor":52,"turns":7}],"seed_played":"6147017867098853337","potions_obtained":[{"floor":3.0,"key":"Fire Potion"},{"floor":9.0,"key":"Explosive Potion"},{"floor":11.0,"key":"Explosive Potion"},{"floor":12.0,"key":"SkillPotion"},{"floor":14.0,"key":"BlessingOfTheForge"},{"floor":20.0,"key":"Block Potion"},{"floor":29,"key":"FairyPotion"},{"floor":31,"key":"LifebloodPotion"},{"floor":37,"key":"Strength Potion"},{"floor":40,"key":"Elixir"},{"floor":49,"key":"Strength Potion"}],"is_trial":false,"path_per_floor":["R","M","M","?","$","M","T","$","M","R","M","M","?","M","M","B",null,"R","M","M","M","M","$","T","R","?","?","$","?","M","E","M","B",null,"R","M","M","T","$","M","T","?","$","R","?","?","$","M","M","B",null,"E"],"character_chosen":"THE_SPIRIT","items_purchased":["hexamod:HauntingEcho","hexamod:SpectersWail","hexamod:FirstSeal","hexamod:BacktrackSmack","hexamod:DynamicBlow+1","hexamod:SkipABeat+1","hexamod:GhostOfSpirePast","hexamod:InflammatoryLetter","hexamod:Again","hexamod:SpectersWail+1","hexamod:FastForward"],"campfire_rested":2,"item_purchase_floors":[5,5,5,8,28,28,28,39,39,39,47],"current_hp_per_floor":[49,49,49,49,45,52,52,50,53,63,70,77,77,67,68,63,80,80,80,79,80,59,57,57,57,57,57,55,47,45,37,28,35,80,80,53,37,37,37,44,44,44,44,68,68,68,68,59,34,12,80,0,0,0],"gold":115,"neow_bonus":"TWO_FIFTY_GOLD","is_daily":false,"chose_seed":false,"campfire_upgraded":3,"win_rate":0.0,"timestamp":1608833765,"path_taken":["R","M","M","?","$","M","T","?","M","R","M","M","?","M","M","BOSS","R","M","M","M","M","$","T","R","?","?","$","?","?","E","M","BOSS","R","M","M","?","$","M","T","?","$","R","?","?","$","M","M","BOSS","E"],"items_purchased_type":["Card","Card","Card","Card","Card","Card","Card","Relic","Card","Card","Card"],"build_version":"2020-12-22","purchased_purges":4,"victory":false,"max_hp_per_floor":[70,70,70,70,70,70,70,70,70,80,80,80,80,80,80,80,80,80,80,80,80,80,80,80,80,80,80,80,80,80,80,80,80,80,80,80,80,80,80,80,80,80,80,80,80,80,80,80,80,80,80,80,80,80],"card_choices":[{"not_picked":["hexamod:ShieldOfDarkness","hexamod:GhostShield"],"picked":"hexamod:SpectersWail","floor":2.0},{"not_picked":["hexamod:NightmareGuise","hexamod:GhostLash"],"picked":"hexamod:BacktrackSmack","floor":3.0},{"not_picked":["hexamod:EmpoweringStance","hexamod:AdvancingGuard"],"picked":"hexamod:TimeOfNeed","floor":5.0},{"not_picked":["hexamod:GhostOfSpireFuture","hexamod:HauntingEcho"],"picked":"hexamod:FastForward","floor":6.0},{"not_picked":["hexamod:EmpoweredFlame","hexamod:Again"],"picked":"hexamod:HauntingEcho","floor":8.0},{"not_picked":["hexamod:NightmareStrike","hexamod:SwordOfDarkness","hexamod:NecessarySacrifice"],"picked":"SKIP","floor":9.0},{"not_picked":["hexamod:GhostShield","hexamod:AdvancingGuard"],"picked":"hexamod:EmpoweredFlame","floor":11.0},{"not_picked":["hexamod:TurnItUp","hexamod:GhostLash"],"picked":"hexamod:StepThrough","floor":12.0},{"not_picked":["hexamod:NightmareGuise","hexamod:PhantomFireball"],"picked":"hexamod:Hexaguard","floor":14.0},{"not_picked":["hexamod:PhantomFireball","hexamod:AdvancingGuard"],"picked":"hexamod:Again","floor":15.0},{"not_picked":["hexamod:TimeWarp","hexamod:TurnItUp"],"picked":"hexamod:GhostflameInferno","floor":16.0},{"not_picked":["hexamod:ChargedBarrage","hexamod:BurningTouch","hexamod:SwordOfDarkness"],"picked":"SKIP","floor":19.0},{"not_picked":["hexamod:HeatShield","hexamod:Hexaguard+1"],"picked":"hexamod:FastForward","floor":20.0},{"not_picked":["hexamod:GhostLash+1","hexamod:NightmareStrike","hexamod:InspiringFlames"],"picked":"SKIP","floor":21.0},{"not_picked":["hexamod:FlamesFromBeyond+1","hexamod:GhostLash"],"picked":"hexamod:Again+1","floor":22.0},{"not_picked":["hexamod:PowerFromBeyond+1","hexamod:HeatShield"],"picked":"hexamod:SearingWound","floor":23.0},{"not_picked":["hexamod:GhostLash+1","hexamod:SkipABeat"],"picked":"hexamod:GhostOfSpirePast","floor":28.0},{"not_picked":["hexamod:NightmareGuise","hexamod:Haunt+1"],"picked":"hexamod:BacktrackSmack+1","floor":29},{"not_picked":["hexamod:Haunt","hexamod:RetreatToShadows+1","hexamod:RadiantFlame"],"picked":"SKIP","floor":30},{"not_picked":["hexamod:FirstSeal","hexamod:BurningTouch"],"picked":"hexamod:TimeOfNeed","floor":31},{"not_picked":["hexamod:SoulSteal+1","hexamod:NightmareGuise+1"],"picked":"hexamod:ThirdSeal","floor":32},{"not_picked":["hexamod:TurnItUp","hexamod:TimeOfNeed"],"picked":"hexamod:GhostflameInferno","floor":33},{"not_picked":["hexamod:TimeWarp+1","hexamod:TimeOfNeed"],"picked":"hexamod:VolcanoVisage","floor":33},{"not_picked":["hexamod:RetreatToShadows","hexamod:BurningTouch+1"],"picked":"hexamod:DynamicBlow+1","floor":36},{"not_picked":["hexamod:RainOfEmbers+1","hexamod:InspiringFlames","hexamod:GhostLash+1"],"picked":"SKIP","floor":36},{"not_picked":["hexamod:SoulSteal+1","hexamod:NightmareStrike+1"],"picked":"hexamod:ExtraCrispy+1","floor":37},{"not_picked":["hexamod:CatchUp+1","hexamod:ShieldOfDarkness+1"],"picked":"hexamod:AdvancingGuard","floor":40},{"not_picked":["hexamod:SoulSteal","hexamod:GhostLash+1"],"picked":"hexamod:RadiantFlame+1","floor":40},{"not_picked":["hexamod:SpectersWail+1","hexamod:SwordOfDarkness+1"],"picked":"hexamod:VolcanoVisage","floor":48},{"not_picked":["hexamod:RecurringNightmare","hexamod:ChargedBarrage+1","hexamod:GhostflameBarrier+1"],"picked":"SKIP","floor":48},{"not_picked":["hexamod:GhostflameBarrier","hexamod:NightmareGuise+1","hexamod:CatchUp"],"picked":"SKIP","floor":49},{"not_picked":["hexamod:ShieldOfDarkness","hexamod:FirstSeal","hexamod:ThermalTransfer+1"],"picked":"SKIP","floor":49}],"player_experience":544144,"relics_obtained":[{"floor":24.0,"key":"Molten Egg 2"},{"floor":31,"key":"Potion Belt"},{"floor":38,"key":"MawBank"},{"floor":41,"key":"Omamori"}],"event_choices":[{"damage_healed":0.0,"max_hp_gain":0.0,"max_hp_loss":0.0,"gold_gain":0.0,"event_name":"NoteForYourself","player_choice":"Ignored","floor":4.0,"gold_loss":0.0,"damage_taken":0.0},{"damage_healed":0,"gold_gain":0,"player_choice":"Ignored","damage_taken":0,"max_hp_gain":0,"max_hp_loss":0,"event_name":"Mysterious Sphere","floor":45,"gold_loss":0}],"is_beta":false,"boss_relics":[{"not_picked":["hubris:BlackHole","construct:ClawGrip"],"picked":"hexamod:IceCube"},{"not_picked":["Black Star","hubris:CrackedHourglass"],"picked":"Fusion Hammer"}],"items_purged_floors":[5,23,28,39],"is_endless":false,"potions_floor_spawned":[3,9,11,12,14,19,20,29,30,31,37,40,49],"killed_by":"downfall:CharBossMerchant","ascension_level":0}}