{"host":"9n9nzkokhxe59gmc","time":1608797218,"event":{"mods":["Act Like it!","BaseMod","Elementarium","Hallownest","Hermit","Hubris","Infinite Spire","Menagerie","Minty Spire (QoL Compilation)","Replay The Spire","Shade Mod","StSLib","The Marked","The Servant 0.9.4"],"gold_per_floor":[116,116,116,135,145,145,165,165,165,193,203,238,256,281,281,376,376,386,386,400,414,429,429,429],"floor_reached":23,"playtime":1156,"items_purged":[],"score":215,"play_id":"058a5bb1-b958-4986-ac94-3432d4b270d3","local_time":"20201224000658","is_ascension_mode":false,"campfire_choices":[{"floor":8,"key":"REST"},{"floor":15,"key":"REST"}],"circlet_count":0,"master_deck":["theMarked:Strike","theMarked:Strike","theMarked:Strike","theMarked:Strike","theMarked:Strike","theMarked:Defend","theMarked:Defend","theMarked:Defend","theMarked:Defend","theMarked:SoldierOfQuellstein","theMarked:EnhancedHearing+1","theMarked:Static","theMarked:LightningStrikesTwice","theMarked:ParalyzingBlade","theMarked:HeightenedSenses","theMarked:Polarize","theMarked:EnhancedHearing","theMarked:ChainLightning","theMarked:Aftermath","theMarked:EternalStudent","theMarked:Aftermath+1","theMarked:Electrocute","theMarked:MagicAdept","theMarked:ReduceFriction+1"],"relics":["theMarked:ArtifactOfAir","NeowsBlessing","Counterbalance","Replay:Rubber Ducky","hubris:SphereOfDissonance","Nloth\u0027s Gift"],"acts_visited":["Exordium","TheCity"],"potions_floor_usage":[10,12,14,14,20,20],"damage_taken":[{"damage":0,"enemies":"Jaw Worm","floor":1,"turns":1},{"damage":0,"enemies":"Small Slimes","floor":4,"turns":1},{"damage":0,"enemies":"Cultist","floor":5,"turns":1},{"damage":8,"enemies":"2 Fungi Beasts","floor":7,"turns":3},{"damage":25,"enemies":"Lagavulin","floor":10,"turns":5},{"damage":7,"enemies":"Lots of Slimes","floor":11,"turns":5},{"damage":27,"enemies":"3 Sentries","floor":12,"turns":9},{"damage":2,"enemies":"Blue Slaver","floor":13,"turns":5},{"damage":5,"enemies":"Gremlin Nob","floor":14,"turns":3},{"damage":15,"enemies":"Hexaghost","floor":16,"turns":8},{"damage":19,"enemies":"3 Byrds","floor":18,"turns":7},{"damage":0,"enemies":"2 Thieves","floor":20,"turns":4},{"damage":19,"enemies":"Chosen and Byrds","floor":21,"turns":7},{"damage":16,"enemies":"Snake Plant","floor":22,"turns":3},{"damage":25,"enemies":"Nightmare","floor":23,"turns":7}],"seed_played":"2680540242407171435","potions_obtained":[{"floor":5,"key":"LiquidMemories"},{"floor":10,"key":"FearPotion"},{"floor":11,"key":"PowerPotion"},{"floor":12,"key":"SteroidPotion"},{"floor":16,"key":"BlessingOfTheForge"},{"floor":18,"key":"SkillPotion"},{"floor":20,"key":"theMarked:ChargePotion"}],"is_trial":false,"path_per_floor":["M","?","?","M","M","?","M","R","T","E","M","E","M","E","R","B",null,"M","?","M","M","M","NM"],"character_chosen":"THE_DEFAULT","items_purchased":[],"campfire_rested":2,"item_purchase_floors":[],"current_hp_per_floor":[70,73,73,73,73,73,65,73,73,48,41,14,12,7,28,13,73,54,54,54,35,19,0,0],"gold":429,"neow_bonus":"THREE_ENEMY_KILL","is_daily":false,"chose_seed":false,"campfire_upgraded":0,"win_rate":0.0,"timestamp":1608797218,"path_taken":["M","?","?","?","M","?","?","R","T","E","M","E","M","E","R","BOSS","M","?","M","?","M","NM"],"items_purchased_type":[],"build_version":"2020-12-22","purchased_purges":0,"victory":false,"max_hp_per_floor":[70,73,73,73,73,73,73,73,73,73,73,73,73,73,73,73,73,73,73,73,73,73,73,73],"card_choices":[{"not_picked":["theMarked:DeterminationOfTheMarked","theMarked:ElectricStrings"],"picked":"theMarked:EnhancedHearing","floor":1},{"not_picked":["theMarked:Frustration","theMarked:LightningStrikesTwice"],"picked":"theMarked:Static","floor":4},{"not_picked":["theMarked:Static","theMarked:DeterminationOfTheMarked"],"picked":"theMarked:LightningStrikesTwice","floor":5},{"not_picked":["theMarked:EmpowerWeapon","theMarked:Overcharge"],"picked":"theMarked:ParalyzingBlade","floor":7},{"not_picked":["theMarked:ResourceFulStrike","theMarked:ThrowWeapon"],"picked":"theMarked:HeightenedSenses","floor":10},{"not_picked":["theMarked:Static","theMarked:Improvise"],"picked":"theMarked:Polarize","floor":11},{"not_picked":["theMarked:Electrocute","theMarked:HeritageOfTheMarked"],"picked":"theMarked:EnhancedHearing","floor":12},{"not_picked":["theMarked:ResourceFulStrike","theMarked:TwofoldDefense"],"picked":"theMarked:ChainLightning","floor":13},{"not_picked":["theMarked:GodGivenPower","theMarked:HeightenedSenses"],"picked":"theMarked:Aftermath","floor":14},{"not_picked":["theMarked:Challenge","theMarked:FavorableWinds"],"picked":"theMarked:EternalStudent","floor":16},{"not_picked":["theMarked:ChainLightning+1","theMarked:TwofoldDefense+1"],"picked":"theMarked:Aftermath+1","floor":18},{"not_picked":["theMarked:Improvise","theMarked:SoldierForm"],"picked":"theMarked:Electrocute","floor":20},{"not_picked":["theMarked:Parkour","theMarked:Opportunist"],"picked":"theMarked:MagicAdept","floor":21},{"not_picked":["theMarked:ResourceFulStrike","theMarked:WastefulAttack"],"picked":"theMarked:ReduceFriction+1","floor":22}],"player_experience":721393,"relics_obtained":[{"floor":9,"key":"Counterbalance"},{"floor":10,"key":"Replay:Rubber Ducky"},{"floor":12,"key":"Art of War"},{"floor":14,"key":"hubris:SphereOfDissonance"}],"event_choices":[{"damage_healed":0,"gold_gain":0,"player_choice":"Ignored","damage_taken":0,"max_hp_gain":0,"max_hp_loss":0,"event_name":"NoteForYourself","floor":3,"gold_loss":0},{"damage_healed":0,"gold_gain":0,"player_choice":"Forge","damage_taken":0,"max_hp_gain":0,"max_hp_loss":0,"event_name":"Accursed Blacksmith","floor":6,"gold_loss":0,"cards_upgraded":["theMarked:EnhancedHearing"]},{"damage_healed":0,"gold_gain":0,"player_choice":"Traded Relic","damage_taken":0,"relics_obtained":["Nloth\u0027s Gift"],"max_hp_gain":0,"max_hp_loss":0,"event_name":"N\u0027loth","floor":19,"relics_lost":["Art of War"],"gold_loss":0}],"is_beta":false,"boss_relics":[{"not_picked":["hubris:GrandSneckoEye","Snecko Eye","hubris:TerracottaHorce"]}],"items_purged_floors":[],"is_endless":false,"potions_floor_spawned":[5,10,11,12,16,18,20],"killed_by":"Nightmare","ascension_level":0}}