{"host":"cvi30shpqg1ukvbr","time":1608807302,"event":{"mods":["Act Like it!","BaseMod","Better Altar","Better Match","Better Note","Better Sensory Stone","Better Skull","Better Third Choice","Conspire","GifTheSpireLib","Hubris","Infinite Spire","Minty Spire (QoL Compilation)","Relic Stats","Replay The Spire","Shop Mod","Spicy Shops","StSLib","Stuff the Spire"],"gold_per_floor":[110,125,125,139,150,177,187,212,212,212,212,212,247,58,58,162,162,178,188,204,479,429,461,34,34,105,105,137,137,162,172,172,269,269,282,292,342,25,25,44,44,44],"floor_reached":41,"playtime":1783,"items_purged":["Strike_R"],"score":569,"play_id":"a927c461-3aa8-4d56-a36c-a8e9dd70b340","local_time":"20201224195502","is_ascension_mode":true,"campfire_choices":[{"data":"Bash","floor":10,"key":"SMITH"},{"data":"hubris:ReadiedAction","floor":12,"key":"SMITH"},{"data":"Armaments","floor":15,"key":"SMITH"},{"data":"Inflame","floor":27,"key":"SMITH"},{"floor":29,"key":"REST"}],"circlet_count":0,"master_deck":["Strike_R","Strike_R","Strike_R","Defend_R","Defend_R","Defend_R","Defend_R","Bash+1","Cleave","Intimidate","StuffTheSpire:BloodClot","Wild Strike","conspire:Charge+1","hubris:ReadiedAction+1","Second Wind","Armaments+1","Inflame+1","Rage","Limit Break+1","AbeCurse","Whirlwind+1","True Grit","Reaper","Regret","Rage+1","Rupture","True Grit+1","Spot Weakness+1","infinitespire:Collect+1","Flex+1","Wild Strike","Immolate","Flex+1","Rage+1","Fire Breathing","Pain","Evolve","Inflame+1"],"relics":["Burning Blood","Pantograph","Oddly Smooth Stone","Gremlin Horn","hubris:PeanutButter","Abe\u0027s Treasure","Toxic Egg 2","hubris:EmptyBottle","Strawberry","Iron Hammer","infinitespire:Satchel","infinitespire:Burning Sword","Magic Flower","StuffTheSpire:GrapeVine","Blood Vial"],"acts_visited":["Exordium","TheCity","TheBeyond"],"potions_floor_usage":[6,6,13,16,20,20,33,40,40],"damage_taken":[{"damage":7,"enemies":"conspire:RoseBush","floor":1,"turns":3},{"damage":24,"enemies":"infinitespire:Voidling","floor":2,"turns":5},{"damage":3,"enemies":"Small Slimes","floor":4,"turns":3},{"damage":9,"enemies":"Blue Slaver","floor":5,"turns":4},{"damage":10,"enemies":"3 Sentries","floor":6,"turns":9},{"damage":0,"enemies":"Large Slime","floor":7,"turns":5},{"damage":34,"enemies":"Gremlin Nob","floor":8,"turns":5},{"damage":20,"enemies":"3 Sentries","floor":13,"turns":6},{"damage":22,"enemies":"Fading Forest","floor":16,"turns":11},{"damage":29,"enemies":"Spheric Guardian","floor":18,"turns":6},{"damage":12,"enemies":"conspire:FuzzyDice","floor":19,"turns":5},{"damage":0,"enemies":"Sentry and Sphere","floor":20,"turns":3},{"damage":0,"enemies":"conspire:Head Lice","floor":23,"turns":3},{"damage":70,"enemies":"conspire:SneckoGhost","floor":28,"turns":9},{"damage":41,"enemies":"Nightmare","floor":30,"turns":11},{"damage":17,"enemies":"Snecko","floor":31,"turns":6},{"damage":65,"enemies":"Collector","floor":33,"turns":8},{"damage":0,"enemies":"Orb Walker","floor":35,"turns":2},{"damage":3,"enemies":"3 Darklings","floor":36,"turns":2},{"damage":21,"enemies":"Mind Bloom Boss Battle","floor":37,"turns":6},{"damage":50,"enemies":"Spire Growth","floor":40,"turns":5},{"damage":64,"enemies":"Nightmare","floor":41,"turns":5}],"seed_played":"6718096059767726547","potions_obtained":[{"floor":2,"key":"HeartOfIron"},{"floor":3,"key":"SteroidPotion"},{"floor":3,"key":"Dexterity Potion"},{"floor":6,"key":"DistilledChaos"},{"floor":8,"key":"Elixir"},{"floor":16,"key":"SteroidPotion"},{"floor":18,"key":"DuplicationPotion"},{"floor":23,"key":"GamblersBrew"},{"floor":31,"key":"SkillPotion"},{"floor":40,"key":"conspire:TimeTravelPotion"}],"is_trial":false,"path_per_floor":["M","M","?","M","M","E","M","E","T","R","?","R","E","$","R","B",null,"M","M","M","?","?","E","$","?","T","R","E","R","NM","M","R","B",null,"M","M","?","$","?","M","NM"],"character_chosen":"IRONCLAD","items_purchased":["Inflame","Rage","hubris:EmptyBottle","Rupture","True Grit+1","Strawberry","StuffTheSpire:GrapeVine","Blood Vial","Evolve"],"campfire_rested":1,"item_purchase_floors":[14,14,24,24,24,24,38,38,38],"current_hp_per_floor":[87,78,78,81,78,74,80,52,52,52,57,57,43,43,43,62,93,70,64,70,70,70,93,100,100,100,100,43,73,56,49,79,63,100,100,100,100,100,100,59,0,0],"gold":44,"neow_bonus":"TEN_PERCENT_HP_BONUS","is_daily":false,"chose_seed":false,"campfire_upgraded":4,"win_rate":0.0,"timestamp":1608807302,"path_taken":["M","M","?","M","?","E","M","E","T","R","?","R","E","$","R","BOSS","M","M","M","?","?","E","$","?","T","R","E","R","NM","M","R","BOSS","M","M","?","$","?","M","NM"],"items_purchased_type":["Card","Card","Relic","Card","Card","Relic","Relic","Relic","Card"],"build_version":"2020-12-22","purchased_purges":1,"victory":false,"max_hp_per_floor":[88,88,88,88,88,88,88,88,88,88,93,93,93,93,93,93,93,93,93,93,93,93,93,100,100,100,100,100,100,100,100,100,100,100,100,100,100,100,100,100,100,100],"relic_stats":{"Blood Vial":3,"Gremlin Horn":[20,20],"counters":[22,122],"Pantograph":46,"Magic Flower":[4],"obtain_stats":[{"Gremlin Horn":9,"Oddly Smooth Stone":8,"Magic Flower":37,"StuffTheSpire:GrapeVine":38,"hubris:EmptyBottle":24,"Burning Blood":0,"Blood Vial":38,"Pantograph":6,"Strawberry":24,"infinitespire:Satchel":30,"hubris:PeanutButter":13,"Iron Hammer":26,"infinitespire:Burning Sword":34,"Toxic Egg 2":23,"Abe\u0027s Treasure":17},{"Gremlin Horn":7,"Oddly Smooth Stone":7,"Magic Flower":20,"StuffTheSpire:GrapeVine":20,"hubris:EmptyBottle":13,"Burning Blood":0,"Blood Vial":20,"Pantograph":5,"Strawberry":13,"infinitespire:Satchel":15,"hubris:PeanutButter":8,"Iron Hammer":13,"infinitespire:Burning Sword":17,"Toxic Egg 2":13,"Abe\u0027s Treasure":9},{"Gremlin Horn":34,"Oddly Smooth Stone":34,"Magic Flower":112,"StuffTheSpire:GrapeVine":112,"hubris:EmptyBottle":68,"Burning Blood":0,"Blood Vial":112,"Pantograph":24,"Strawberry":68,"infinitespire:Satchel":88,"hubris:PeanutButter":40,"Iron Hammer":68,"infinitespire:Burning Sword":102,"Toxic Egg 2":68,"Abe\u0027s Treasure":51}],"Burning Blood":113},"card_choices":[{"not_picked":["Bloodletting","Shrug It Off"],"picked":"Cleave","floor":1},{"not_picked":["Burning Pact","Replay:Undeath\u0027s Touch"],"picked":"Intimidate","floor":2},{"not_picked":["Havoc","Anger"],"picked":"StuffTheSpire:BloodClot","floor":4},{"not_picked":["Run Through","Demonic Infusion"],"picked":"Wild Strike","floor":5},{"not_picked":["StuffTheSpire:Incineration","Infernal Blade"],"picked":"conspire:Charge","floor":6},{"not_picked":["Pommel Strike","Thunderclap"],"picked":"hubris:ReadiedAction","floor":7},{"not_picked":["Body Slam","Clothesline"],"picked":"Second Wind","floor":8},{"not_picked":["ReplayTheSpireMod:LeadingStrike","Clothesline"],"picked":"Armaments","floor":13},{"not_picked":["Double Tap","Eclipse"],"picked":"Limit Break","floor":16},{"not_picked":["ReplayTheSpireMod:Stacked","hubris:ReadiedAction"],"picked":"Whirlwind+1","floor":18},{"not_picked":["Havoc","Run Through"],"picked":"True Grit","floor":19},{"not_picked":["Shrug It Off","Heavy Blade+1"],"picked":"Reaper","floor":20},{"not_picked":["StuffTheSpire:RagingBull","Iron Wave"],"picked":"Rage+1","floor":23},{"not_picked":["Burning Pact+1","ReplayReversal+1"],"picked":"Spot Weakness+1","floor":28},{"not_picked":["hubris:Rewind","hubris:Fate"],"picked":"infinitespire:Collect","floor":30},{"not_picked":["Spot Weakness+1","ReplayTheSpireMod:Stacked+1"],"picked":"Flex+1","floor":30},{"not_picked":["Anger+1","Life Link"],"picked":"Wild Strike","floor":31},{"not_picked":["Bludgeon","Demonic Infusion+1"],"picked":"Immolate","floor":33},{"not_picked":["Carnage","Clothesline+1"],"picked":"Flex+1","floor":35},{"not_picked":["StuffTheSpire:RockThrow","Flex+1"],"picked":"Rage+1","floor":36},{"not_picked":["Life Link+1","StuffTheSpire:Incineration"],"picked":"Fire Breathing","floor":37},{"not_picked":["Wild Strike","Clothesline+1"],"picked":"Inflame+1","floor":40}],"player_experience":1768369,"relics_obtained":[{"floor":6,"key":"Pantograph"},{"floor":8,"key":"Oddly Smooth Stone"},{"floor":9,"key":"Gremlin Horn"},{"floor":13,"key":"hubris:PeanutButter"},{"floor":23,"key":"Toxic Egg 2"},{"floor":26,"key":"Iron Hammer"},{"floor":30,"key":"infinitespire:Satchel"},{"floor":37,"key":"Magic Flower"}],"event_choices":[{"damage_healed":0,"gold_gain":0,"player_choice":"Got Potions","damage_taken":0,"max_hp_gain":0,"max_hp_loss":0,"event_name":"Lab","floor":3,"gold_loss":0},{"damage_healed":0,"gold_gain":0,"player_choice":"Donut","damage_taken":0,"max_hp_gain":5,"max_hp_loss":0,"event_name":"Big Fish","floor":11,"gold_loss":0},{"damage_healed":0,"gold_gain":275,"player_choice":"Desecrate","damage_taken":0,"max_hp_gain":0,"max_hp_loss":0,"event_name":"Golden Shrine","floor":21,"gold_loss":0,"cards_obtained":["Regret"]},{"damage_healed":0,"gold_gain":0,"player_choice":"Bet on Owner","damage_taken":0,"max_hp_gain":0,"max_hp_loss":0,"event_name":"The Joust","floor":22,"gold_loss":50},{"damage_healed":0,"gold_gain":0,"player_choice":"Upgraded","damage_taken":0,"max_hp_gain":0,"max_hp_loss":0,"event_name":"Upgrade Shrine","floor":25,"gold_loss":0,"cards_upgraded":["Limit Break"]},{"damage_healed":0,"gold_gain":0,"player_choice":"Fight","damage_taken":0,"max_hp_gain":0,"max_hp_loss":0,"event_name":"MindBloom","floor":37,"gold_loss":0},{"cards_removed":["Strike_R"],"damage_healed":0,"gold_gain":0,"player_choice":"Purged","damage_taken":0,"max_hp_gain":0,"max_hp_loss":0,"event_name":"Purifier","floor":39,"gold_loss":0}],"is_beta":false,"boss_relics":[{"not_picked":["Honey Jar","Ring of Chaos"],"picked":"Abe\u0027s Treasure"},{"not_picked":["Ooze Armor","Coffee Dripper"],"picked":"infinitespire:Burning Sword"}],"items_purged_floors":[14],"is_endless":false,"potions_floor_spawned":[2,6,8,16,18,23,31,36,37,40],"killed_by":"Nightmare","ascension_level":1}}