{"host":"2lqi9xx9scmc3cqh","time":1608813917,"event":{"mods":["AchievementEnabler","BaseMod","Colored Map","Minty Spire (QoL Compilation)","Remove Card Discount Mod","StSLib"],"gold_per_floor":[117,117,117,117,117,152,152,186,266,266,296,296,308,321,321,425,425,441,540,560,560,560,560,573,603,603,621,1157,1157,2004,2019,2019,2118,2118,2147,2197,2197,2197,2224,2224,2246,2276,2646,2646,2669,2681,2693],"floor_reached":48,"playtime":1692,"items_purged":["Strike_G","Strike_G","Defend_G","Defend_G","Defend_G"],"score":1637,"play_id":"79974ea5-db78-40d2-9dbf-f3b63c64f44b","local_time":"20201224214517","is_ascension_mode":true,"campfire_choices":[{"data":"Accuracy","floor":7,"key":"SMITH"},{"data":"Dagger Spray","floor":15,"key":"SMITH"},{"data":"After Image","floor":23,"key":"SMITH"},{"data":"Finisher","floor":32,"key":"SMITH"},{"data":"1","floor":40,"key":"LIFT"},{"data":"2","floor":44,"key":"LIFT"}],"circlet_count":0,"master_deck":["AscendersBane","Strike_G+1","Strike_G+1","Defend_G+1","Defend_G","Survivor","Neutralize+1","Finisher+1","Accuracy+1","Dagger Spray+1","Prepared+1","After Image+1","Backflip+1","Cloak And Dagger+1","Blade Dance+1","Blade Dance+1","A Thousand Cuts+1"],"relics":["Ring of the Serpent","NeowsBlessing","Juzu Bracelet","Paper Crane","Bag of Preparation","Oddly Smooth Stone","Mercury Hourglass","The Courier","Tiny Chest","Potion Belt","MealTicket","Mango","Blood Vial","Toxic Egg 2","Lee\u0027s Waffle","Pear","Matryoshka","Bronze Scales","PreservedInsect","Singing Bowl","Turnip","Gremlin Horn","Letter Opener","Omamori","Torii","Kunai","Peace Pipe","Orichalcum","Bottled Lightning","StoneCalendar","Blue Candle","Shuriken","Bottled Flame","War Paint","HornCleat","Art of War","Ninja Scroll","Strawberry","Bottled Tornado","Eternal Feather","Regal Pillow","Dream Catcher","Anchor","Frozen Egg 2","Happy Flower","CeramicFish","InkBottle","Girya","Ancient Tea Set","Vajra","Pantograph","FossilizedHelix","Snake Skull","Mummified Hand","Juzu Bracelet","Sundial","Ornamental Fan","Toy Ornithopter","Tiny Chest","CaptainsWheel","Pen Nib","Meat on the Bone","Lantern","Thread and Needle","Akabeko","Molten Egg 2","TungstenRod","Lizard Tail","Philosopher\u0027s Stone","Bird Faced Urn","Ginger","Whetstone","Old Coin","MawBank"],"acts_visited":["Exordium","TheCity","TheBeyond"],"potions_floor_usage":[47],"damage_taken":[{"damage":0,"enemies":"Jaw Worm","floor":1,"turns":1},{"damage":0,"enemies":"3 Sentries","floor":6,"turns":2},{"damage":0,"enemies":"Gremlin Nob","floor":8,"turns":1},{"damage":18,"enemies":"Lagavulin","floor":11,"turns":12},{"damage":0,"enemies":"Cultist","floor":13,"turns":4},{"damage":0,"enemies":"2 Louse","floor":14,"turns":2},{"damage":8,"enemies":"Hexaghost","floor":16,"turns":7},{"damage":7,"enemies":"Shell Parasite","floor":18,"turns":7},{"damage":11,"enemies":"Spheric Guardian","floor":20,"turns":4},{"damage":0,"enemies":"Shelled Parasite and Fungi","floor":24,"turns":1},{"damage":0,"enemies":"Slavers","floor":25,"turns":1},{"damage":0,"enemies":"Snake Plant","floor":27,"turns":1},{"damage":0,"enemies":"3 Cultists","floor":31,"turns":1},{"damage":0,"enemies":"Collector","floor":33,"turns":3},{"damage":0,"enemies":"Orb Walker","floor":35,"turns":1},{"damage":0,"enemies":"Mind Bloom Boss Battle","floor":36,"turns":2},{"damage":0,"enemies":"3 Darklings","floor":39,"turns":1},{"damage":0,"enemies":"Spire Growth","floor":41,"turns":1},{"damage":0,"enemies":"Giant Head","floor":42,"turns":2},{"damage":0,"enemies":"Time Eater","floor":47,"turns":4}],"seed_played":"8727055300694518843","potions_obtained":[{"floor":13,"key":"SteroidPotion"},{"floor":14,"key":"SpeedPotion"},{"floor":36,"key":"DuplicationPotion"},{"floor":42,"key":"Regen Potion"}],"is_trial":false,"path_per_floor":["M","?","?","?","?","E","R","E","T","?","E","?","M","M","R","B",null,"M","?","M","?","?","R","M","E","T","M","$","T","$","M","R","B",null,"M","?","?","T","M","R","M","E","T","R","T","?","B",null],"character_chosen":"THE_SILENT","items_purchased":["Mango","Blood Vial","Toxic Egg 2","Lee\u0027s Waffle","Pear","Matryoshka","Bronze Scales","PreservedInsect","Singing Bowl","Turnip","Gremlin Horn","Letter Opener","Omamori","Torii","Kunai","Peace Pipe","Orichalcum","Bottled Lightning","StoneCalendar","Blue Candle","Shuriken","Bottled Flame","War Paint","HornCleat","Art of War","Ninja Scroll","Strawberry","Bottled Tornado","Eternal Feather","Regal Pillow","Dream Catcher","Happy Flower","CeramicFish","InkBottle","Girya","Ancient Tea Set","Vajra","Pantograph","FossilizedHelix","Snake Skull","Mummified Hand","Juzu Bracelet","Sundial","Ornamental Fan","Toy Ornithopter","Tiny Chest","CaptainsWheel","Pen Nib","Meat on the Bone","Lantern","Thread and Needle","Akabeko","Molten Egg 2","TungstenRod","Lizard Tail"],"campfire_rested":0,"item_purchase_floors":[28,28,28,28,28,28,28,28,28,28,28,28,28,28,28,28,28,28,28,28,28,28,28,28,28,28,28,28,28,28,28,30,30,30,30,30,30,30,30,30,30,30,30,30,30,30,30,30,30,30,30,30,30,30,30],"current_hp_per_floor":[63,63,49,49,37,37,37,37,37,30,12,29,29,29,29,21,58,51,51,40,40,40,40,40,40,40,40,105,105,105,107,107,109,109,109,111,111,111,111,111,111,113,113,113,113,113,113],"gold":2705,"neow_bonus":"THREE_ENEMY_KILL","is_daily":false,"chose_seed":false,"campfire_upgraded":4,"win_rate":0.0,"timestamp":1608813917,"path_taken":["M","?","?","?","?","E","R","E","T","?","E","?","M","M","R","BOSS","M","?","M","?","?","R","M","E","T","M","$","?","?","M","R","BOSS","M","?","?","?","M","R","M","E","T","R","?","?","BOSS"],"items_purchased_type":["Relic","Relic","Relic","Relic","Relic","Relic","Relic","Relic","Relic","Relic","Relic","Relic","Relic","Relic","Relic","Relic","Relic","Relic","Relic","Relic","Relic","Relic","Relic","Relic","Relic","Relic","Relic","Relic","Relic","Relic","Relic","Relic","Relic","Relic","Relic","Relic","Relic","Relic","Relic","Relic","Relic","Relic","Relic","Relic","Relic","Relic","Relic","Relic","Relic","Relic","Relic","Relic","Relic","Relic","Relic"],"build_version":"2020-12-22","purchased_purges":5,"victory":true,"max_hp_per_floor":[70,70,70,70,70,70,70,70,70,70,70,70,70,70,70,70,70,70,70,70,67,67,67,67,67,67,67,105,105,105,107,107,109,109,109,111,111,111,111,111,111,113,113,113,113,113,113],"card_choices":[{"not_picked":["Outmaneuver","Cloak And Dagger"],"picked":"Finisher","floor":1},{"not_picked":["Leg Sweep","Outmaneuver"],"picked":"Accuracy","floor":6},{"not_picked":["Deadly Poison","Eviscerate"],"picked":"Dagger Spray","floor":8},{"not_picked":["Setup","Noxious Fumes","Skewer"],"picked":"SKIP","floor":11},{"not_picked":["Deflect","Dagger Throw"],"picked":"Prepared","floor":13},{"not_picked":["PiercingWail","Slice","Sucker Punch"],"picked":"SKIP","floor":14},{"not_picked":["Grand Finale","Corpse Explosion"],"picked":"After Image","floor":16},{"not_picked":["Underhanded Strike","Blur","Outmaneuver"],"picked":"SKIP","floor":18},{"not_picked":["Noxious Fumes","Setup","Bane"],"picked":"SKIP","floor":20},{"not_picked":["Quick Slash","Blur+1"],"picked":"Backflip+1","floor":24},{"not_picked":["Dagger Throw","Expertise","Footwork"],"picked":"SKIP","floor":25},{"not_picked":["Flechettes","Dagger Throw"],"picked":"Cloak And Dagger","floor":27},{"not_picked":["Backstab+1","Caltrops+1","Leg Sweep+1"],"picked":"Singing Bowl","floor":31},{"not_picked":["Venomology+1","Wraith Form v2+1","Tools of the Trade+1"],"picked":"Singing Bowl","floor":33},{"not_picked":["Slice+1","PiercingWail+1"],"picked":"Blade Dance+1","floor":35},{"not_picked":["Underhanded Strike+1","Dodge and Roll+1","Prepared+1"],"picked":"Singing Bowl","floor":36},{"not_picked":["Reflex+1","Bane+1"],"picked":"Blade Dance+1","floor":39},{"not_picked":["Deflect+1","Well Laid Plans+1"],"picked":"A Thousand Cuts+1","floor":41},{"not_picked":["Dagger Spray+1","Noxious Fumes+1","Well Laid Plans+1"],"picked":"Singing Bowl","floor":42}],"player_experience":371482,"relics_obtained":[{"floor":6,"key":"Bag of Preparation"},{"floor":8,"key":"Oddly Smooth Stone"},{"floor":9,"key":"Mercury Hourglass"},{"floor":11,"key":"The Courier"},{"floor":25,"key":"Potion Belt"},{"floor":26,"key":"MealTicket"},{"floor":29,"key":"Anchor"},{"floor":29,"key":"Frozen Egg 2"},{"floor":38,"key":"Bird Faced Urn"},{"floor":38,"key":"Ginger"},{"floor":42,"key":"Whetstone"},{"floor":43,"key":"Old Coin"},{"floor":45,"key":"MawBank"}],"event_choices":[{"damage_healed":0,"gold_gain":0,"player_choice":"0 cards matched","damage_taken":0,"max_hp_gain":0,"max_hp_loss":0,"event_name":"Match and Keep!","floor":2,"gold_loss":0,"cards_obtained":[]},{"damage_healed":0,"gold_gain":0,"player_choice":"Entered Light","damage_taken":14,"max_hp_gain":0,"max_hp_loss":0,"event_name":"Shining Light","floor":3,"gold_loss":0,"cards_upgraded":["Defend_G","Strike_G"]},{"damage_healed":0,"gold_gain":0,"player_choice":"Upgraded","damage_taken":0,"max_hp_gain":0,"max_hp_loss":0,"event_name":"Upgrade Shrine","floor":4,"gold_loss":0,"cards_upgraded":["Neutralize"]},{"damage_healed":0,"gold_gain":0,"player_choice":"Success","damage_taken":12,"relics_obtained":["Paper Crane"],"max_hp_gain":0,"max_hp_loss":0,"event_name":"Scrap Ooze","floor":5,"gold_loss":0},{"cards_removed":["Strike_G"],"damage_healed":0,"gold_gain":0,"player_choice":"Card Removal","damage_taken":7,"max_hp_gain":0,"max_hp_loss":0,"event_name":"Golden Wing","floor":10,"gold_loss":0},{"damage_healed":17,"gold_gain":0,"player_choice":"Healed and dodged fight","damage_taken":0,"max_hp_gain":0,"max_hp_loss":0,"event_name":"Mushrooms","floor":12,"gold_loss":0,"cards_obtained":["Parasite"]},{"damage_healed":0,"gold_gain":99,"player_choice":"Stole From Cult","damage_taken":0,"max_hp_gain":0,"max_hp_loss":0,"event_name":"Nest","floor":19,"gold_loss":0},{"cards_removed":["Parasite"],"damage_healed":0,"gold_gain":0,"player_choice":"Removed Curses","damage_taken":0,"max_hp_gain":0,"max_hp_loss":0,"event_name":"Fountain of Cleansing","floor":21,"gold_loss":0},{"damage_healed":0,"gold_gain":0,"player_choice":"Ignored","damage_taken":0,"max_hp_gain":0,"max_hp_loss":0,"event_name":"Vampires","floor":22,"gold_loss":0},{"damage_healed":0,"gold_gain":0,"player_choice":"Fight","damage_taken":0,"max_hp_gain":0,"max_hp_loss":0,"event_name":"MindBloom","floor":36,"gold_loss":0},{"damage_healed":0,"gold_gain":0,"player_choice":"Ignored","damage_taken":0,"max_hp_gain":0,"max_hp_loss":0,"event_name":"Tomb of Lord Red Mask","floor":37,"gold_loss":0},{"damage_healed":0,"gold_gain":0,"player_choice":"Took Portal","damage_taken":0,"max_hp_gain":0,"max_hp_loss":0,"event_name":"SecretPortal","floor":46,"gold_loss":0}],"is_beta":false,"boss_relics":[{"not_picked":["SacredBark","HoveringKite"],"picked":"Ring of the Serpent"},{"not_picked":["Sozu","Fusion Hammer"],"picked":"Philosopher\u0027s Stone"}],"items_purged_floors":[28,28,28,28,28],"is_endless":false,"potions_floor_spawned":[13,14,20,24,36,42],"ascension_level":12}}