{"host":"2lo6hma6kymb0g9i","time":1608794550,"event":{"mods":["BaseMod","Colored Map","DeckTracker","Minty Spire (QoL Compilation)"],"gold_per_floor":[112,112,112,122,122,122,155,167,219,199,274,291,291,301,301,301,301],"floor_reached":16,"playtime":898,"items_purged":[],"score":195,"play_id":"8a24fd8b-1b73-4e8c-90d9-b50ed6023baa","local_time":"20201224162230","is_ascension_mode":true,"campfire_choices":[{"data":"Neutralize","floor":6,"key":"SMITH"},{"floor":15,"key":"REST"}],"circlet_count":0,"master_deck":["AscendersBane","Strike_G","Strike_G","Strike_G","Defend_G","Defend_G","Defend_G","Defend_G","Defend_G","Survivor","Neutralize+1","Dagger Throw","Well Laid Plans","Eviscerate","Quick Slash","PiercingWail","Dagger Throw"],"relics":["Ring of the Snake","Juzu Bracelet","Sundial","Ornamental Fan","Snake Skull"],"acts_visited":["Exordium"],"potions_floor_usage":[7,10,16,16],"damage_taken":[{"damage":1,"enemies":"Jaw Worm","floor":1,"turns":5},{"damage":1,"enemies":"2 Louse","floor":4,"turns":3},{"damage":22,"enemies":"Lagavulin","floor":7,"turns":6},{"damage":9,"enemies":"Small Slimes","floor":8,"turns":3},{"damage":5,"enemies":"Red Slaver","floor":12,"turns":4},{"damage":0,"enemies":"Blue Slaver","floor":14,"turns":7},{"damage":31,"enemies":"The Guardian","floor":16,"turns":13}],"seed_played":"-2192849623215649884","potions_obtained":[{"floor":1,"key":"AttackPotion"},{"floor":10,"key":"Fruit Juice"},{"floor":12,"key":"ColorlessPotion"},{"floor":14,"key":"DistilledChaos"}],"is_trial":false,"path_per_floor":["M","?","?","M","T","R","E","M","T","?","?","M","?","M","R","B"],"character_chosen":"THE_SILENT","items_purchased":[],"campfire_rested":1,"item_purchase_floors":[],"current_hp_per_floor":[58,51,51,50,50,50,28,19,19,24,13,8,8,8,29,0,0],"gold":301,"neow_bonus":"RANDOM_COMMON_RELIC","is_daily":false,"chose_seed":false,"campfire_upgraded":1,"win_rate":0.0,"timestamp":1608794550,"path_taken":["M","?","?","M","?","R","E","M","T","?","?","M","?","M","R","BOSS"],"items_purchased_type":[],"build_version":"2020-12-22","purchased_purges":0,"victory":false,"max_hp_per_floor":[66,66,66,66,66,66,66,66,66,71,71,71,71,71,71,71,71],"card_choices":[{"not_picked":["Dash","Cloak And Dagger"],"picked":"Dagger Throw","floor":1},{"not_picked":["Backflip","Dodge and Roll"],"picked":"Eviscerate","floor":4},{"not_picked":["Flying Knee","Backflip"],"picked":"Quick Slash","floor":7},{"not_picked":["Infinite Blades","Outmaneuver","Dodge and Roll"],"picked":"SKIP","floor":8},{"not_picked":["Accuracy","Dodge and Roll"],"picked":"PiercingWail","floor":12},{"not_picked":["Slice","Acrobatics"],"picked":"Dagger Throw","floor":14}],"player_experience":863633,"relics_obtained":[{"floor":5,"key":"Sundial"},{"floor":7,"key":"Ornamental Fan"},{"floor":9,"key":"Snake Skull"}],"event_choices":[{"cards_removed":["Strike_G"],"damage_healed":0,"gold_gain":0,"player_choice":"Card Removal","damage_taken":7,"max_hp_gain":0,"max_hp_loss":0,"event_name":"Golden Wing","floor":2,"gold_loss":0},{"damage_healed":0,"gold_gain":0,"cards_transformed":["Strike_G"],"player_choice":"Change","damage_taken":0,"max_hp_gain":0,"max_hp_loss":0,"event_name":"Living Wall","floor":3,"gold_loss":0,"cards_obtained":["Well Laid Plans"]},{"damage_healed":0,"gold_gain":0,"player_choice":"Bought 1 Potion","damage_taken":0,"max_hp_gain":0,"max_hp_loss":0,"event_name":"The Woman in Blue","floor":10,"gold_loss":0},{"damage_healed":0,"gold_gain":75,"player_choice":"Gather Gold","damage_taken":11,"max_hp_gain":0,"max_hp_loss":0,"event_name":"World of Goop","floor":11,"gold_loss":0},{"damage_healed":0,"gold_gain":0,"player_choice":"Fled","damage_taken":0,"max_hp_gain":0,"max_hp_loss":0,"event_name":"Scrap Ooze","floor":13,"gold_loss":0}],"is_beta":false,"boss_relics":[],"items_purged_floors":[],"is_endless":false,"potions_floor_spawned":[1,12,14],"killed_by":"The Guardian","ascension_level":19}}