{"host":"x4x6fw95e6eqd4n0","time":1608795381,"event":{"mods":["AchievementEnabler","BaseMod","Colored Map","Colored Powertips","DeckTracker","Minty Spire (QoL Compilation)"],"gold_per_floor":[117,135,148,66,16,16,48,48,48,10,10,10,10,43,43,140,140,156,166,185,185,205,205,34,34,34,50,50,50,50,50,50,145,145,187,187,202,220,220,220],"floor_reached":39,"playtime":1241,"items_purged":[],"score":406,"play_id":"d9a62051-0612-4591-aa51-16e544f99e0a","local_time":"20201224093621","is_ascension_mode":true,"campfire_choices":[{"data":"Rainbow","floor":6,"key":"SMITH"},{"data":"Sunder","floor":8,"key":"SMITH"},{"data":"Static Discharge","floor":11,"key":"SMITH"},{"floor":15,"key":"REST"},{"data":"Lockon","floor":23,"key":"SMITH"},{"data":"Hologram","floor":25,"key":"SMITH"},{"floor":28,"key":"REST"},{"floor":32,"key":"REST"}],"circlet_count":0,"master_deck":["Strike_B","Strike_B","Defend_B","Defend_B","Defend_B","Defend_B","Zap","Dualcast","Force Field","Compile Driver","Rainbow+1","Sunder+1","Lockon+1","Static Discharge+1","Turbo","Thunder Strike+1","Hologram+1","Rebound+1","Beam Cell+1","RitualDagger+1","Gash+1","HandOfGreed+1","Rebound+1","Capacitor","Fission","Chill","Hologram+1","Conserve Battery+1"],"relics":["Cracked Core","NeowsBlessing","Pocketwatch","Molten Egg 2","Boot","Letter Opener","Busted Crown","Mummified Hand","Philosopher\u0027s Stone"],"acts_visited":["Exordium","TheCity","TheBeyond"],"potions_floor_usage":[7,14,22,33,33,33,39],"damage_taken":[{"damage":0,"enemies":"Small Slimes","floor":1,"turns":1},{"damage":0,"enemies":"2 Louse","floor":2,"turns":1},{"damage":0,"enemies":"Jaw Worm","floor":3,"turns":1},{"damage":27,"enemies":"Lagavulin","floor":7,"turns":6},{"damage":20,"enemies":"3 Sentries","floor":14,"turns":4},{"damage":26,"enemies":"The Guardian","floor":16,"turns":6},{"damage":11,"enemies":"Shell Parasite","floor":18,"turns":4},{"damage":3,"enemies":"Spheric Guardian","floor":19,"turns":3},{"damage":16,"enemies":"Centurion and Healer","floor":20,"turns":3},{"damage":0,"enemies":"Snecko","floor":22,"turns":3},{"damage":16,"enemies":"Snake Plant","floor":27,"turns":2},{"damage":43,"enemies":"Collector","floor":33,"turns":8},{"damage":6,"enemies":"Orb Walker","floor":35,"turns":2},{"damage":40,"enemies":"3 Darklings","floor":37,"turns":3},{"damage":32,"enemies":"Jaw Worm Horde","floor":38,"turns":4},{"damage":6,"enemies":"Spire Growth","floor":39,"turns":2}],"seed_played":"3790504475849291436","potions_obtained":[{"floor":1,"key":"DistilledChaos"},{"floor":2,"key":"Strength Potion"},{"floor":3,"key":"GamblersBrew"},{"floor":19,"key":"Dexterity Potion"},{"floor":20,"key":"Strength Potion"},{"floor":27,"key":"Fire Potion"},{"floor":33,"key":"Energy Potion"}],"is_trial":false,"path_per_floor":["M","M","M","$","?","R","E","R","T","$","R","?","?","E","R","B",null,"M","M","M","?","M","R","$","R","T","M","R","?","$","?","R","B",null,"M","?","M","M","M"],"character_chosen":"DEFECT","items_purchased":["Sunder","Static Discharge","HandOfGreed+1"],"campfire_rested":3,"item_purchase_floors":[4,10,24],"current_hp_per_floor":[75,75,75,75,75,75,48,48,48,48,48,48,36,16,38,12,75,64,61,45,39,39,39,39,39,39,23,45,45,45,31,55,12,80,74,74,34,2,0,0],"gold":220,"neow_bonus":"THREE_ENEMY_KILL","is_daily":false,"chose_seed":false,"campfire_upgraded":5,"win_rate":0.0,"timestamp":1608795381,"path_taken":["M","M","M","$","?","R","E","R","T","$","R","?","?","E","R","BOSS","M","M","M","?","M","R","$","R","T","M","R","?","?","?","R","BOSS","M","?","M","?","M"],"items_purchased_type":["Card","Card","Card"],"build_version":"2020-12-13","purchased_purges":0,"victory":false,"max_hp_per_floor":[75,75,75,75,75,75,75,75,75,75,75,75,75,75,75,75,75,75,75,75,75,75,75,75,75,75,75,75,75,75,80,80,80,80,80,80,80,80,80,80],"card_choices":[{"not_picked":["Hologram","Ball Lightning"],"picked":"Force Field","floor":1},{"not_picked":["Steam","Sweeping Beam"],"picked":"Compile Driver","floor":2},{"not_picked":["Reprogram","Gash"],"picked":"Rainbow","floor":3},{"not_picked":["All For One","Cold Snap"],"picked":"Lockon","floor":7},{"not_picked":["Beam Cell+1","Scrape+1"],"picked":"Turbo","floor":14},{"not_picked":["Creative AI","Hyperbeam+1"],"picked":"Thunder Strike+1","floor":16},{"not_picked":[],"picked":"Hologram","floor":18},{"not_picked":[],"picked":"Rebound+1","floor":19},{"not_picked":[],"picked":"Beam Cell+1","floor":20},{"not_picked":[],"picked":"Gash+1","floor":22},{"not_picked":[],"picked":"Rebound+1","floor":27},{"not_picked":[],"picked":"Fission","floor":33},{"not_picked":[],"picked":"Chill","floor":35},{"not_picked":[],"picked":"Hologram+1","floor":37},{"not_picked":[],"picked":"Conserve Battery+1","floor":38}],"player_experience":66837,"relics_obtained":[{"floor":7,"key":"Pocketwatch"},{"floor":9,"key":"Molten Egg 2"},{"floor":14,"key":"Letter Opener"},{"floor":26,"key":"Mummified Hand"}],"event_choices":[{"cards_removed":["Strike_B"],"damage_healed":0,"gold_gain":0,"player_choice":"Card Removal","damage_taken":0,"max_hp_gain":0,"max_hp_loss":0,"event_name":"The Cleric","floor":5,"gold_loss":50},{"damage_healed":0,"gold_gain":0,"player_choice":"Ignored","damage_taken":0,"max_hp_gain":0,"max_hp_loss":0,"event_name":"Liars Game","floor":12,"gold_loss":0},{"damage_healed":0,"gold_gain":0,"player_choice":"Success","damage_taken":12,"relics_obtained":["Boot"],"max_hp_gain":0,"max_hp_loss":0,"event_name":"Scrap Ooze","floor":13,"gold_loss":0},{"damage_healed":0,"gold_gain":0,"player_choice":"Joined the Cult","damage_taken":6,"max_hp_gain":0,"max_hp_loss":0,"event_name":"Nest","floor":21,"gold_loss":0,"cards_obtained":["RitualDagger"]},{"damage_healed":0,"gold_gain":0,"player_choice":"Read","damage_taken":0,"max_hp_gain":0,"max_hp_loss":0,"event_name":"The Library","floor":29,"gold_loss":0,"cards_obtained":["Capacitor"]},{"damage_healed":0,"gold_gain":0,"player_choice":"Shed Blood","damage_taken":19,"max_hp_gain":5,"max_hp_loss":0,"event_name":"Forgotten Altar","floor":31,"gold_loss":0},{"cards_removed":["Strike_B"],"damage_healed":0,"gold_gain":0,"player_choice":"Offered Basic","damage_taken":0,"max_hp_gain":0,"max_hp_loss":0,"event_name":"Bonfire Elementals","floor":36,"gold_loss":0}],"is_beta":false,"boss_relics":[{"not_picked":["Runic Pyramid","FrozenCore"],"picked":"Busted Crown"},{"not_picked":["Sozu","Cursed Key"],"picked":"Philosopher\u0027s Stone"}],"items_purged_floors":[],"is_endless":false,"potions_floor_spawned":[1,2,3,19,20,27,33],"killed_by":"Spire Growth","ascension_level":1}}