{"host":"cjhtzh7tp54jdfyv","time":1608773669,"event":{"mods":["AchievementEnabler","BaseMod","Colored Map","Colored Powertips","Curses Come First","DeckTracker","Filter the Spire","Minty Spire (QoL Compilation)","RNG Fix","Relic Sorter","Relic Stats","StSLib","Waifu the Spire","ojb\u0027s Better Paths Mod","ojb\u0027s Info Mod"],"gold_per_floor":[114,389,403,414,26,58,58,83,83,83,83,83,110,130,130,201,201,220,233,243,254,280,314,314,341,341,341,341],"floor_reached":27,"playtime":1703,"items_purged":["Regret"],"score":592,"play_id":"d744b3d8-be5a-4f10-9792-9896296a7c23","local_time":"20201223203429","is_ascension_mode":true,"campfire_choices":[{"data":"Wraith Form v2","floor":7.0,"key":"SMITH"},{"floor":12.0,"key":"REST"},{"data":"Catalyst","floor":15.0,"key":"SMITH"},{"data":"After Image","floor":24,"key":"SMITH"}],"circlet_count":0,"master_deck":["AscendersBane","Strike_G","Strike_G","Strike_G","Strike_G","Defend_G","Defend_G","Defend_G","Defend_G","Defend_G","Survivor","Neutralize","Deadly Poison","Infinite Blades","Well Laid Plans","Corpse Explosion","Catalyst+1","Cloak And Dagger","Crippling Poison","Wraith Form v2+1","PiercingWail","Footwork","Well Laid Plans","Catalyst","Calculated Gamble","After Image+1","Escape Plan+1","Blade Dance+1","Cloak And Dagger+1","After Image"],"relics":["WristBlade","Orrery","Du-Vu Doll","Smiling Mask","Question Card","Coffee Dripper","Red Mask","Pen Nib","Potion Belt","Darkstone Periapt"],"acts_visited":["Exordium","TheCity"],"potions_floor_usage":[19,19,20,25,27],"damage_taken":[{"damage":0.0,"enemies":"Cultist","floor":1.0,"turns":5.0},{"damage":2.0,"enemies":"Jaw Worm","floor":3.0,"turns":5.0},{"damage":1.0,"enemies":"2 Louse","floor":4.0,"turns":4.0},{"damage":7.0,"enemies":"3 Sentries","floor":6.0,"turns":3.0},{"damage":47.0,"enemies":"Gremlin Nob","floor":8.0,"turns":5.0},{"damage":0.0,"enemies":"3 Sentries","floor":13.0,"turns":3.0},{"damage":15.0,"enemies":"Large Slime","floor":14.0,"turns":7.0},{"damage":4.0,"enemies":"Hexaghost","floor":16.0,"turns":9.0},{"damage":9,"enemies":"2 Thieves","floor":18,"turns":3},{"damage":2,"enemies":"Chosen","floor":19,"turns":5},{"damage":13,"enemies":"Centurion and Healer","floor":20,"turns":5},{"damage":2,"enemies":"Snecko","floor":21,"turns":6},{"damage":12,"enemies":"Masked Bandits","floor":22,"turns":2},{"damage":14,"enemies":"Slavers","floor":23,"turns":4},{"damage":1,"enemies":"Book of Stabbing","floor":25,"turns":5},{"damage":12,"enemies":"Shelled Parasite and Fungi","floor":27,"turns":2}],"seed_played":"-8805937111714229330","potions_obtained":[{"floor":1.0,"key":"Block Potion"},{"floor":8.0,"key":"PowerPotion"},{"floor":13.0,"key":"Regen Potion"},{"floor":18,"key":"SpeedPotion"},{"floor":19,"key":"SkillPotion"},{"floor":20,"key":"LiquidBronze"},{"floor":25,"key":"LiquidMemories"}],"is_trial":false,"path_per_floor":["M","?","M","M","$","E","R","E","T","?","?","R","E","M","R","B",null,"M","M","M","M","?","E","R","E","T","M"],"character_chosen":"THE_SILENT","items_purchased":["Orrery","Wraith Form v2"],"campfire_rested":1,"item_purchase_floors":[5,5],"current_hp_per_floor":[59,59,57,56,56,49,49,2,2,2,2,21,21,6,6,2,50,41,54,41,39,27,13,13,12,12,0,0],"gold":341,"neow_bonus":"BOSS_RELIC","is_daily":false,"chose_seed":false,"campfire_upgraded":3,"win_rate":0.0,"timestamp":1608773669,"path_taken":["M","?","M","M","$","E","R","E","T","?","?","R","E","M","R","BOSS","M","M","M","M","?","E","R","E","T","?"],"items_purchased_type":["Relic","Card"],"build_version":"2020-12-22","purchased_purges":1,"victory":false,"max_hp_per_floor":[66,66,66,66,66,66,66,66,66,66,66,66,66,66,66,66,66,66,66,66,66,66,66,66,66,66,66,66],"relic_stats":{"Darkstone Periapt":0,"counters":[16,73],"Pen Nib":[1],"Smiling Mask":0,"Question Card":9,"obtain_stats":[{"Du-Vu Doll":6,"Potion Belt":25,"Darkstone Periapt":26,"WristBlade":0,"Orrery":5,"Pen Nib":23,"Coffee Dripper":17,"Red Mask":22,"Smiling Mask":8,"Question Card":13,"Ring of the Snake":0},{"Du-Vu Doll":4,"Potion Belt":15,"Darkstone Periapt":15,"WristBlade":0,"Orrery":3,"Pen Nib":14,"Coffee Dripper":8,"Red Mask":13,"Smiling Mask":5,"Question Card":6,"Ring of the Snake":0},{"Du-Vu Doll":17,"Potion Belt":71,"Darkstone Periapt":71,"WristBlade":0,"Orrery":14,"Pen Nib":66,"Coffee Dripper":41,"Red Mask":62,"Smiling Mask":22,"Question Card":25,"Ring of the Snake":0}]},"card_choices":[{"not_picked":["Backflip","Bane"],"picked":"Deadly Poison","floor":1.0},{"not_picked":["PiercingWail","Caltrops"],"picked":"Infinite Blades","floor":3.0},{"not_picked":["Slice","Masterful Stab"],"picked":"Well Laid Plans","floor":4.0},{"not_picked":["Endless Agony","PiercingWail"],"picked":"Corpse Explosion","floor":5.0},{"not_picked":["Underhanded Strike","Cloak And Dagger"],"picked":"Catalyst","floor":5.0},{"not_picked":["Accuracy","Choke"],"picked":"Cloak And Dagger","floor":5.0},{"not_picked":["Concentrate","Deflect"],"picked":"Crippling Poison","floor":5.0},{"not_picked":["Calculated Gamble","Riddle With Holes"],"picked":"PiercingWail","floor":6.0},{"not_picked":["Dagger Spray","Poisoned Stab"],"picked":"Footwork","floor":8.0},{"not_picked":["Venomology","Dagger Spray"],"picked":"Catalyst","floor":13.0},{"not_picked":["Dagger Spray","PiercingWail","Masterful Stab"],"picked":"Calculated Gamble","floor":14.0},{"not_picked":["Doppelganger","Envenom","Storm of Steel"],"picked":"After Image","floor":16.0},{"not_picked":["Dodge and Roll","Dagger Throw","Sucker Punch","Outmaneuver"],"picked":"SKIP","floor":18},{"not_picked":["Prepared","Deadly Poison","Flying Knee"],"picked":"Escape Plan+1","floor":19},{"not_picked":["Riddle With Holes","Endless Agony+1","Poisoned Stab"],"picked":"Blade Dance+1","floor":20},{"not_picked":["Skewer","Reflex","Caltrops+1","Bane+1"],"picked":"SKIP","floor":21},{"not_picked":["Slice","Reflex","Well Laid Plans"],"picked":"Cloak And Dagger+1","floor":23},{"not_picked":["Well Laid Plans","Outmaneuver","Underhanded Strike+1"],"picked":"After Image","floor":25}],"player_experience":4374583,"relics_obtained":[{"floor":6.0,"key":"Du-Vu Doll"},{"floor":8.0,"key":"Smiling Mask"},{"floor":13.0,"key":"Question Card"},{"floor":22,"key":"Red Mask"},{"floor":23,"key":"Pen Nib"},{"floor":25,"key":"Potion Belt"},{"floor":26,"key":"Darkstone Periapt"}],"event_choices":[{"damage_healed":0.0,"max_hp_gain":0.0,"max_hp_loss":0.0,"gold_gain":275.0,"event_name":"Golden Shrine","player_choice":"Desecrate","floor":2.0,"gold_loss":0.0,"damage_taken":0.0,"cards_obtained":["Regret"]},{"damage_healed":0.0,"max_hp_gain":0.0,"max_hp_loss":0.0,"gold_gain":0.0,"event_name":"Golden Wing","player_choice":"Ignored","floor":10.0,"gold_loss":0.0,"damage_taken":0.0},{"damage_healed":0.0,"max_hp_gain":0.0,"max_hp_loss":0.0,"gold_gain":0.0,"cards_transformed":["Strike_G"],"event_name":"Transmorgrifier","player_choice":"Transformed","floor":11.0,"gold_loss":0.0,"damage_taken":0.0,"cards_obtained":["Well Laid Plans"]},{"damage_healed":0,"gold_gain":0,"player_choice":"Fought Bandits","damage_taken":0,"max_hp_gain":0,"max_hp_loss":0,"event_name":"Masked Bandits","floor":22,"gold_loss":0}],"is_beta":false,"boss_relics":[{"not_picked":["Sozu","Ectoplasm"],"picked":"Coffee Dripper"}],"items_purged_floors":[5],"is_endless":false,"potions_floor_spawned":[1,8,13,18,19,20,25],"killed_by":"Shelled Parasite and Fungi","ascension_level":20}}