{"host":"7tvb1em0d2fx72q7","time":1608780371,"event":{"mods":["BaseMod","Challenge The Spire","Minty Spire (QoL Compilation)","StSLib","everything is the same but u backflip on backflip"],"gold_per_floor":[116,116,140,5,5,32,49,63,63,92,109,122,122,5,5,81,81,81,6,6,6,6,6,6,6,6,6,6,6,6,6,6,6,6,6,6,6,6,6,6,6,6,6,6,6,6,6,6,6,6,6,6],"floor_reached":51,"playtime":6441,"items_purged":["Strike_G"],"score":1629,"play_id":"9a9c6762-0abc-40f8-8e3c-7b7348a632c0","local_time":"20201223222611","is_ascension_mode":true,"campfire_choices":[{"data":"Adrenaline","floor":13.0,"key":"SMITH"},{"floor":15.0,"key":"REST"},{"data":"Footwork","floor":24.0,"key":"SMITH"},{"data":"Bullet Time","floor":29.0,"key":"SMITH"},{"data":"Footwork","floor":32.0,"key":"SMITH"},{"floor":40.0,"key":"RECALL"},{"data":"Well Laid Plans","floor":44.0,"key":"SMITH"},{"floor":49.0,"key":"REST"}],"circlet_count":0,"master_deck":["AscendersBane","Strike_G+1","Defend_G+1","Defend_G+1","Defend_G+1","Defend_G+1","Defend_G+1","Survivor+1","Neutralize+1","Cloak And Dagger+1","Bouncing Flask+1","Bane+1","Footwork+1","Backflip+1","Poisoned Stab+1","Bouncing Flask+1","Adrenaline+1","Footwork+1","Leg Sweep+1","PiercingWail+1","Malaise+1","Caltrops+1","Backflip+1","Bullet Time+1","Wraith Form v2+1","Footwork+1","Well Laid Plans+1","PiercingWail+1"],"relics":["Ring of the Snake","NeowsBlessing","Tiny Chest","Dead Branch","Gambling Chip","Ninja Scroll","Ectoplasm","Meat on the Bone","Letter Opener","Thread and Needle","Empty Cage","Toy Ornithopter","Mark of the Bloom","Centennial Puzzle","Smiling Mask","Frozen Egg 2"],"acts_visited":["Exordium","TheCity","TheBeyond"],"potions_floor_usage":[51],"damage_taken":[{"damage":0.0,"enemies":"Small Slimes","floor":1.0,"turns":1.0},{"damage":0.0,"enemies":"Lagavulin","floor":6.0,"turns":1.0},{"damage":0.0,"enemies":"Jaw Worm","floor":7.0,"turns":1.0},{"damage":0.0,"enemies":"2 Louse","floor":8.0,"turns":3.0},{"damage":17.0,"enemies":"3 Sentries","floor":10.0,"turns":8.0},{"damage":0.0,"enemies":"Exordium Thugs","floor":11.0,"turns":4.0},{"damage":0.0,"enemies":"2 Fungi Beasts","floor":12.0,"turns":3.0},{"damage":18.0,"enemies":"Slime Boss","floor":16.0,"turns":9.0},{"damage":0.0,"enemies":"Spheric Guardian","floor":18.0,"turns":3.0},{"damage":1.0,"enemies":"Book of Stabbing","floor":23.0,"turns":7.0},{"damage":24.0,"enemies":"Slavers","floor":25.0,"turns":7.0},{"damage":0.0,"enemies":"Chosen","floor":27.0,"turns":3.0},{"damage":0.0,"enemies":"Shelled Parasite and Fungi","floor":28.0,"turns":2.0},{"damage":0.0,"enemies":"Snake Plant","floor":30.0,"turns":3.0},{"damage":0.0,"enemies":"3 Cultists","floor":31.0,"turns":3.0},{"damage":21.0,"enemies":"Automaton","floor":33.0,"turns":7.0},{"damage":0.0,"enemies":"Orb Walker","floor":35.0,"turns":1.0},{"damage":0.0,"enemies":"3 Darklings","floor":37.0,"turns":4.0},{"damage":20.0,"enemies":"Transient","floor":38.0,"turns":6.0},{"damage":3.0,"enemies":"Writhing Mass","floor":42.0,"turns":5.0},{"damage":20.0,"enemies":"Reptomancer","floor":46.0,"turns":8.0},{"damage":0.0,"enemies":"3 Darklings","floor":47.0,"turns":1.0},{"damage":0.0,"enemies":"Jaw Worm Horde","floor":48.0,"turns":6.0},{"damage":0.0,"enemies":"Donu and Deca","floor":50.0,"turns":7.0},{"damage":20,"enemies":"Time Eater","floor":51,"turns":8}],"seed_played":"-164202059864057683","potions_obtained":[{"floor":10.0,"key":"Ancient Potion"},{"floor":12.0,"key":"Explosive Potion"},{"floor":16.0,"key":"SpeedPotion"},{"floor":25.0,"key":"Energy Potion"},{"floor":30.0,"key":"BlessingOfTheForge"},{"floor":31.0,"key":"LiquidMemories"},{"floor":38.0,"key":"SteroidPotion"},{"floor":46.0,"key":"PowerPotion"},{"floor":48.0,"key":"DistilledChaos"}],"is_trial":false,"path_per_floor":["M","?","T","$","?","E","M","M","T","E","M","M","R","$","R","B",null,"M","?","T","?","?","E","R","E","T","M","M","R","M","M","R","B",null,"M","T","M","M","?","R","?","M","T","R","T","E","M","M","R","B","B"],"character_chosen":"THE_SILENT","items_purchased":["Bouncing Flask","Energy Potion","Footwork"],"campfire_rested":2,"item_purchase_floors":[4,4,14],"current_hp_per_floor":[59,39,39,39,39,39,39,39,39,22,22,22,22,22,41,23,55,55,55,55,55,55,54,54,42,42,42,42,42,42,42,42,33,58,58,58,58,43,43,43,43,40,40,40,40,20,20,20,20,20,0,0],"gold":6,"neow_bonus":"THREE_ENEMY_KILL","is_daily":false,"chose_seed":false,"campfire_upgraded":5,"win_rate":0.0,"timestamp":1608780371,"path_taken":["M","?","?","$","?","E","M","M","T","E","?","M","R","$","R","BOSS","M","?","?","?","?","E","R","E","T","M","M","R","?","M","R","BOSS","M","?","?","M","?","R","?","M","T","R","?","E","?","M","R","BOSS","BOSS"],"items_purchased_type":["Card","Potion","Card"],"build_version":"2020-12-22","purchased_purges":1,"victory":false,"max_hp_per_floor":[66,66,66,66,66,66,66,66,66,66,66,66,66,66,66,66,66,66,66,66,66,66,66,66,66,66,66,66,66,66,66,66,66,66,66,66,66,66,66,66,66,66,66,66,66,66,66,66,66,66,66,66],"card_choices":[{"not_picked":["Acrobatics","Eviscerate"],"picked":"Cloak And Dagger","floor":1.0},{"not_picked":["Dodge and Roll","Slice"],"picked":"Bane","floor":6.0},{"not_picked":["Endless Agony","Blade Dance"],"picked":"Footwork","floor":7.0},{"not_picked":["Deflect","Blade Dance"],"picked":"Backflip","floor":8.0},{"not_picked":["Caltrops","Blade Dance"],"picked":"Poisoned Stab","floor":10.0},{"not_picked":["Leg Sweep","Deflect"],"picked":"Bouncing Flask","floor":11.0},{"not_picked":["Noxious Fumes","Bouncing Flask"],"picked":"Adrenaline","floor":12.0},{"not_picked":["Glass Knife","Tools of the Trade"],"picked":"Envenom","floor":16.0},{"not_picked":["Acrobatics","Predator"],"picked":"Leg Sweep","floor":18.0},{"not_picked":["Calculated Gamble","PiercingWail+1"],"picked":"Caltrops+1","floor":23.0},{"not_picked":["Dagger Throw","Sucker Punch+1","Underhanded Strike"],"picked":"SKIP","floor":25.0},{"not_picked":["Outmaneuver","Poisoned Stab"],"picked":"Backflip","floor":27.0},{"not_picked":["Acrobatics","Sucker Punch"],"picked":"Bullet Time","floor":28.0},{"not_picked":["Dash","Eviscerate","All Out Attack"],"picked":"SKIP","floor":30.0},{"not_picked":["Escape Plan","Underhanded Strike","Heel Hook"],"picked":"SKIP","floor":31.0},{"not_picked":["Grand Finale","Doppelganger"],"picked":"Wraith Form v2","floor":33.0},{"not_picked":["All Out Attack","Flying Knee"],"picked":"Footwork","floor":35.0},{"not_picked":["Heel Hook","Prepared","Dagger Spray+1"],"picked":"SKIP","floor":37.0},{"not_picked":["Sucker Punch+1","Choke+1","Flechettes"],"picked":"SKIP","floor":38.0},{"not_picked":["Deadly Poison","Acrobatics+1"],"picked":"Well Laid Plans","floor":42.0},{"not_picked":["Endless Agony","Outmaneuver","Sucker Punch"],"picked":"SKIP","floor":46.0},{"not_picked":["Outmaneuver","Endless Agony+1","Reflex"],"picked":"SKIP","floor":47.0},{"not_picked":["Deflect","Slice+1"],"picked":"PiercingWail+1","floor":48.0}],"player_experience":1879974,"relics_obtained":[{"floor":3.0,"key":"Tiny Chest"},{"floor":6.0,"key":"Dead Branch"},{"floor":9.0,"key":"Gambling Chip"},{"floor":10.0,"key":"Ninja Scroll"},{"floor":20.0,"key":"Meat on the Bone"},{"floor":23.0,"key":"Letter Opener"},{"floor":25.0,"key":"Thread and Needle"},{"floor":36.0,"key":"Toy Ornithopter"},{"floor":43.0,"key":"Centennial Puzzle"},{"floor":45.0,"key":"Smiling Mask"},{"floor":46.0,"key":"Frozen Egg 2"}],"event_choices":[{"damage_healed":0.0,"max_hp_gain":0.0,"max_hp_loss":0.0,"gold_gain":0.0,"event_name":"Shining Light","player_choice":"Entered Light","floor":2.0,"gold_loss":0.0,"damage_taken":20.0,"cards_upgraded":["Defend_G","Defend_G"]},{"damage_healed":0.0,"max_hp_gain":0.0,"max_hp_loss":0.0,"gold_gain":0.0,"event_name":"Living Wall","player_choice":"Grow","floor":5.0,"gold_loss":0.0,"damage_taken":0.0,"cards_upgraded":["Neutralize"]},{"cards_removed":["Strike_G"],"damage_healed":0.0,"max_hp_gain":0.0,"max_hp_loss":0.0,"gold_gain":0.0,"event_name":"Beggar","player_choice":"Gave Gold","floor":19.0,"gold_loss":75.0,"damage_taken":0.0},{"damage_healed":0.0,"max_hp_gain":0.0,"max_hp_loss":0.0,"gold_gain":0.0,"event_name":"The Library","player_choice":"Read","floor":21.0,"gold_loss":0.0,"damage_taken":0.0,"cards_obtained":["PiercingWail"]},{"damage_healed":0.0,"max_hp_gain":0.0,"max_hp_loss":0.0,"gold_gain":0.0,"event_name":"Match and Keep!","player_choice":"1 cards matched","floor":22.0,"gold_loss":0.0,"damage_taken":0.0,"cards_obtained":["Malaise"]},{"damage_healed":0.0,"max_hp_gain":0.0,"max_hp_loss":0.0,"gold_gain":0.0,"event_name":"MindBloom","player_choice":"Upgrade","floor":39.0,"gold_loss":0.0,"damage_taken":0.0,"cards_upgraded":["Strike_G","Defend_G","Defend_G","Defend_G","Survivor","Cloak And Dagger","Bouncing Flask","Bane","Backflip","Poisoned Stab","Bouncing Flask","Envenom","Leg Sweep","PiercingWail","Malaise","Backflip","Wraith Form v2","Footwork"],"relics_obtained":["Mark of the Bloom"]},{"cards_removed":["Envenom"],"damage_healed":0.0,"max_hp_gain":0.0,"max_hp_loss":0.0,"gold_gain":0.0,"event_name":"Falling","player_choice":"Removed Power","floor":41.0,"gold_loss":0.0,"damage_taken":0.0}],"is_beta":false,"boss_relics":[{"not_picked":["Runic Pyramid","Velvet Choker"],"picked":"Ectoplasm"},{"not_picked":["Coffee Dripper","Black Star"],"picked":"Empty Cage"}],"items_purged_floors":[14],"is_endless":false,"potions_floor_spawned":[10,12,16,23,25,30,31,33,37,38,46,48],"killed_by":"Time Eater","ascension_level":20}}