{"host":"gk9qdtkqd8dwfeg2","time":1608812515,"event":{"mods":["Aspiration","BaseMod","Colored Powertips","HumanHunterMod(π÷ŒÔ…±»Àmod)","Minty Spire (QoL Compilation)","Quick Restart","Replay The Spire","Shop Mod","StSLib","TestMod","The Servant 0.9.4","Waifu the Spire"],"gold_per_floor":[117,44,44,57,57,87,87,102,102,102,130,130,140,158,158,261,261,276,294,46,46,46],"floor_reached":21,"playtime":577,"items_purged":[],"score":225,"play_id":"b2c9d3bf-0da5-4006-a156-71d6d1619ecf","local_time":"20201224202155","is_ascension_mode":true,"campfire_choices":[{"data":"Body Slam","floor":7,"key":"SMITH"},{"data":"Dark Embrace","floor":10,"key":"SMITH"},{"data":"Dark Embrace","floor":12,"key":"SMITH"},{"data":"Flex","floor":15,"key":"SMITH"}],"circlet_count":0,"master_deck":["Bash","Whirlwind+1","Dark Embrace+1","Impervious","Barricade","Shockwave","Demonic Infusion","Burning Pact","ReplayTheSpireMod:Stacked","Uppercut","True Grit","Clash"],"relics":["Burning Blood","testmod-TestBox","testmod-ObsoleteBoomerang","NeowsBlessing","Gremlin Horn","Pandora\u0027s Box","Sundial"],"acts_visited":["Exordium","TheCity"],"potions_floor_usage":[],"damage_taken":[{"damage":0,"enemies":"2 Louse","floor":1,"turns":1},{"damage":0,"enemies":"Cultist","floor":4,"turns":1},{"damage":0,"enemies":"Lagavulin","floor":6,"turns":1},{"damage":6,"enemies":"Jaw Worm","floor":8,"turns":3},{"damage":38,"enemies":"3 Sentries","floor":11,"turns":8},{"damage":12,"enemies":"Looter","floor":13,"turns":3},{"damage":0,"enemies":"Exordium Wildlife","floor":14,"turns":1},{"damage":29,"enemies":"Fading Forest","floor":16,"turns":11},{"damage":50,"enemies":"2 Thieves","floor":18,"turns":4},{"damage":0,"enemies":"3 Byrds","floor":19,"turns":3},{"damage":24,"enemies":"Cultist and Chosen","floor":21,"turns":5}],"seed_played":"-8357730320807309691","potions_obtained":[{"floor":1,"key":"BloodPotion"},{"floor":8,"key":"Elixir"},{"floor":13,"key":"Fire Potion"},{"floor":14,"key":"ElixirPotion"},{"floor":16,"key":"FairyPotion"},{"floor":19,"key":"PowerPotion"}],"is_trial":false,"path_per_floor":["M","$","?","M","?","E","R","M","T","R","E","R","M","M","R","B",null,"M","M","$","M"],"character_chosen":"IRONCLAD","items_purchased":["Dark Embrace","Sundial"],"campfire_rested":0,"item_purchase_floors":[2,20],"current_hp_per_floor":[80,80,80,80,80,80,80,80,80,80,48,48,58,64,64,41,80,36,42,42,18,18],"gold":46,"neow_bonus":"THREE_ENEMY_KILL","is_daily":false,"chose_seed":false,"campfire_upgraded":4,"win_rate":0.0,"timestamp":1608812515,"path_taken":["M","$","?","?","?","E","R","M","T","R","E","R","M","M","R","BOSS","M","?","$","M"],"items_purchased_type":["Card","Relic"],"build_version":"2020-12-22","purchased_purges":0,"victory":false,"max_hp_per_floor":[80,80,80,80,80,80,80,80,80,80,80,80,80,80,80,80,80,80,80,80,80,80],"card_choices":[{"not_picked":["Headbutt","Heavy Blade"],"picked":"Whirlwind","floor":1},{"not_picked":["ReplayTheSpireMod:Strike From Hell","Headbutt"],"picked":"Dark Embrace","floor":4},{"not_picked":["True Grit","Disarm"],"picked":"Body Slam","floor":6},{"not_picked":["ReplayTheSpireMod:Strike From Hell","Rage","Flex"],"picked":"SKIP","floor":8},{"not_picked":["Infernal Blade","Replay:Undeath\u0027s Touch"],"picked":"Impervious","floor":11},{"not_picked":["Dark Embrace","Heavy Blade"],"picked":"Flex","floor":13},{"not_picked":["Dark Embrace","True Grit","Sword Boomerang"],"picked":"SKIP","floor":14},{"not_picked":["Replay:Many Hands","Brutality"],"picked":"Barricade","floor":16},{"not_picked":["True Grit+1","Headbutt+1","Carnage+1"],"picked":"SKIP","floor":18},{"not_picked":["Clash+1","Shrug It Off","Whirlwind"],"picked":"SKIP","floor":19}],"player_experience":551325,"relics_obtained":[{"floor":6,"key":"Gremlin Horn"}],"event_choices":[{"cards_removed":["Strike_R"],"damage_healed":0,"gold_gain":0,"player_choice":"Card Removal","damage_taken":0,"max_hp_gain":0,"max_hp_loss":0,"event_name":"Wheel of Change","floor":3,"gold_loss":0},{"damage_healed":0,"gold_gain":0,"player_choice":"Upgraded","damage_taken":0,"max_hp_gain":0,"max_hp_loss":0,"event_name":"Upgrade Shrine","floor":5,"gold_loss":0,"cards_upgraded":["Whirlwind"]}],"is_beta":false,"boss_relics":[{"not_picked":["Snecko Eye","ChewingGum"],"picked":"Pandora\u0027s Box"}],"items_purged_floors":[],"is_endless":false,"potions_floor_spawned":[1,8,13,14,16,19],"killed_by":"Cultist and Chosen","ascension_level":1}}