{"host":"zh06ha8197vgjo02","time":1608784243,"event":{"mods":["AchievementEnabler","Arknights The Spire","BaseMod","Better Skull","CapriCore","DeckTracker","GifTheSpireLib","Hermit","Koishi","Marisa£¨Ùöéë¡¡Øª×âÞÞ£©","Minty Spire (QoL Compilation)","Reimu£¨ÚÏ???£©","StSLib","SuperFastMode","Td1madao Mod","The Cursed","The Immortal","TheBandit","WarShipGirlsR/??á´Ò³R mod"],"gold_per_floor":[110,60,135,152,163,191,191,225,275,294,294,309,319,353,353,457,457,474,474,347,357,347,373,373,402,402,435,453,466,466,466,466,568,568,583,583,595,443,463,463,480,513,513,25,25,60,78,110,110,110],"floor_reached":51,"playtime":4219,"items_purged":["Koishi:BasicDefend"],"score":1090,"play_id":"e1f4a0f1-44a5-4c93-914f-8f87ed9c02d7","local_time":"20201224133043","is_ascension_mode":true,"campfire_choices":[{"data":"Koishi:Provoke","floor":7,"key":"SMITH"},{"data":"Koishi:Untouchable","floor":11,"key":"SMITH"},{"data":"Koishi:GhostParty","floor":15,"key":"SMITH"},{"data":"Koishi:VengefulSpirit","floor":30,"key":"SMITH"},{"data":"Koishi:Possession","floor":32,"key":"SMITH"},{"data":"Koishi:ReleaseOfTheId","floor":40,"key":"SMITH"},{"data":"Koishi:Prune","floor":45,"key":"SMITH"},{"data":"Koishi:FreudianInstinct","floor":49,"key":"SMITH"}],"circlet_count":0,"master_deck":["Koishi:BasicStrike","Koishi:BasicStrike+1","Koishi:BasicDefend","Koishi:BasicDefend","Koishi:BasicDefend","Koishi:Provoke+1","Koishi:HauntingSlash","Koishi:JumpScare","Koishi:HeartAttack+1","Koishi:SubterraneanRose","Koishi:Untouchable+1","Koishi:GhostParty+1","Koishi:Possession+1","Koishi:FadingMemory","CurseOfTheBell","Koishi:FreudianInstinct+1","Koishi:VengefulSpirit+1","Koishi:SubterraneanRose","J.A.X.","Koishi:GrowingPain","Koishi:ReleaseOfTheId+1","Panache","Panache","Koishi:Prune+1"],"relics":["Koishi:ImaginaryFriend","Smiling Mask","Bottled Lightning","Oddly Smooth Stone","Orichalcum","Whetstone","Calling Bell","Bag of Preparation","Singing Bowl","PureWhite:ReiMu","Mango","Toy Ornithopter","Koishi:EchoesOfADeadGirl","Art of War","Busted Crown","Calipers","TheAbacus","Bottled Flame","Mastiff:ReiMu","DollysMirror","Bottled Tornado","Omamori"],"acts_visited":["Exordium","TheCity","TheBeyond"],"potions_floor_usage":[6,8,23,23,27,27,42,42,50,50],"damage_taken":[{"damage":0.0,"enemies":"2 Louse","floor":1.0,"turns":4.0},{"damage":5,"enemies":"Small Slimes","floor":4,"turns":5},{"damage":6,"enemies":"Cultist","floor":5,"turns":3},{"damage":10,"enemies":"Gremlin Nob","floor":6,"turns":4},{"damage":13,"enemies":"Lagavulin","floor":8,"turns":6},{"damage":1,"enemies":"3 Louse","floor":10,"turns":4},{"damage":0,"enemies":"Large Slime","floor":12,"turns":15},{"damage":0,"enemies":"Blue Slaver","floor":13,"turns":5},{"damage":0,"enemies":"Gremlin Nob","floor":14,"turns":7},{"damage":0,"enemies":"The Guardian","floor":16,"turns":12},{"damage":0,"enemies":"Spheric Guardian","floor":18,"turns":5},{"damage":0,"enemies":"Shell Parasite","floor":21,"turns":6},{"damage":0,"enemies":"Gremlin Leader","floor":23,"turns":10},{"damage":0,"enemies":"Book of Stabbing","floor":25,"turns":5},{"damage":11,"enemies":"Slavers","floor":27,"turns":4},{"damage":2,"enemies":"3 Cultists","floor":28,"turns":7},{"damage":15,"enemies":"Sentry and Sphere","floor":29,"turns":7},{"damage":0,"enemies":"Automaton","floor":33,"turns":9},{"damage":0,"enemies":"3 Shapes","floor":35,"turns":7},{"damage":9,"enemies":"Orb Walker","floor":37,"turns":4},{"damage":0,"enemies":"Maw","floor":39,"turns":11},{"damage":11,"enemies":"Spire Growth","floor":41,"turns":5},{"damage":0,"enemies":"Reptomancer","floor":42,"turns":8},{"damage":0,"enemies":"Giant Head","floor":46,"turns":8},{"damage":0,"enemies":"4 Shapes","floor":47,"turns":4},{"damage":39,"enemies":"Nemesis","floor":48,"turns":6},{"damage":1,"enemies":"Donu and Deca","floor":50,"turns":7}],"seed_played":"7080047710814080257","potions_obtained":[{"floor":1.0,"key":"GrandPatriotsElixir:ReiMu"},{"floor":5,"key":"Block Potion"},{"floor":12,"key":"GamblersBrew"},{"floor":13,"key":"SkillPotion"},{"floor":21,"key":"SkillPotion"},{"floor":23,"key":"Block Potion"},{"floor":25,"key":"DistilledChaos"},{"floor":33,"key":"Dexterity Potion"},{"floor":37,"key":"Fire Potion"},{"floor":41,"key":"SpeedPotion"},{"floor":46,"key":"ZuzhouPotion:ReiMu"},{"floor":47,"key":"GamblersBrew"}],"is_trial":false,"path_per_floor":["M","?","?","M","M","E","R","E","T","M","R","M","M","E","R","B",null,"M","?","$","M","?","E","?","E","T","E","M","M","R","?","R","B",null,"M","?","M","$","M","R","M","E","T","$","R","E","M","E","R","B",null],"character_chosen":"KOISHI","items_purchased":["Koishi:FreudianInstinct","TheAbacus","Panache","DollysMirror","CultistPotion","Koishi:Prune"],"campfire_rested":0,"item_purchase_floors":[20,38,44,44,44,44],"current_hp_per_floor":[60,60,54,53,49,43,43,32,32,34,34,34,37,40,40,46,60,62,62,62,64,68,84,68,70,70,74,77,62,62,62,62,62,93,95,95,89,89,97,97,90,101,101,101,101,103,105,71,71,80],"gold":110,"neow_bonus":"RANDOM_COMMON_RELIC","is_daily":false,"chose_seed":false,"campfire_upgraded":8,"win_rate":0.0,"timestamp":1608784243,"path_taken":["M","?","?","?","M","E","R","E","T","M","R","M","M","E","R","BOSS","M","?","$","M","?","E","?","E","T","E","M","?","R","?","R","BOSS","M","?","M","$","M","R","M","E","T","?","R","E","M","E","R","BOSS"],"items_purchased_type":["Card","Relic","Card","Relic","Potion","Card"],"build_version":"2020-12-22","purchased_purges":1,"victory":true,"max_hp_per_floor":[60,60,60,60,60,60,60,60,60,60,60,60,60,60,60,60,60,62,62,62,64,68,84,89,89,89,91,93,93,93,93,93,93,93,95,95,95,95,97,97,99,101,101,101,101,103,105,107,107,107],"card_choices":[{"not_picked":["Koishi:Catatonia","Koishi:BloodcurdlingScream"],"picked":"Koishi:JumpScare","floor":1.0},{"not_picked":["Koishi:PhantomBarrier","Koishi:DreadfulBlow"],"picked":"Koishi:HeartAttack","floor":4},{"not_picked":["Koishi:HeartStoppingHorror","Koishi:PredatoryInstincts","Koishi:ParalyzingFear"],"picked":"SKIP","floor":5},{"not_picked":["Koishi:UnansweredLove","Koishi:RacingHeart"],"picked":"Koishi:SubterraneanRose","floor":6},{"not_picked":["Koishi:SprinkleStarAndHeart","Koishi:BloodcurdlingScream"],"picked":"Koishi:Untouchable","floor":8},{"not_picked":["Koishi:Prune","Koishi:BloodcurdlingScream"],"picked":"Koishi:GhostParty","floor":10},{"not_picked":["Koishi:PredatoryInstincts","Koishi:BloodcurdlingScream"],"picked":"Koishi:Possession","floor":12},{"not_picked":["Koishi:PhantomBarrier","Koishi:Jaunt","Koishi:DreadfulBlow"],"picked":"SKIP","floor":13},{"not_picked":["Koishi:BramblyRoseGarden","Koishi:FormlessExistence","Koishi:EmbryosDream"],"picked":"SKIP","floor":14},{"not_picked":["Koishi:ConfinedInnocent","Koishi:MentalBreakdown"],"picked":"Koishi:FadingMemory","floor":16},{"not_picked":["Koishi:PhantomStrike","Koishi:EmbryosDream+1","Koishi:BramblyRoseGarden"],"picked":"Singing Bowl","floor":18},{"not_picked":["Koishi:PredatoryInstincts","Koishi:JumpScare","Koishi:StingingMind"],"picked":"Singing Bowl","floor":21},{"not_picked":["Koishi:PhantomBarrier"],"picked":"Singing Bowl","floor":22},{"not_picked":["Koishi:SuperEgo"],"picked":"Singing Bowl","floor":22},{"not_picked":["Koishi:FreudianInstinct","Koishi:RoseHell","Koishi:Untouchable"],"picked":"Singing Bowl","floor":23},{"not_picked":["Koishi:StrangeCloudFist","Koishi:JumpScare"],"picked":"Koishi:VengefulSpirit","floor":25},{"not_picked":["Koishi:CatchAndRose","Koishi:PhantomStrike","Koishi:PhantomBarrier"],"picked":"Singing Bowl","floor":27},{"not_picked":["Koishi:ReflexRadar","Koishi:Whimsy","Koishi:Catatonia+1"],"picked":"Singing Bowl","floor":28},{"not_picked":["Koishi:Prune","Koishi:PhantomStrike"],"picked":"Koishi:SubterraneanRose","floor":29},{"not_picked":["Koishi:PerfectMindControl","Koishi:MentalBreakdown"],"picked":"Koishi:GrowingPain","floor":33},{"not_picked":["Koishi:HeartfeltFancy"],"picked":"Singing Bowl","floor":35},{"not_picked":[],"picked":"Koishi:ReleaseOfTheId","floor":37},{"not_picked":["Koishi:UnansweredLove+1"],"picked":"Singing Bowl","floor":39},{"not_picked":["Koishi:HeartfeltFancy+1"],"picked":"Singing Bowl","floor":41},{"not_picked":["Koishi:BloodcurdlingScream"],"picked":"Singing Bowl","floor":42},{"not_picked":["Koishi:UnansweredLove"],"picked":"Singing Bowl","floor":46},{"not_picked":["Koishi:PhantomBarrier+1"],"picked":"Singing Bowl","floor":47},{"not_picked":["Koishi:Ego"],"picked":"Singing Bowl","floor":48}],"player_experience":731478,"relics_obtained":[{"floor":6,"key":"Bottled Lightning"},{"floor":8,"key":"Oddly Smooth Stone"},{"floor":9,"key":"Orichalcum"},{"floor":14,"key":"Whetstone"},{"floor":17,"key":"Bag of Preparation"},{"floor":17,"key":"Singing Bowl"},{"floor":17,"key":"PureWhite:ReiMu"},{"floor":23,"key":"Mango"},{"floor":25,"key":"Toy Ornithopter"},{"floor":26,"key":"Koishi:EchoesOfADeadGirl"},{"floor":27,"key":"Art of War"},{"floor":42,"key":"Bottled Flame"},{"floor":43,"key":"Mastiff:ReiMu"},{"floor":46,"key":"Bottled Tornado"},{"floor":48,"key":"Omamori"}],"event_choices":[{"cards_removed":["Koishi:BasicStrike"],"damage_healed":0.0,"max_hp_gain":0.0,"max_hp_loss":0.0,"gold_gain":0.0,"event_name":"The Cleric","player_choice":"Card Removal","floor":2.0,"gold_loss":50.0,"damage_taken":0.0},{"damage_healed":0,"gold_gain":75,"player_choice":"Touch","damage_taken":6,"max_hp_gain":0,"max_hp_loss":0,"event_name":"FaceTrader","floor":3,"gold_loss":0},{"cards_removed":["Koishi:BasicStrike"],"damage_healed":0,"gold_gain":0,"player_choice":"Elegance","damage_taken":0,"max_hp_gain":0,"max_hp_loss":0,"event_name":"Back to Basics","floor":19,"gold_loss":0},{"damage_healed":0,"gold_gain":0,"player_choice":"Shed Blood","damage_taken":21,"max_hp_gain":5,"max_hp_loss":0,"event_name":"Forgotten Altar","floor":24,"gold_loss":0},{"damage_healed":0,"gold_gain":0,"player_choice":"Obtain J.A.X.","damage_taken":0,"max_hp_gain":0,"max_hp_loss":0,"event_name":"Drug Dealer","floor":31,"gold_loss":0,"cards_obtained":["J.A.X."]},{"damage_healed":0,"gold_gain":0,"player_choice":"Gave Potion","damage_taken":0,"relics_obtained":["Calipers"],"max_hp_gain":0,"max_hp_loss":0,"event_name":"WeMeetAgain","floor":36,"gold_loss":0}],"is_beta":false,"boss_relics":[{"not_picked":["Runic Pyramid","Coffee Dripper"],"picked":"Calling Bell"},{"not_picked":["Philosopher\u0027s Stone","SacredBark"],"picked":"Busted Crown"}],"items_purged_floors":[20],"is_endless":false,"potions_floor_spawned":[1,5,12,13,21,23,25,33,37,41,46,47],"ascension_level":1}}