{"host":"g8cjtrzc5lau3ahr","time":1608775317,"event":{"mods":["2.2 Compatiblity","AchievementEnabler","Act Like it!","BaseMod","BetterRewards","CapriCore","Card Forge","Colored Map","Downfall","Friendly Minions","GifTheSpireLib","HexUI Lib","Infinite Spire","Ironclad Rager","Jedi Mod","Minty Spire (QoL Compilation)","Relic Stats","Retaliation","Shedinja","Shop Mod","StSLib","Stuff the Spire","The Alterego","TheVelvet"],"gold_per_floor":[99,113,213,50,50,35,35,49,84,9,25,42,218,236,251,356,356,281,295,295,295],"floor_reached":19,"playtime":1616,"items_purged":[],"score":268,"play_id":"89b8f9fd-37a7-42ec-8819-e01215f28396","local_time":"20201223200157","is_ascension_mode":true,"campfire_choices":[{"floor":1,"key":"RECALL"},{"floor":10,"key":"REST"},{"floor":18,"key":"REST"}],"circlet_count":0,"master_deck":["Slimebound:Defend_Slimebound+1","Slimebound:Defend_Slimebound+1","Slimebound:Defend_Slimebound+1","Slimebound:Split+1","Slimebound:SamplingLick+1","Slimebound:LeechEnergy+1","Slimebound:MegaLick+1","Slimebound:OneTwoCombo+1","Slimebound:RejuvenatingLick+1","Slimebound:TongueLash+1","Slimebound:SamplingLick+1","Slimebound:Nibble+1","Slimebound:ItLooksTasty+1","Slimebound:Gluttony+1","Slimebound:SamplingLick+1","Slimebound:Schlurp+1","Slimebound:OozeBath+1","Slimebound:LeechEnergy+1","Slimebound:PressTheAttack+1","Slimebound:WasteNot+1","Slimebound:HauntingLick+1","Slimebound:MegaLick+1","Slimebound:RejuvenatingLick+1","Slimebound:SamplingLick+1"],"relics":["Slimebound:AbsorbEndCombat","Hammer of Thor","Seething Fire","Anvil of the Gods","Bronze Scales","Slimebound:AggressiveSlimeRelic","infinitespire:BottledMercury","White Beast Statue","Guardian:PocketSentry","downfall:HeartBlessingRed","MerchantsRug","Philosopher\u0027s Stone","downfall:HeartBlessingGreen"],"acts_visited":["Exordium","TheCity"],"potions_floor_usage":[13,13,16,19,19],"damage_taken":[{"damage":8,"enemies":"Small Slimes","floor":2,"turns":3},{"damage":8,"enemies":"downfall:FleeingMerchant","floor":4,"turns":4},{"damage":18,"enemies":"downfall:FleeingMerchant","floor":6,"turns":4},{"damage":4,"enemies":"Jaw Worm","floor":8,"turns":2},{"damage":12,"enemies":"Lagavulin","floor":9,"turns":2},{"damage":12,"enemies":"Cultist","floor":11,"turns":1},{"damage":4,"enemies":"Exordium Thugs","floor":12,"turns":2},{"damage":22,"enemies":"downfall:FleeingMerchant","floor":13,"turns":3},{"damage":4,"enemies":"Exordium Wildlife","floor":14,"turns":1},{"damage":12,"enemies":"Large Slime","floor":15,"turns":2},{"damage":21,"enemies":"downfall:Silent","floor":16,"turns":3},{"damage":24,"enemies":"3 Byrds","floor":19,"turns":1}],"seed_played":"-5875362311738004610","potions_obtained":[{"floor":2,"key":"champ:CounterPotion"},{"floor":8,"key":"LiquidMemories"},{"floor":9,"key":"PowerPotion"},{"floor":11,"key":"Explosive Potion"},{"floor":13,"key":"Energy Potion"},{"floor":14,"key":"Explosive Potion"},{"floor":16,"key":"Slimebound:SlimyTonguePotion"},{"floor":19,"key":"Block Potion"}],"is_trial":false,"path_per_floor":["R","M","?","$","?","$","T","M","E","R","M","M","$","M","M","B",null,"R","M"],"character_chosen":"SLIMEBOUND","items_purchased":["Slimebound:AggressiveSlimeRelic","MerchantsRug"],"campfire_rested":2,"item_purchase_floors":[4,13],"current_hp_per_floor":[60,60,60,60,60,58,58,60,60,60,60,60,52,60,60,55,59,60,48,48,48],"gold":295,"neow_bonus":"RANDOM_COMMON_RELIC","is_daily":false,"chose_seed":false,"campfire_upgraded":0,"win_rate":0.0,"timestamp":1608775317,"path_taken":["R","M","?","$","?","?","T","?","E","R","M","M","$","M","M","BOSS","R","M"],"items_purchased_type":["Relic","Relic"],"build_version":"2020-12-22","purchased_purges":0,"victory":false,"max_hp_per_floor":[60,60,60,60,60,60,60,60,60,60,60,60,60,60,60,60,60,60,60,60,60],"relic_stats":{"counters":[12,26],"Bronze Scales":[78],"obtain_stats":[{"Slimebound:AggressiveSlimeRelic":4,"infinitespire:BottledMercury":5,"MerchantsRug":13,"downfall:HeartBlessingRed":10,"downfall:HeartBlessingGreen":18,"Hammer of Thor":0,"Guardian:PocketSentry":9,"Seething Fire":0,"White Beast Statue":7,"Anvil of the Gods":0,"Bronze Scales":0,"Philosopher\u0027s Stone":17,"Slimebound:AbsorbEndCombat":0},{"Slimebound:AggressiveSlimeRelic":2,"infinitespire:BottledMercury":2,"MerchantsRug":8,"downfall:HeartBlessingRed":5,"downfall:HeartBlessingGreen":11,"Hammer of Thor":0,"Guardian:PocketSentry":5,"Seething Fire":0,"White Beast Statue":3,"Anvil of the Gods":0,"Bronze Scales":0,"Philosopher\u0027s Stone":11,"Slimebound:AbsorbEndCombat":0},{"Slimebound:AggressiveSlimeRelic":6,"infinitespire:BottledMercury":6,"MerchantsRug":19,"downfall:HeartBlessingRed":13,"downfall:HeartBlessingGreen":25,"Hammer of Thor":0,"Guardian:PocketSentry":13,"Seething Fire":0,"White Beast Statue":10,"Anvil of the Gods":0,"Bronze Scales":0,"Philosopher\u0027s Stone":25,"Slimebound:AbsorbEndCombat":0}]},"card_choices":[{"not_picked":["Slimebound:ItLooksTasty","Slimebound:DisruptingSlam"],"picked":"Slimebound:SamplingLick","floor":2},{"not_picked":["Slimebound:PressTheAttack","Slimebound:FinishingTackle","Slimebound:Repurpose"],"picked":"SKIP","floor":4},{"not_picked":["Slimebound:FormOfPuddle","Slimebound:ProtectTheBoss"],"picked":"Slimebound:DisruptingSlam","floor":6},{"not_picked":["Slimebound:Dissolve","Slimebound:LeadByExample"],"picked":"Slimebound:SamplingLick","floor":8},{"not_picked":["Slimebound:ForwardTackle","Slimebound:Grow"],"picked":"Slimebound:Schlurp","floor":9},{"not_picked":["Slimebound:HauntingLick","Slimebound:Dissolve"],"picked":"Slimebound:OozeBath","floor":11},{"not_picked":["Slimebound:SlimeSpikes","Slimebound:SlimeBrawl","Slimebound:FlameTackle"],"picked":"SKIP","floor":12},{"not_picked":["Slimebound:TongueLash","Slimebound:RollThrough","Slimebound:AcidTongue"],"picked":"SKIP","floor":13},{"not_picked":["Slimebound:Schlurp","Slimebound:LevelUp"],"picked":"Slimebound:LeechEnergy","floor":14},{"not_picked":["Slimebound:ProtectTheBoss","Slimebound:Gluttony"],"picked":"Slimebound:PressTheAttack","floor":15},{"not_picked":["Slimebound:PrepareCrush","Slimebound:DuplicatedForm"],"picked":"Slimebound:WasteNot","floor":16},{"not_picked":["Slimebound:SplitBruiser","Slimebound:SplitAcid","Slimebound:SplitMire+1"],"picked":"SKIP","floor":19},{"not_picked":["Slimebound:SplitBruiser","Slimebound:SplitAcid","Slimebound:SplitMire+1"],"picked":"SKIP","floor":19}],"player_experience":460600,"relics_obtained":[{"floor":7,"key":"White Beast Statue"},{"floor":9,"key":"Guardian:PocketSentry"}],"event_choices":[],"is_beta":false,"boss_relics":[{"not_picked":["Astrolabe","jedi:hotpepper"],"picked":"Philosopher\u0027s Stone"}],"items_purged_floors":[],"is_endless":false,"potions_floor_spawned":[2,8,9,11,12,13,14,15,16,19],"killed_by":"3 Byrds","ascension_level":5}}