{"host":"bbjnqymry46jz0fa","time":1608823824,"event":{"mods":["BaseMod","DeckTracker","Minty Spire (QoL Compilation)","Quick Restart","StSLib","SuperFastMode"],"gold_per_floor":[114,264,313,313,327,361,95,95,95,37,56,56,111,124,124,200,200,220,220,220,252,269,269,284,17,17,52,52,87,87,34,34,105,105,120,120,138,128,153,181,227,227,253,9,9,35,50,66,66,66,66,66,66,27,62,62],"floor_reached":57,"playtime":2317,"items_purged":["Doubt","Strike_G","Strike_G"],"score":2884,"play_id":"bffb3836-bfaf-46fa-80ad-eab435685d68","local_time":"20201225003024","is_ascension_mode":true,"campfire_choices":[{"data":"Apotheosis","floor":8.0,"key":"SMITH"},{"floor":15.0,"key":"REST"},{"floor":23.0,"key":"REST"},{"floor":28.0,"key":"REST"},{"floor":30.0,"key":"REST"},{"floor":32.0,"key":"REST"},{"floor":42.0,"key":"REST"},{"floor":49.0,"key":"RECALL"},{"floor":53.0,"key":"REST"}],"circlet_count":0,"master_deck":["AscendersBane","Survivor","Neutralize","Dagger Spray","Acrobatics","Apotheosis+1","Backflip","Blade Dance","Dagger Throw","Cloak And Dagger","Burst","Accuracy","Terror+1","Adrenaline","Adrenaline","PiercingWail","PiercingWail","Wraith Form v2","Cloak And Dagger","Adrenaline","Blade Dance","Accuracy","Calculated Gamble","Finesse","Footwork+1"],"relics":["Ring of the Snake","NeowsBlessing","Dream Catcher","White Beast Statue","Meat on the Bone","Bronze Scales","Singing Bowl","Runic Pyramid","Red Mask","DollysMirror","Toy Ornithopter","Prayer Wheel","Empty Cage","Membership Card","Akabeko","Ginger","CaptainsWheel","Tough Bandages","MawBank","Bird Faced Urn","Eternal Feather","Pen Nib","HornCleat"],"acts_visited":["Exordium","TheCity","TheBeyond","TheEnding"],"potions_floor_usage":[56],"damage_taken":[{"damage":0.0,"enemies":"Small Slimes","floor":1.0,"turns":1.0},{"damage":0.0,"enemies":"Jaw Worm","floor":5.0,"turns":1.0},{"damage":0.0,"enemies":"Lagavulin","floor":6.0,"turns":1.0},{"damage":9.0,"enemies":"2 Louse","floor":11.0,"turns":3.0},{"damage":8.0,"enemies":"Lagavulin Event","floor":13.0,"turns":4.0},{"damage":1.0,"enemies":"Exordium Wildlife","floor":14.0,"turns":4.0},{"damage":42.0,"enemies":"Slime Boss","floor":16.0,"turns":9.0},{"damage":6.0,"enemies":"Chosen","floor":18.0,"turns":6.0},{"damage":44.0,"enemies":"Masked Bandits","floor":21.0,"turns":6.0},{"damage":6.0,"enemies":"Shell Parasite","floor":22.0,"turns":7.0},{"damage":8.0,"enemies":"Shelled Parasite and Fungi","floor":24.0,"turns":4.0},{"damage":24.0,"enemies":"Book of Stabbing","floor":27.0,"turns":6.0},{"damage":4.0,"enemies":"Gremlin Leader","floor":29.0,"turns":5.0},{"damage":53.0,"enemies":"Automaton","floor":33.0,"turns":10.0},{"damage":0.0,"enemies":"Orb Walker","floor":35.0,"turns":3.0},{"damage":6.0,"enemies":"3 Shapes","floor":37.0,"turns":4.0},{"damage":2.0,"enemies":"Mind Bloom Boss Battle","floor":39.0,"turns":6.0},{"damage":3.0,"enemies":"Nemesis","floor":40.0,"turns":5.0},{"damage":6.0,"enemies":"2 Orb Walkers","floor":41.0,"turns":4.0},{"damage":25.0,"enemies":"Giant Head","floor":46.0,"turns":8.0},{"damage":6.0,"enemies":"Transient","floor":47.0,"turns":6.0},{"damage":1.0,"enemies":"4 Shapes","floor":48.0,"turns":5.0},{"damage":3.0,"enemies":"Donu and Deca","floor":50.0,"turns":11.0},{"damage":101.0,"enemies":"Time Eater","floor":51.0,"turns":13.0},{"damage":11.0,"enemies":"Shield and Spear","floor":55.0,"turns":8.0},{"damage":96,"enemies":"The Heart","floor":56,"turns":12}],"seed_played":"-4885973766647904291","potions_obtained":[{"floor":1.0,"key":"CunningPotion"},{"floor":5.0,"key":"Energy Potion"},{"floor":13.0,"key":"SteroidPotion"},{"floor":14.0,"key":"CultistPotion"},{"floor":16.0,"key":"PowerPotion"},{"floor":18.0,"key":"Fruit Juice"},{"floor":21.0,"key":"SneckoOil"},{"floor":22.0,"key":"SpeedPotion"},{"floor":24.0,"key":"Poison Potion"},{"floor":27.0,"key":"Swift Potion"},{"floor":29.0,"key":"LiquidBronze"},{"floor":33.0,"key":"Poison Potion"},{"floor":35.0,"key":"CunningPotion"},{"floor":36.0,"key":"GhostInAJar"},{"floor":41.0,"key":"FearPotion"},{"floor":46.0,"key":"AttackPotion"},{"floor":48.0,"key":"FairyPotion"}],"is_trial":false,"path_per_floor":["M","?","T","?","M","E","$","R","T","$","M","?","?","M","R","B",null,"M","?","?","?","M","R","M","$","T","E","R","E","R","$","R","B",null,"M","?","M","$","?","E","?","R","T","$","T","E","M","M","R","B","B",null,"R","$","E","B",null],"character_chosen":"THE_SILENT","items_purchased":["Apotheosis","Backflip","DollysMirror","Cloak And Dagger","Membership Card","Akabeko","Calculated Gamble","Finesse","Bird Faced Urn","DuplicationPotion"],"campfire_rested":7,"item_purchase_floors":[7,10,25,31,38,38,44,44,44,54],"current_hp_per_floor":[59,59,59,39,39,39,39,39,39,39,42,16,22,33,53,23,57,58,58,58,28,36,59,51,51,51,39,62,65,81,81,83,47,74,78,78,76,76,74,73,72,95,95,95,95,72,76,87,103,102,20,82,105,105,97,25],"gold":62,"neow_bonus":"THREE_ENEMY_KILL","is_daily":false,"chose_seed":false,"campfire_upgraded":1,"win_rate":0.0,"timestamp":1608823824,"path_taken":["M","?","?","?","M","E","$","R","T","$","?","?","?","M","R","BOSS","M","?","?","?","M","R","M","?","T","E","R","E","R","$","R","BOSS","M","?","?","$","?","E","?","R","T","$","?","E","M","M","R","BOSS","BOSS","R","$","E","BOSS"],"items_purchased_type":["Card","Card","Relic","Card","Relic","Relic","Card","Card","Relic","Potion"],"build_version":"2020-12-22","purchased_purges":3,"victory":true,"max_hp_per_floor":[66,66,66,66,66,66,66,66,66,66,66,66,68,68,68,68,68,75,75,75,77,79,79,79,79,79,79,79,81,81,81,83,83,83,87,87,91,91,91,93,93,95,95,95,95,95,99,103,103,103,103,103,105,105,107,107],"card_choices":[{"not_picked":["Leg Sweep","Expertise"],"picked":"Dagger Spray","floor":1.0},{"not_picked":["Slice","Outmaneuver"],"picked":"Acrobatics","floor":5.0},{"not_picked":["Catalyst","Dash","Setup"],"picked":"SKIP","floor":6.0},{"not_picked":["Flying Knee","Prepared"],"picked":"Blade Dance","floor":11.0},{"not_picked":["Deadly Poison","Die Die Die","Sucker Punch"],"picked":"Singing Bowl","floor":13.0},{"not_picked":["Infinite Blades","Backflip"],"picked":"Dagger Throw","floor":14.0},{"not_picked":["Dagger Spray","Dodge and Roll"],"picked":"Cloak And Dagger","floor":15.0},{"not_picked":["Night Terror","Grand Finale"],"picked":"Burst","floor":16.0},{"not_picked":["Sucker Punch","Acrobatics","Crippling Poison"],"picked":"Singing Bowl","floor":18.0},{"not_picked":["Outmaneuver","Dodge and Roll","Leg Sweep"],"picked":"Singing Bowl","floor":21.0},{"not_picked":["Deflect","Heel Hook","Acrobatics"],"picked":"Singing Bowl","floor":22.0},{"not_picked":["Well Laid Plans","Prepared"],"picked":"Terror+1","floor":23.0},{"not_picked":["Quick Slash","Dagger Spray"],"picked":"Adrenaline","floor":24.0},{"not_picked":["Acrobatics","Deflect+1"],"picked":"PiercingWail","floor":27.0},{"not_picked":["Dodge and Roll","Backflip"],"picked":"PiercingWail","floor":28.0},{"not_picked":["Bouncing Flask","Deadly Poison","Distraction+1"],"picked":"Singing Bowl","floor":29.0},{"not_picked":["Underhanded Strike","Skewer"],"picked":"Wraith Form v2","floor":30.0},{"not_picked":["Poisoned Stab","Terror","Deadly Poison"],"picked":"Singing Bowl","floor":32.0},{"not_picked":["Venomology","Storm of Steel"],"picked":"Adrenaline","floor":33.0},{"not_picked":["Crippling Poison","PiercingWail","Prepared"],"picked":"Singing Bowl","floor":35.0},{"not_picked":["All Out Attack","Prepared","Acrobatics"],"picked":"Singing Bowl","floor":35.0},{"not_picked":["Flying Knee","Poisoned Stab","Riddle With Holes+1"],"picked":"Singing Bowl","floor":37.0},{"not_picked":["Masterful Stab","PiercingWail","Deflect"],"picked":"Singing Bowl","floor":37.0},{"not_picked":["Venomology","Backflip"],"picked":"Blade Dance","floor":39.0},{"not_picked":["Dagger Throw","Flying Knee","Terror"],"picked":"Singing Bowl","floor":40.0},{"not_picked":["Deadly Poison","Outmaneuver"],"picked":"Accuracy","floor":41.0},{"not_picked":["Crippling Poison","Backflip","Deadly Poison+1"],"picked":"Singing Bowl","floor":42.0},{"not_picked":["PiercingWail+1","Wraith Form v2"],"picked":"Footwork+1","floor":46.0},{"not_picked":["Poisoned Stab","Bane","Expertise+1"],"picked":"Singing Bowl","floor":47.0},{"not_picked":["Predator","Expertise+1","Riddle With Holes"],"picked":"Singing Bowl","floor":47.0},{"not_picked":["Terror","Deflect","All Out Attack"],"picked":"Singing Bowl","floor":48.0},{"not_picked":["Distraction+1","Skewer+1","Poisoned Stab"],"picked":"Singing Bowl","floor":48.0},{"not_picked":["Flying Knee","Heel Hook","Caltrops"],"picked":"Singing Bowl","floor":53.0},{"not_picked":["Predator","Eviscerate","Outmaneuver"],"picked":"Singing Bowl","floor":55.0}],"player_experience":716617,"relics_obtained":[{"floor":3.0,"key":"Dream Catcher"},{"floor":6.0,"key":"White Beast Statue"},{"floor":9.0,"key":"Meat on the Bone"},{"floor":13.0,"key":"Singing Bowl"},{"floor":21.0,"key":"Red Mask"},{"floor":27.0,"key":"Toy Ornithopter"},{"floor":29.0,"key":"Prayer Wheel"},{"floor":39.0,"key":"Ginger"},{"floor":40.0,"key":"CaptainsWheel"},{"floor":41.0,"key":"Tough Bandages"},{"floor":43.0,"key":"MawBank"},{"floor":45.0,"key":"Eternal Feather"},{"floor":46.0,"key":"Pen Nib"},{"floor":55.0,"key":"HornCleat"}],"event_choices":[{"damage_healed":0.0,"max_hp_gain":0.0,"max_hp_loss":0.0,"gold_gain":150.0,"event_name":"Liars Game","player_choice":"AGREE","floor":2.0,"gold_loss":0.0,"damage_taken":0.0,"cards_obtained":["Doubt"]},{"damage_healed":0.0,"max_hp_gain":0.0,"max_hp_loss":0.0,"gold_gain":0.0,"event_name":"Shining Light","player_choice":"Entered Light","floor":4.0,"gold_loss":0.0,"damage_taken":20.0,"cards_upgraded":["Defend_G","Strike_G"]},{"damage_healed":0.0,"max_hp_gain":0.0,"max_hp_loss":0.0,"gold_gain":0.0,"event_name":"Scrap Ooze","player_choice":"Success","floor":12.0,"gold_loss":0.0,"damage_taken":26.0,"relics_obtained":["Bronze Scales"]},{"damage_healed":0.0,"max_hp_gain":0.0,"max_hp_loss":0.0,"gold_gain":30.0,"event_name":"Dead Adventurer","player_choice":"Searched \u00273\u0027 times","floor":13.0,"gold_loss":0.0,"damage_taken":0.0},{"damage_healed":0.0,"max_hp_gain":0.0,"max_hp_loss":0.0,"gold_gain":0.0,"event_name":"The Library","player_choice":"Read","floor":19.0,"gold_loss":0.0,"damage_taken":0.0,"cards_obtained":["Accuracy"]},{"damage_healed":0.0,"max_hp_gain":0.0,"max_hp_loss":0.0,"gold_gain":0.0,"event_name":"Cursed Tome","player_choice":"Ignored","floor":20.0,"gold_loss":0.0,"damage_taken":0.0},{"damage_healed":0.0,"max_hp_gain":0.0,"max_hp_loss":0.0,"gold_gain":0.0,"event_name":"Masked Bandits","player_choice":"Fought Bandits","floor":21.0,"gold_loss":0.0,"damage_taken":0.0},{"damage_healed":0.0,"max_hp_gain":0.0,"max_hp_loss":0.0,"gold_gain":0.0,"event_name":"Lab","player_choice":"Got Potions","floor":36.0,"gold_loss":0.0,"damage_taken":0.0},{"damage_healed":0.0,"max_hp_gain":0.0,"max_hp_loss":0.0,"gold_gain":0.0,"event_name":"MindBloom","player_choice":"Fight","floor":39.0,"gold_loss":0.0,"damage_taken":0.0},{"damage_healed":0.0,"max_hp_gain":0.0,"max_hp_loss":0.0,"gold_gain":0.0,"event_name":"Mysterious Sphere","player_choice":"Fight","floor":41.0,"gold_loss":0.0,"damage_taken":0.0}],"is_beta":false,"boss_relics":[{"not_picked":["Velvet Choker","Black Star"],"picked":"Runic Pyramid"},{"not_picked":["Coffee Dripper","Tiny House"],"picked":"Empty Cage"}],"items_purged_floors":[7,25,38],"is_endless":false,"potions_floor_spawned":[1,5,11,13,14,16,18,21,22,24,27,29,33,35,37,39,40,41,46,47,48,55],"ascension_level":20}}