{"host":"fjaupvxe7fzqrf4j","time":1608795062,"event":{"mods":["BaseMod","Minty Spire (QoL Compilation)","StSLib"],"gold_per_floor":[111,67,67,67,67,102,135,169,169,201,235,263,295,357,357,432,432,451,451,212,241,241,275,308,338,338,338,351,384,417,452,452,523,573,584,584,534,315,537,569,600,635,682,711,711,738,325,358,370,382,394,406,418,0,26,26],"floor_reached":57,"playtime":1275,"items_purged":["Underhanded Strike","Eviscerate","Acrobatics"],"score":4801,"play_id":"13f36796-1b2a-48b9-a2a9-4e1e0a9e57f3","local_time":"20201224153102","daily_mods":["SealedDeck","Heirloom","Time Dilation","Flight","Elite Swarm"],"is_ascension_mode":true,"campfire_choices":[{"data":"Reflex","floor":15.0,"key":"SMITH"},{"data":"Concentrate","floor":27.0,"key":"SMITH"},{"data":"Expertise","floor":32.0,"key":"SMITH"},{"floor":49.0,"key":"RECALL"},{"floor":53.0,"key":"DIG"}],"circlet_count":0,"master_deck":["AscendersBane","Concentrate+1","Expertise+1","Backflip+1","Eviscerate+1","Acrobatics+1","Prepared+1","Reflex+1","After Image+1","Grand Finale+1","Terror+1","Adrenaline+1","Well Laid Plans+1","Footwork+1","Master of Strategy"],"relics":["Ring of the Snake","CaptainsWheel","Juzu Bracelet","Frozen Egg 2","Matryoshka","Potion Belt","Kunai","Meat on the Bone","Sundial","Darkstone Periapt","Bottled Lightning","Pen Nib","WristBlade","Omamori","Red Mask","Girya","Smiling Mask","Happy Flower","Singing Bowl","Gremlin Horn","Tingsha","Nunchaku","Centennial Puzzle","Tiny House","Lantern","Bronze Scales","Boot","Turnip","Bag of Marbles","Mark of the Bloom","Regal Pillow","Shovel","MawBank","Pear","ClockworkSouvenir","Blood Vial"],"acts_visited":["Exordium","TheCity","TheBeyond","TheEnding"],"potions_floor_usage":[56,56,56,56],"damage_taken":[{"damage":0.0,"enemies":"Jaw Worm","floor":1.0,"turns":1.0},{"damage":0.0,"enemies":"Gremlin Nob","floor":6.0,"turns":1.0},{"damage":0.0,"enemies":"Lagavulin","floor":7.0,"turns":1.0},{"damage":0.0,"enemies":"3 Sentries","floor":8.0,"turns":1.0},{"damage":0.0,"enemies":"Lagavulin","floor":10.0,"turns":1.0},{"damage":0.0,"enemies":"Gremlin Nob","floor":11.0,"turns":1.0},{"damage":0.0,"enemies":"3 Sentries","floor":12.0,"turns":1.0},{"damage":0.0,"enemies":"Lagavulin","floor":13.0,"turns":1.0},{"damage":0.0,"enemies":"Lagavulin Event","floor":14.0,"turns":1.0},{"damage":0.0,"enemies":"Slime Boss","floor":16.0,"turns":1.0},{"damage":0.0,"enemies":"Chosen","floor":18.0,"turns":1.0},{"damage":0.0,"enemies":"Masked Bandits","floor":21.0,"turns":1.0},{"damage":0.0,"enemies":"Book of Stabbing","floor":23.0,"turns":1.0},{"damage":0.0,"enemies":"Gremlin Leader","floor":24.0,"turns":1.0},{"damage":0.0,"enemies":"Book of Stabbing","floor":25.0,"turns":1.0},{"damage":0.0,"enemies":"Shell Parasite","floor":28.0,"turns":1.0},{"damage":0.0,"enemies":"Slavers","floor":29.0,"turns":1.0},{"damage":0.0,"enemies":"Book of Stabbing","floor":30.0,"turns":1.0},{"damage":0.0,"enemies":"Slavers","floor":31.0,"turns":1.0},{"damage":0.0,"enemies":"Collector","floor":33.0,"turns":1.0},{"damage":0.0,"enemies":"3 Shapes","floor":35.0,"turns":1.0},{"damage":0.0,"enemies":"Reptomancer","floor":40.0,"turns":1.0},{"damage":0.0,"enemies":"Giant Head","floor":41.0,"turns":1.0},{"damage":0.0,"enemies":"Nemesis","floor":42.0,"turns":1.0},{"damage":0.0,"enemies":"Reptomancer","floor":44.0,"turns":1.0},{"damage":0.0,"enemies":"Giant Head","floor":46.0,"turns":1.0},{"damage":0.0,"enemies":"Reptomancer","floor":48.0,"turns":1.0},{"damage":0.0,"enemies":"Awakened One","floor":50.0,"turns":2.0},{"damage":0.0,"enemies":"Donu and Deca","floor":51.0,"turns":1.0},{"damage":0.0,"enemies":"Shield and Spear","floor":55.0,"turns":1.0},{"damage":16,"enemies":"The Heart","floor":56,"turns":4}],"seed_played":"1833005366148526030","potions_obtained":[{"floor":1.0,"key":"Regen Potion"},{"floor":6.0,"key":"Weak Potion"},{"floor":8.0,"key":"Strength Potion"},{"floor":12.0,"key":"Strength Potion"},{"floor":13.0,"key":"FearPotion"},{"floor":48.0,"key":"DistilledChaos"}],"is_trial":true,"path_per_floor":["M","$","?","$","?","E","E","E","T","E","E","E","E","?","R","B",null,"M","?","$","?","?","E","E","E","T","R","M","E","E","E","R","B",null,"M","?","$","$","?","E","E","E","T","E","?","E","$","E","R","B","B",null,"R","$","E","B",null],"character_chosen":"THE_SILENT","items_purchased":["Reflex","Omamori","Lantern","Footwork+1","Shovel","ClockworkSouvenir","Ancient Potion","Master of Strategy"],"campfire_rested":0,"item_purchase_floors":[2,20,38,47,47,54,54,54],"current_hp_per_floor":[59,59,48,48,41,41,41,41,41,41,41,41,41,41,41,41,60,60,60,60,60,60,60,60,60,60,60,62,64,66,68,68,68,78,80,80,80,80,80,82,84,86,86,88,88,88,88,88,88,88,88,88,88,88,88,72],"gold":26,"neow_bonus":"","is_daily":false,"chose_seed":false,"campfire_upgraded":3,"win_rate":0.0,"timestamp":1608795062,"path_taken":["M","$","?","$","?","E","E","E","T","E","E","E","E","?","R","BOSS","M","?","$","?","?","E","E","E","T","R","M","E","E","E","R","BOSS","M","?","$","$","?","E","E","E","T","E","?","E","$","E","R","BOSS","BOSS","R","$","E","BOSS"],"items_purchased_type":["Card","Relic","Relic","Card","Relic","Relic","Potion","Card"],"build_version":"2020-12-22","purchased_purges":3,"victory":true,"max_hp_per_floor":[66,66,66,66,66,66,66,66,66,66,66,66,66,66,66,66,66,66,66,66,66,66,66,66,66,66,66,68,70,72,74,74,74,79,81,81,81,81,81,83,85,87,87,89,89,91,91,93,93,93,93,93,103,103,105,105],"card_choices":[{"not_picked":["Deflect","Predator"],"picked":"Prepared","floor":1.0},{"not_picked":["Bullet Time","Burst","Phantasmal Killer"],"picked":"SKIP","floor":6.0},{"not_picked":["Wraith Form v2+1","Burst","Night Terror"],"picked":"SKIP","floor":7.0},{"not_picked":["Envenom+1","Die Die Die"],"picked":"After Image+1","floor":8.0},{"not_picked":["Corpse Explosion","After Image+1","Malaise"],"picked":"SKIP","floor":10.0},{"not_picked":["Glass Knife","Night Terror","Storm of Steel"],"picked":"SKIP","floor":11.0},{"not_picked":["Burst","Corpse Explosion"],"picked":"Grand Finale","floor":12.0},{"not_picked":["Venomology","Corpse Explosion","Malaise"],"picked":"SKIP","floor":13.0},{"not_picked":["Slice","Flying Knee","Underhanded Strike"],"picked":"SKIP","floor":18.0},{"not_picked":["Wraith Form v2+1","Glass Knife","Tools of the Trade+1"],"picked":"SKIP","floor":23.0},{"not_picked":["Envenom+1","Burst","Glass Knife"],"picked":"SKIP","floor":24.0},{"not_picked":["Phantasmal Killer","Glass Knife","Malaise"],"picked":"SKIP","floor":25.0},{"not_picked":["Choke","Accuracy+1","Prepared"],"picked":"Singing Bowl","floor":28.0},{"not_picked":["Night Terror","Storm of Steel","Corpse Explosion"],"picked":"Singing Bowl","floor":29.0},{"not_picked":["A Thousand Cuts+1","Phantasmal Killer","Malaise"],"picked":"Singing Bowl","floor":30.0},{"not_picked":["Grand Finale","Glass Knife","Wraith Form v2+1"],"picked":"Singing Bowl","floor":31.0},{"not_picked":["Phantasmal Killer","Unload"],"picked":"Adrenaline","floor":33.0},{"not_picked":["Dagger Throw","Slice"],"picked":"Well Laid Plans+1","floor":34.0},{"not_picked":["Prepared+1","Leg Sweep","Dodge and Roll"],"picked":"Singing Bowl","floor":35.0},{"not_picked":["Burst","Phantasmal Killer","Adrenaline"],"picked":"Singing Bowl","floor":40.0},{"not_picked":["Corpse Explosion","Phantasmal Killer","Tools of the Trade+1"],"picked":"Singing Bowl","floor":41.0},{"not_picked":["Grand Finale","Adrenaline","Night Terror"],"picked":"Singing Bowl","floor":42.0},{"not_picked":["Venomology","Bullet Time","A Thousand Cuts+1"],"picked":"Singing Bowl","floor":44.0},{"not_picked":["Glass Knife","After Image+1","Burst"],"picked":"Singing Bowl","floor":46.0},{"not_picked":["After Image+1","Burst","Wraith Form v2+1"],"picked":"Singing Bowl","floor":48.0},{"not_picked":["Adrenaline","Storm of Steel","Grand Finale"],"picked":"Singing Bowl","floor":55.0}],"player_experience":270029,"relics_obtained":[{"floor":6.0,"key":"Frozen Egg 2"},{"floor":7.0,"key":"Matryoshka"},{"floor":8.0,"key":"Potion Belt"},{"floor":9.0,"key":"Kunai"},{"floor":9.0,"key":"Meat on the Bone"},{"floor":11.0,"key":"Sundial"},{"floor":12.0,"key":"Darkstone Periapt"},{"floor":13.0,"key":"Bottled Lightning"},{"floor":21.0,"key":"Red Mask"},{"floor":23.0,"key":"Girya"},{"floor":24.0,"key":"Smiling Mask"},{"floor":25.0,"key":"Happy Flower"},{"floor":26.0,"key":"Singing Bowl"},{"floor":26.0,"key":"Gremlin Horn"},{"floor":29.0,"key":"Tingsha"},{"floor":30.0,"key":"Nunchaku"},{"floor":31.0,"key":"Centennial Puzzle"},{"floor":40.0,"key":"Bronze Scales"},{"floor":41.0,"key":"Boot"},{"floor":42.0,"key":"Turnip"},{"floor":44.0,"key":"Bag of Marbles"},{"floor":46.0,"key":"Regal Pillow"},{"floor":48.0,"key":"MawBank"},{"floor":53.0,"key":"Pear"},{"floor":55.0,"key":"Blood Vial"}],"event_choices":[{"damage_healed":0.0,"max_hp_gain":0.0,"max_hp_loss":0.0,"gold_gain":0.0,"event_name":"Scrap Ooze","player_choice":"Success","floor":3.0,"gold_loss":0.0,"damage_taken":11.0,"relics_obtained":["Juzu Bracelet"]},{"cards_removed":["Underhanded Strike"],"damage_healed":0.0,"max_hp_gain":0.0,"max_hp_loss":0.0,"gold_gain":0.0,"event_name":"Golden Wing","player_choice":"Card Removal","floor":5.0,"gold_loss":0.0,"damage_taken":7.0},{"damage_healed":0.0,"max_hp_gain":0.0,"max_hp_loss":0.0,"gold_gain":30.0,"event_name":"Dead Adventurer","player_choice":"Searched \u00273\u0027 times","floor":14.0,"gold_loss":0.0,"damage_taken":0.0,"relics_obtained":["Pen Nib"]},{"damage_healed":0.0,"max_hp_gain":0.0,"max_hp_loss":0.0,"gold_gain":0.0,"event_name":"The Library","player_choice":"Read","floor":19.0,"gold_loss":0.0,"damage_taken":0.0,"cards_obtained":["Terror"]},{"damage_healed":0.0,"max_hp_gain":0.0,"max_hp_loss":0.0,"gold_gain":0.0,"event_name":"Masked Bandits","player_choice":"Fought Bandits","floor":21.0,"gold_loss":0.0,"damage_taken":0.0},{"damage_healed":0.0,"max_hp_gain":0.0,"max_hp_loss":0.0,"gold_gain":0.0,"event_name":"The Mausoleum","player_choice":"Ignored","floor":22.0,"gold_loss":0.0,"damage_taken":0.0},{"cards_removed":["Well Laid Plans"],"damage_healed":0.0,"max_hp_gain":0.0,"max_hp_loss":0.0,"gold_gain":0.0,"event_name":"Purifier","player_choice":"Purged","floor":36.0,"gold_loss":0.0,"damage_taken":0.0},{"damage_healed":0.0,"max_hp_gain":0.0,"max_hp_loss":0.0,"gold_gain":222.0,"event_name":"Tomb of Lord Red Mask","player_choice":"Wore Mask","floor":39.0,"gold_loss":0.0,"damage_taken":0.0},{"damage_healed":0.0,"max_hp_gain":0.0,"max_hp_loss":0.0,"gold_gain":0.0,"event_name":"MindBloom","player_choice":"Upgrade","floor":45.0,"gold_loss":0.0,"damage_taken":0.0,"cards_upgraded":["Eviscerate","Acrobatics","Prepared","Grand Finale","Terror","Adrenaline"],"relics_obtained":["Mark of the Bloom"]}],"is_beta":false,"boss_relics":[{"not_picked":["Philosopher\u0027s Stone","Runic Dome"],"picked":"WristBlade"},{"not_picked":["Ring of the Serpent","Velvet Choker"],"picked":"Tiny House"}],"items_purged_floors":[20,37,38],"is_endless":false,"potions_floor_spawned":[1,6,8,12,13,16,21,23,24,28,33,42,44,46,48,55],"ascension_level":20}}