{"host":"28bpuzdckreop5i0","time":1608793445,"event":{"mods":["Act Like it!","BaseMod","BetterRewards","Challenge The Spire","Conspire","Defuse TimeMaze Blight","Downfall","Energized Spire","Googly Eyes","Hubris","Infinite Spire","Lobotomy","Mimic Mod","Minty Spire (QoL Compilation)","Relic Stats","Spicy Shops","StSLib","The Awakened One except there are too many feathers","The Cursed","The Hierophant","The IronCluck","The Jungle","Thieving Mod","Transform Curses","Wandering Minibosses","slay the spire mod where everything is the same but ironclad has a cowboy hat"],"gold_per_floor":[111,36,47,61,72,72,90,30,30,91,91,91,111,125,125,225,225,242,242,99,99,99,119,119,145,145,145,163,163,8,21,21,21,21],"floor_reached":33,"playtime":1362,"items_purged":["Normality","Shame"],"score":282,"play_id":"21025dab-0742-470b-9460-7a200777cc9f","local_time":"20201224010405","is_ascension_mode":false,"campfire_choices":[{"data":"hubris:ReadiedAction","floor":6,"key":"SMITH"},{"floor":12,"key":"REST"},{"data":"Perfected Strike","floor":15,"key":"SMITH"},{"data":"Clash","floor":24,"key":"SMITH"},{"floor":27,"key":"REST"},{"floor":32,"key":"REST"}],"circlet_count":0,"master_deck":["Strike_R","Strike_R","Strike_R","Strike_R","Strike_R","Defend_R","Defend_R","Defend_R","Defend_R","Bash","hubris:ReadiedAction+1","Cleave","Twin Strike","Clash","Perfected Strike+1","Clash+1","hubris:StunningStrike+1","Flex","Flex","Thunderclap","Perfected Strike"],"relics":["TheCursedMod:BlackMagic101","hierophant:PropheticMaskRelic","energizedSpire:OldTV","SacredBark","Symbiotic Virus","AtMidnight","sneckomod:SuperSneckoSoul","champ:ChampionCrown","infinitespire:Chaos","Ninja Scroll","infinitespire:Joker Card","Regal Pillow","theJungle:BirthdayCake","conspire:TreasureMap"],"acts_visited":["Exordium","Exordium"],"potions_floor_usage":[23,33],"damage_taken":[{"damage":1,"enemies":"2 Louse","floor":1,"turns":4},{"damage":6,"enemies":"Jaw Worm","floor":3,"turns":3},{"damage":1,"enemies":"Cultist","floor":4,"turns":3},{"damage":17,"enemies":"Large Slime","floor":5,"turns":8},{"damage":14,"enemies":"Blue Slaver","floor":7,"turns":3},{"damage":21,"enemies":"Gremlin Nob","floor":10,"turns":4},{"damage":1,"enemies":"3 Louse","floor":13,"turns":2},{"damage":4,"enemies":"Red Slaver","floor":14,"turns":3},{"damage":42,"enemies":"Slime Boss","floor":16,"turns":8},{"damage":0,"enemies":"theJungle:MUSHROOMGANG","floor":18,"turns":3},{"damage":67,"enemies":"JungleHuntersEvent","floor":21,"turns":9},{"damage":5,"enemies":"theJungle:5_Spyders","floor":23,"turns":4},{"damage":22,"enemies":"theJungle:2_Phrogs","floor":25,"turns":7},{"damage":12,"enemies":"theJungle:2_Snecko_Cultists","floor":28,"turns":3},{"damage":0,"enemies":"theJungle:JungleHuntersEncounter","floor":31,"turns":3},{"damage":101,"enemies":"theJungle:TotemBoss","floor":33,"turns":6}],"seed_played":"-1300974652957140140","potions_obtained":[{"floor":1,"key":"BloodPotion"},{"floor":7,"key":"FearPotion"},{"floor":13,"key":"SpeedPotion"},{"floor":23,"key":"SkillPotion"}],"is_trial":false,"path_per_floor":["M","$","M","M","M","R","M","$","T","?","?","R","M","M","R","B",null,"M","AVR","$","?","?","M","R","E","T","R","M","?","$","M","R","B"],"character_chosen":"IRONCLAD","items_purchased":["Guardian:PocketSentry","infinitespire:Chaos","conspire:TreasureMap"],"campfire_rested":3,"item_purchase_floors":[8,20,30],"current_hp_per_floor":[80,80,80,80,69,69,61,61,61,46,46,70,75,77,77,41,80,80,80,80,13,13,40,40,18,18,57,45,65,65,65,100,0,0],"gold":21,"neow_bonus":"ONE_RARE_RELIC","is_daily":false,"chose_seed":false,"campfire_upgraded":3,"win_rate":0.0,"timestamp":1608793445,"path_taken":["M","$","M","M","M","R","M","$","T","?","?","R","?","M","R","BOSS","M","AVR","?","?","?","M","R","E","T","R","?","?","$","M","R","BOSS"],"items_purchased_type":["Relic","Relic","Relic"],"build_version":"2020-12-22","purchased_purges":2,"victory":false,"max_hp_per_floor":[80,80,80,80,80,80,80,80,80,80,80,80,80,80,80,80,80,80,80,80,80,80,80,80,80,80,80,80,100,100,100,100,100,100],"relic_stats":{"Regal Pillow":20,"counters":[16,73],"obtain_stats":[{"TheCursedMod:BlackMagic101":20,"Regal Pillow":26,"conspire:TreasureMap":30,"Gremlin Horn":10,"infinitespire:CursedDice":0,"hierophant:PropheticMaskRelic":20,"SacredBark":20,"infinitespire:EmptyRelic":20,"champ:ChampionCrown":20,"infinitespire:Joker Card":25,"Guardian:PocketSentry":8,"energizedSpire:OgreHead":17,"Bag of Preparation":19,"hubris:MysteriousPyramids":9,"Burning Blood":0,"sneckomod:SuperSneckoSoul":20,"hubris:Icosahedron":11,"Ninja Scroll":21,"AtMidnight":20,"theJungle:BirthdayCake":29,"infinitespire:Chaos":20,"Symbiotic Virus":20,"energizedSpire:OldTV":20},{"TheCursedMod:BlackMagic101":10,"Regal Pillow":13,"conspire:TreasureMap":14,"Gremlin Horn":6,"infinitespire:CursedDice":0,"hierophant:PropheticMaskRelic":10,"SacredBark":10,"infinitespire:EmptyRelic":10,"champ:ChampionCrown":10,"infinitespire:Joker Card":13,"Guardian:PocketSentry":5,"energizedSpire:OgreHead":9,"Bag of Preparation":10,"hubris:MysteriousPyramids":5,"Burning Blood":0,"sneckomod:SuperSneckoSoul":10,"hubris:Icosahedron":6,"Ninja Scroll":11,"AtMidnight":10,"theJungle:BirthdayCake":14,"infinitespire:Chaos":10,"Symbiotic Virus":10,"energizedSpire:OldTV":10},{"TheCursedMod:BlackMagic101":41,"Regal Pillow":61,"conspire:TreasureMap":64,"Gremlin Horn":25,"infinitespire:CursedDice":0,"hierophant:PropheticMaskRelic":41,"SacredBark":41,"infinitespire:EmptyRelic":41,"champ:ChampionCrown":41,"infinitespire:Joker Card":61,"Guardian:PocketSentry":21,"energizedSpire:OgreHead":38,"Bag of Preparation":41,"hubris:MysteriousPyramids":21,"Burning Blood":0,"sneckomod:SuperSneckoSoul":41,"hubris:Icosahedron":25,"Ninja Scroll":50,"AtMidnight":41,"theJungle:BirthdayCake":64,"infinitespire:Chaos":41,"Symbiotic Virus":41,"energizedSpire:OldTV":41}]},"card_choices":[{"not_picked":["Dual Wield","Ghostly Armor"],"picked":"hubris:ReadiedAction","floor":1},{"not_picked":["Seeing Red","Body Slam"],"picked":"Cleave","floor":3},{"not_picked":["Headbutt","Clothesline"],"picked":"Twin Strike","floor":4},{"not_picked":["True Grit","Thunderclap"],"picked":"Clash","floor":5},{"not_picked":["Ghostly Armor","Rage"],"picked":"Perfected Strike","floor":7},{"not_picked":["Twin Strike","Iron Wave"],"picked":"Clash","floor":13},{"not_picked":["Headbutt","conspire:HitWhereItHurts","Feel No Pain"],"picked":"SKIP","floor":14},{"not_picked":["Impervious","Demon Form"],"picked":"hubris:StunningStrike","floor":16},{"not_picked":["Warcry","Rampage","Heavy Blade"],"picked":"SKIP","floor":18},{"not_picked":["Havoc","Heavy Blade"],"picked":"Flex","floor":21},{"not_picked":["Thunderclap+1","Dual Wield"],"picked":"Flex","floor":23},{"not_picked":["Reckless Charge","Demon Form"],"picked":"Thunderclap","floor":25},{"not_picked":["Warcry","Pommel Strike","Flame Barrier"],"picked":"SKIP","floor":28},{"not_picked":["Ghostly Armor+1","Cleave+1"],"picked":"Perfected Strike","floor":31}],"player_experience":884864,"relics_obtained":[{"floor":9,"key":"hubris:MysteriousPyramids"},{"floor":10,"key":"Gremlin Horn"},{"floor":21,"key":"Ninja Scroll"},{"floor":25,"key":"infinitespire:Joker Card"},{"floor":26,"key":"Regal Pillow"}],"event_choices":[{"damage_healed":0,"gold_gain":0,"player_choice":"Searched \u00272\u0027 times","damage_taken":0,"max_hp_gain":0,"max_hp_loss":0,"event_name":"Dead Adventurer","floor":10,"gold_loss":0},{"damage_healed":0,"gold_gain":0,"player_choice":"Forge","damage_taken":0,"max_hp_gain":0,"max_hp_loss":0,"event_name":"Accursed Blacksmith","floor":22,"gold_loss":0,"cards_upgraded":["hubris:StunningStrike"]}],"is_beta":false,"boss_relics":[{"not_picked":["energizedSpire:DecayingSkull","SacredBark"],"picked":"energizedSpire:OgreHead"}],"items_purged_floors":[2,19],"is_endless":false,"potions_floor_spawned":[1,7,13,16,23,25],"killed_by":"theJungle:TotemBoss","ascension_level":0}}