{"host":"wna8kqr6yweggo4i","time":1608794069,"event":{"mods":["BaseMod","Colored Powertips","Hermit","Hubris","Marisa????????","Minty Spire (QoL Compilation)","StSLib"],"gold_per_floor":[114,114,114,137,137,177,177,27,76,94,94,114,138,169,169,292,292,311,331,331,209,209,209,233,233,233,233,271,271,271,271],"floor_reached":30,"playtime":1060,"items_purged":[],"score":279,"play_id":"bf83e673-b80f-4a43-89b1-1d1ab0f0397c","local_time":"20201224011429","is_ascension_mode":false,"campfire_choices":[{"data":"hermit:Glare","floor":7,"key":"SMITH"},{"data":"hermit:Covet","floor":11,"key":"SMITH"},{"floor":15,"key":"REST"},{"floor":23,"key":"REST"},{"data":"hermit:FlashPowder","floor":25,"key":"SMITH"},{"data":"hermit:Glare","floor":27,"key":"SMITH"}],"circlet_count":0,"master_deck":["hermit:Strike_Hermit","hermit:Strike_Hermit","hermit:Strike_Hermit","hermit:Strike_Hermit","hermit:Defend_Hermit","hermit:Defend_Hermit","hermit:Defend_Hermit","hermit:Defend_Hermit","hermit:Snapshot","hermit:Covet+1","hermit:Glare+1","Injury","hermit:Malice","hermit:Glare+1","hermit:Glare","hermit:FlashPowder+1","hermit:Maintenance+1","hermit:Coalescence","hermit:HoleUp","hermit:TakeCover+1"],"relics":["hermit:Momento","NeowsBlessing","hubris:Towel","Golden Idol","Blue Candle","Strange Spoon","Tiny Chest","Regal Pillow","The Courier","hubris:RunicObelisk","TheAbacus","Strawberry","Kunai","Ancient Tea Set"],"acts_visited":["Exordium","TheCity"],"potions_floor_usage":[14,16,28],"damage_taken":[{"damage":0,"enemies":"Jaw Worm","floor":1,"turns":1},{"damage":0,"enemies":"2 Louse","floor":4,"turns":1},{"damage":0,"enemies":"Gremlin Nob","floor":6,"turns":1},{"damage":3,"enemies":"Small Slimes","floor":10,"turns":4},{"damage":9,"enemies":"Looter","floor":12,"turns":3},{"damage":17,"enemies":"Lagavulin","floor":14,"turns":5},{"damage":59,"enemies":"Slime Boss","floor":16,"turns":17},{"damage":12,"enemies":"2 Thieves","floor":18,"turns":4},{"damage":10,"enemies":"3 Byrds","floor":19,"turns":6},{"damage":7,"enemies":"Snake Plant","floor":24,"turns":5},{"damage":53,"enemies":"Book of Stabbing","floor":28,"turns":8},{"damage":24,"enemies":"Centurion and Healer","floor":30,"turns":9}],"seed_played":"7922635514609835975","potions_obtained":[{"floor":1,"key":"LiquidMemories"},{"floor":10,"key":"AttackPotion"},{"floor":18,"key":"Fire Potion"},{"floor":24,"key":"Strength Potion"}],"is_trial":false,"path_per_floor":["M","?","?","M","?","E","R","$","T","M","R","M","T","E","R","B",null,"M","M","?","$","T","R","M","R","T","R","E","?","M"],"character_chosen":"HERMIT","items_purchased":["Strange Spoon","TheAbacus"],"campfire_rested":2,"item_purchase_floors":[8,21],"current_hp_per_floor":[75,75,75,75,75,75,75,75,75,72,72,63,63,46,75,16,75,63,53,53,53,60,82,75,75,75,75,22,22,0,0],"gold":271,"neow_bonus":"THREE_ENEMY_KILL","is_daily":false,"chose_seed":false,"campfire_upgraded":4,"win_rate":0.0,"timestamp":1608794069,"path_taken":["M","?","?","M","?","E","R","?","T","M","R","?","?","E","R","BOSS","M","M","?","$","?","R","?","R","T","R","E","?","M"],"items_purchased_type":["Relic","Relic"],"build_version":"2020-12-22","purchased_purges":0,"victory":false,"max_hp_per_floor":[75,75,75,75,75,75,75,75,75,75,75,75,75,75,75,75,75,75,75,75,75,82,82,82,82,82,82,82,82,82,82],"card_choices":[{"not_picked":["hermit:HighCaliber","hermit:Deadeye"],"picked":"hermit:Glare","floor":1},{"not_picked":["hermit:Desperado","hermit:LoneWolf","hermit:ItchyTrigger"],"picked":"SKIP","floor":4},{"not_picked":["hermit:Coalescence","hermit:ItchyTrigger"],"picked":"hermit:Glare","floor":6},{"not_picked":["hermit:SprayPray","hermit:Gestalt"],"picked":"hermit:Glare","floor":10},{"not_picked":["hermit:Scavenge","hermit:FullyLoaded","hermit:Snipe"],"picked":"SKIP","floor":12},{"not_picked":["hermit:ItchyTrigger","hermit:Brawl"],"picked":"hermit:FlashPowder","floor":14},{"not_picked":["hermit:Dive+1","hermit:Enervate"],"picked":"hermit:Maintenance+1","floor":18},{"not_picked":["hermit:NoHoldsBarred+1","hermit:Desperado+1"],"picked":"hermit:Coalescence","floor":19},{"not_picked":["hermit:BodyArmor","hermit:Feint"],"picked":"hermit:HoleUp","floor":24},{"not_picked":["hermit:FullyLoaded","hermit:SprayPray+1"],"picked":"hermit:TakeCover+1","floor":28}],"player_experience":371975,"relics_obtained":[{"floor":6,"key":"Blue Candle"},{"floor":9,"key":"Tiny Chest"},{"floor":13,"key":"Regal Pillow"},{"floor":14,"key":"The Courier"},{"floor":22,"key":"Strawberry"},{"floor":26,"key":"Kunai"},{"floor":28,"key":"Ancient Tea Set"}],"event_choices":[{"damage_healed":0,"gold_gain":0,"player_choice":"Take Wound","damage_taken":0,"relics_obtained":["Golden Idol"],"max_hp_gain":0,"max_hp_loss":0,"event_name":"Golden Idol","floor":3,"gold_loss":0,"cards_obtained":["Injury"]},{"damage_healed":0,"gold_gain":0,"player_choice":"Ignored","damage_taken":0,"max_hp_gain":0,"max_hp_loss":0,"event_name":"Vampires","floor":29,"gold_loss":0}],"is_beta":false,"boss_relics":[{"not_picked":["hubris:ScarierMask","Fusion Hammer"],"picked":"hubris:RunicObelisk"}],"items_purged_floors":[],"is_endless":false,"potions_floor_spawned":[1,10,18,24],"killed_by":"Centurion and Healer","ascension_level":0}}