{"host":"qwv9nni2x0umspiu","time":1608788547,"event":{"mods":["BaseMod","Downfall","Minty Spire (QoL Compilation)","Replay The Spire","StSLib","The Hierophant","Wandering Minibosses"],"gold_per_floor":[117,192,126,38,55,87,96,96,120,120,196,201,193,213,213,203,203],"floor_reached":16,"playtime":662,"items_purged":[],"score":254,"play_id":"c5d5d3b9-13aa-411f-a743-0557178b873d","local_time":"20201223214227","is_ascension_mode":true,"campfire_choices":[{"data":"hierophant:ChurchCoffers","floor":8,"key":"SMITH"},{"data":"hierophant:Exaltation","floor":10,"key":"SMITH"},{"floor":15,"key":"REST"}],"circlet_count":0,"master_deck":["AscendersBane","hierophant:Strike_Hierophant","hierophant:Strike_Hierophant","hierophant:Strike_Hierophant","hierophant:Strike_Hierophant","hierophant:Punish","hierophant:Defend_Hierophant","hierophant:Defend_Hierophant","hierophant:Defend_Hierophant","hierophant:Defend_Hierophant","hierophant:ChurchCoffers+1","hierophant:Community","hierophant:Upheaval","hierophant:SealAway","hierophant:Exaltation+1","hierophant:Zeal"],"relics":["hierophant:PropheticMaskRelic","NeowsBlessing","Bronze Scales","Ice Cream","Toy Ornithopter","Question Card"],"acts_visited":["Exordium"],"potions_floor_usage":[12,16],"damage_taken":[{"damage":0,"enemies":"Small Slimes","floor":1,"turns":1},{"damage":0,"enemies":"Jaw Worm","floor":5,"turns":1},{"damage":0,"enemies":"Gremlin Nob","floor":6,"turns":1},{"damage":1,"enemies":"Cultist","floor":7,"turns":3},{"damage":12,"enemies":"Exordium Thugs","floor":12,"turns":3},{"damage":12,"enemies":"Gremlin Gang","floor":13,"turns":4},{"damage":23,"enemies":"Lots of Slimes","floor":14,"turns":3},{"damage":36,"enemies":"The Guardian","floor":16,"turns":10}],"seed_played":"-6860700386559237425","potions_obtained":[{"floor":5,"key":"Doom Potion"},{"floor":7,"key":"Explosive Potion"}],"is_trial":false,"path_per_floor":["M","?","?","$","M","E","M","R","T","R","T","M","M","M","R","B"],"character_chosen":"HIEROPHANT","items_purchased":["hierophant:Upheaval"],"campfire_rested":1,"item_purchase_floors":[4],"current_hp_per_floor":[68,57,57,57,57,57,56,56,56,56,56,49,37,14,36,5,5],"gold":203,"neow_bonus":"THREE_ENEMY_KILL","is_daily":false,"chose_seed":false,"campfire_upgraded":2,"win_rate":0.0,"timestamp":1608788547,"path_taken":["M","?","?","$","?","E","M","R","T","R","?","M","M","M","R","BOSS"],"items_purchased_type":["Card"],"build_version":"2020-12-22","purchased_purges":0,"victory":false,"max_hp_per_floor":[75,75,75,75,75,75,75,75,75,75,75,75,75,75,75,75,75],"card_choices":[{"not_picked":["hierophant:ThreeLashes","hierophant:RustyCrate"],"picked":"hierophant:Community","floor":1},{"not_picked":["hierophant:FieryStrike","hierophant:ThreeLashes"],"picked":"hierophant:SealAway","floor":5},{"not_picked":["hierophant:FieryStrike","hierophant:HolyVerse"],"picked":"hierophant:Exaltation","floor":6},{"not_picked":["hierophant:PassingBell","hierophant:Rebuild","hierophant:SealAway"],"picked":"SKIP","floor":7},{"not_picked":["hierophant:Community","hierophant:Charity","hierophant:FaithHealing","hierophant:HolyVerse"],"picked":"SKIP","floor":12},{"not_picked":["hierophant:FieryStrike","hierophant:HolyVerse","hierophant:Doubloon"],"picked":"hierophant:Zeal","floor":13},{"not_picked":["hierophant:SealAway","hierophant:AuricBeam","hierophant:Blessing","hierophant:ThreeLashes"],"picked":"SKIP","floor":14}],"player_experience":1298129,"relics_obtained":[{"floor":6,"key":"Ice Cream"},{"floor":9,"key":"Toy Ornithopter"},{"floor":11,"key":"Question Card"}],"event_choices":[{"damage_healed":0,"gold_gain":75,"player_choice":"Gather Gold","damage_taken":11,"max_hp_gain":0,"max_hp_loss":0,"event_name":"World of Goop","floor":2,"gold_loss":0},{"damage_healed":0,"gold_gain":0,"player_choice":"Paid Gold","damage_taken":0,"relics_obtained":["Bronze Scales"],"max_hp_gain":0,"max_hp_loss":0,"event_name":"WeMeetAgain","floor":3,"gold_loss":66}],"is_beta":false,"boss_relics":[],"items_purged_floors":[],"is_endless":false,"potions_floor_spawned":[5,7],"killed_by":"The Guardian","ascension_level":20}}