{"host":"55yei7x27djrlaep","time":1608823659,"event":{"mods":["Act Like it!","BaseMod","Better Altar","Better Match","Better Note","Better Sensory Stone","Better Skull","Better Third Choice","BetterRewards","Colored Map","Downfall","Friendly Minions","GifTheSpireLib","JesterMod","Minty Spire (QoL Compilation)","Replay The Spire","StSLib","The Cursed","The Marked","TheSwordswoman"],"gold_per_floor":[112,130,230,247,247,247,267,267,293,293,293,293],"floor_reached":11,"playtime":468,"items_purged":[],"score":66,"play_id":"1c279821-46e7-4ed4-9b02-b8edfbc09e7a","local_time":"20201224182739","is_ascension_mode":true,"campfire_choices":[{"data":"1","floor":6,"key":"LIFT"},{"data":"2","floor":8,"key":"LIFT"}],"circlet_count":0,"master_deck":["theMarked:Strike","theMarked:Strike","theMarked:Strike+1","theMarked:Strike+1","theMarked:Strike","theMarked:Defend","theMarked:Defend","theMarked:Defend","theMarked:Defend","theMarked:SoldierOfQuellstein","blazmod:ButterflyEffect","sneckomod:Strike","theMarked:EnhanceMovement","theMarked:RogueSparks","theMarked:ParalyzingBlade","theMarked:Reabsorb"],"relics":["theMarked:ArtifactOfAir","Girya","Golden Idol","Whetstone","GremlinMask"],"acts_visited":["Exordium"],"potions_floor_usage":[7,11,11],"damage_taken":[{"damage":2,"enemies":"2 Louse","floor":1,"turns":2},{"damage":4,"enemies":"Cultist","floor":2,"turns":4},{"damage":8,"enemies":"Jaw Worm","floor":4,"turns":4},{"damage":18,"enemies":"Large Slime","floor":7,"turns":3},{"damage":21,"enemies":"3 Sentries","floor":11,"turns":6}],"seed_played":"8213970720161004061","potions_obtained":[{"floor":1,"key":"Adrenaline Potion"},{"floor":4,"key":"SteroidPotion"},{"floor":7,"key":"champ:CounterPotion"}],"is_trial":false,"path_per_floor":["M","M","?","M","?","R","M","R","T","?","E"],"character_chosen":"THE_DEFAULT","items_purchased":[],"campfire_rested":0,"item_purchase_floors":[],"current_hp_per_floor":[68,64,64,56,39,39,21,21,21,21,0,0],"gold":293,"neow_bonus":"ONE_RARE_RELIC","is_daily":false,"chose_seed":false,"campfire_upgraded":0,"win_rate":0.0,"timestamp":1608823659,"path_taken":["M","M","?","?","?","R","M","R","T","?","E"],"items_purchased_type":[],"build_version":"2020-12-22","purchased_purges":0,"victory":false,"max_hp_per_floor":[70,70,70,70,70,70,70,70,70,70,70,70],"card_choices":[{"not_picked":["theMarked:TwofoldDefense","theMarked:WardOff"],"picked":"theMarked:EnhanceMovement","floor":1},{"not_picked":["theMarked:TunnelVision","theMarked:Frustration"],"picked":"theMarked:RogueSparks","floor":2},{"not_picked":["theMarked:BanishingWave","theMarked:HeritageOfTheMarked"],"picked":"theMarked:ParalyzingBlade","floor":4},{"not_picked":["theMarked:EnhanceMovement","theMarked:PowerFlow"],"picked":"theMarked:Reabsorb","floor":7}],"player_experience":354616,"relics_obtained":[{"floor":9,"key":"Whetstone"}],"event_choices":[{"damage_healed":0,"gold_gain":100,"player_choice":"Pray","damage_taken":0,"max_hp_gain":0,"max_hp_loss":0,"event_name":"Golden Shrine","floor":3,"gold_loss":0},{"damage_healed":0,"gold_gain":0,"player_choice":"Take Damage","damage_taken":17,"relics_obtained":["Golden Idol"],"max_hp_gain":0,"max_hp_loss":0,"event_name":"Golden Idol","floor":5,"gold_loss":0},{"damage_healed":0,"gold_gain":0,"player_choice":"Trade","damage_taken":0,"relics_obtained":["GremlinMask"],"max_hp_gain":0,"max_hp_loss":0,"event_name":"FaceTrader","floor":10,"gold_loss":0}],"is_beta":false,"boss_relics":[],"items_purged_floors":[],"is_endless":false,"potions_floor_spawned":[1,4,7],"killed_by":"3 Sentries","ascension_level":1}}