{"host":"12piqfhmdln9x2la","time":1608825202,"event":{"mods":["2.2 Compatiblity","AchievementEnabler","BaseMod","BetterRewards","Colored Powertips","Minty Spire (QoL Compilation)","Quick Restart","SuperFastMode"],"gold_per_floor":[110,60,22,38,213,247,247,16,16,29,91,166,166,166],"floor_reached":13,"playtime":203,"items_purged":["Defend_R"],"score":117,"play_id":"c1a2a883-379e-44f5-9941-e05d45b672d4","local_time":"20201225005322","is_ascension_mode":true,"campfire_choices":[{"floor":7,"key":"RECALL"}],"circlet_count":0,"master_deck":["Strike_R","Strike_R","Strike_R","Strike_R","Defend_R","Defend_R","Defend_R","Bash","Spot Weakness","Rupture","Inflame","Doubt","Rampage+1","Armaments","Pommel Strike+1"],"relics":["Burning Blood","NeowsBlessing","Molten Egg 2","Frozen Eye","Charon\u0027s Ashes"],"acts_visited":["Exordium"],"potions_floor_usage":[13],"damage_taken":[{"damage":0,"enemies":"Small Slimes","floor":1,"turns":1},{"damage":0,"enemies":"2 Louse","floor":4,"turns":1},{"damage":0,"enemies":"3 Sentries","floor":6,"turns":1},{"damage":6,"enemies":"Cultist","floor":10,"turns":4},{"damage":46,"enemies":"Lagavulin Event","floor":11,"turns":6},{"damage":37,"enemies":"Lagavulin","floor":13,"turns":5}],"seed_played":"-284442376006646271","potions_obtained":[{"floor":1,"key":"Ancient Potion"},{"floor":11,"key":"PowerPotion"}],"is_trial":false,"path_per_floor":["M","?","$","M","?","E","R","$","T","M","?","?","E"],"character_chosen":"IRONCLAD","items_purchased":["Rupture","Frozen Eye"],"campfire_rested":0,"item_purchase_floors":[3,8],"current_hp_per_floor":[80,80,80,80,80,80,80,80,80,80,40,29,0,0],"gold":166,"neow_bonus":"THREE_ENEMY_KILL","is_daily":false,"chose_seed":false,"campfire_upgraded":0,"win_rate":0.0,"timestamp":1608825202,"path_taken":["M","?","$","M","?","E","R","$","T","M","?","?","E"],"items_purchased_type":["Card","Relic"],"build_version":"2020-12-22","purchased_purges":1,"victory":false,"max_hp_per_floor":[80,80,80,80,80,80,80,80,80,80,80,80,80,80],"card_choices":[{"not_picked":["Blood for Blood","Sword Boomerang"],"picked":"Spot Weakness","floor":1},{"not_picked":["Intimidate","Shrug It Off"],"picked":"Inflame","floor":4},{"not_picked":["Cleave+1","True Grit"],"picked":"Rampage+1","floor":6},{"not_picked":["Rage","Sword Boomerang+1"],"picked":"Armaments","floor":10},{"not_picked":["True Grit","Fire Breathing"],"picked":"Pommel Strike+1","floor":11}],"player_experience":117110,"relics_obtained":[{"floor":6,"key":"Molten Egg 2"},{"floor":11,"key":"Charon\u0027s Ashes"}],"event_choices":[{"cards_removed":["Strike_R"],"damage_healed":0,"gold_gain":0,"player_choice":"Card Removal","damage_taken":0,"max_hp_gain":0,"max_hp_loss":0,"event_name":"The Cleric","floor":2,"gold_loss":50},{"damage_healed":0,"gold_gain":175,"player_choice":"AGREE","damage_taken":0,"max_hp_gain":0,"max_hp_loss":0,"event_name":"Liars Game","floor":5,"gold_loss":0,"cards_obtained":["Doubt"]},{"damage_healed":0,"gold_gain":30,"player_choice":"Searched \u00272\u0027 times","damage_taken":0,"max_hp_gain":0,"max_hp_loss":0,"event_name":"Dead Adventurer","floor":11,"gold_loss":0},{"damage_healed":0,"gold_gain":75,"player_choice":"Gather Gold","damage_taken":11,"max_hp_gain":0,"max_hp_loss":0,"event_name":"World of Goop","floor":12,"gold_loss":0}],"is_beta":false,"boss_relics":[],"items_purged_floors":[8],"is_endless":false,"potions_floor_spawned":[1,11],"killed_by":"Lagavulin","ascension_level":2}}