{"host":"7e10z5l40kwn195d","time":1608807995,"event":{"mods":["ATMod(∞¢Ë™Mod)","BaseMod","Bestiary","Curses Come First","Luminous","Marisa£®ÏF”Í°°ƒß¿Ì…≥£©","Minty Spire (QoL Compilation)","Remilia£®¿Ÿ√◊¿Ú—«£©","Robot Space Explorer","Shop Mod","StSLib","The Alterego","The Bug Knight","The Construct","The Cursed","The Dragon Tamer","The Runesmith","The Servant 0.9.4","Yuyuko","[IsaacMod]“‘»ˆº‚À˛","°æ“≈ŒÔø®≈∆°øREMEMod"],"gold_per_floor":[111,121,132,146,146,157,157,190,190,67,95,41,73,83,83,178,178,190,233,247,265,265,300,225,225,305,305,330,63,63,90,102,209,221,253,277,305,334,363,408,434,464,476,508,536,561,69,69,69,9],"floor_reached":51,"playtime":4342,"items_purged":["HollowMod:QuickDashStart","HollowMod:NailStrikeStart","HollowMod:QuickDashStart","HollowMod:MawleksShell"],"score":947,"play_id":"ba94afcd-0bc7-4bcc-91cf-1bd090974dd3","local_time":"20201224190635","is_ascension_mode":false,"campfire_choices":[{"data":"AT_FamilyPortrait","floor":7.0,"key":"SMITH"},{"data":"HollowMod:GrimmsGift","floor":15.0,"key":"SMITH"},{"data":"HollowMod:SoulSplash","floor":25.0,"key":"SMITH"},{"data":"HollowMod:LifebloodCocoon","floor":27.0,"key":"SMITH"},{"data":"HollowMod:SiblingsSouls","floor":32.0,"key":"SMITH"},{"data":"HollowMod:PureVessel","floor":49,"key":"SMITH"}],"circlet_count":0,"master_deck":["HollowMod:NailStrikeStart+1","HollowMod:QuickDashStart+1","HollowMod:FocusHealStart+1","HollowMod:PogoStrike+1","AT_FamilyPortrait+1","HollowMod:ZotesMagnificence","HollowMod:GrimmsGift+1","HollowMod:HowlingWraiths","HollowMod:CycloneSlash","HollowMod:HuntersJournal+1","HollowMod:SoulStrike","HollowMod:AwokenDreamNail","HollowMod:DashSlash","HollowMod:FastStrike","HollowMod:SoulSplash+1","HollowMod:HowlingWraiths","HollowMod:AwokenDreamNail","HollowMod:SiblingsSouls+1","HollowMod:PerfectDash+1","HollowMod:LifebloodCocoon+1","HollowMod:NewLittleFool","HollowMod:ShapeofUnn+1","HollowMod:ChannelNail","Finesse","HollowMod:SoulSplash","Regret","HollowMod:theNailsmith+1","HollowMod:MantisMark","HollowMod:DoubleDash+1","HollowMod:LifebloodCore","HollowMod:CornifersMapStart+1","HollowMod:PureVessel+1"],"relics":["HollowMod:VesselMask","HushsDoor","REME_ComplimentaryCards","AT_ATBox","REME_PuzzleBoxRelic","AT_TrinityForce","GuppysHairball","MutagenicStrength","AT_SeraphEmbrace","construct:FoamFinger","Nunchaku","MawBank","Coffee Dripper","HollowMod:PaleOreRelic","AT_GuinsooRageblade","MerchantsRug","Bag of Marbles","Oddly Smooth Stone","REME_OnlineShoppingPlatform"],"acts_visited":["Exordium","TheCity","TheBeyond"],"potions_floor_usage":[50,50,50],"damage_taken":[{"damage":0.0,"enemies":"Cultist","floor":1.0,"turns":2.0},{"damage":0.0,"enemies":"Jaw Worm","floor":2.0,"turns":1.0},{"damage":3.0,"enemies":"2 Louse","floor":3.0,"turns":2.0},{"damage":10.0,"enemies":"Exordium Wildlife","floor":4.0,"turns":2.0},{"damage":0.0,"enemies":"2 Fungi Beasts","floor":6.0,"turns":2.0},{"damage":4.0,"enemies":"3 Sentries","floor":8.0,"turns":3.0},{"damage":0.0,"enemies":"Lagavulin","floor":11.0,"turns":3.0},{"damage":5.0,"enemies":"3 Sentries","floor":13.0,"turns":4.0},{"damage":2.0,"enemies":"Looter","floor":14.0,"turns":2.0},{"damage":0.0,"enemies":"Slime Boss","floor":16.0,"turns":3.0},{"damage":0.0,"enemies":"2 Thieves","floor":18.0,"turns":1.0},{"damage":0.0,"enemies":"Spheric Guardian","floor":19.0,"turns":2.0},{"damage":2.0,"enemies":"Chosen and Byrds","floor":20.0,"turns":2.0},{"damage":1.0,"enemies":"Centurion and Healer","floor":21.0,"turns":3.0},{"damage":3.0,"enemies":"Gremlin Leader","floor":23.0,"turns":3.0},{"damage":0.0,"enemies":"Slavers","floor":28.0,"turns":1.0},{"damage":0.0,"enemies":"Shelled Parasite and Fungi","floor":31.0,"turns":1.0},{"damage":9.0,"enemies":"Collector","floor":33.0,"turns":4.0},{"damage":3.0,"enemies":"3 Shapes","floor":35.0,"turns":1.0},{"damage":0.0,"enemies":"3 Darklings","floor":36.0,"turns":1.0},{"damage":0.0,"enemies":"Transient","floor":37.0,"turns":5.0},{"damage":0.0,"enemies":"Sphere and 2 Shapes","floor":38.0,"turns":2.0},{"damage":0.0,"enemies":"3 Darklings","floor":39.0,"turns":2.0},{"damage":0.0,"enemies":"Reptomancer","floor":40.0,"turns":2.0},{"damage":2.0,"enemies":"Writhing Mass","floor":41.0,"turns":2.0},{"damage":13.0,"enemies":"Sphere and 2 Shapes","floor":42.0,"turns":1.0},{"damage":0.0,"enemies":"4 Shapes","floor":44.0,"turns":2.0},{"damage":4.0,"enemies":"Writhing Mass","floor":45.0,"turns":3.0},{"damage":1.0,"enemies":"HollowMod:SlobberingHusk","floor":46.0,"turns":4.0},{"damage":0,"enemies":"HollowMod:Radiance","floor":50,"turns":6}],"seed_played":"-7919617205786523296","potions_obtained":[{"floor":1.0,"key":"CultistPotion"},{"floor":4.0,"key":"Swift Potion"},{"floor":8.0,"key":"CultistPotion"},{"floor":11.0,"key":"SpeedPotion"},{"floor":16.0,"key":"REME_GoldPotion"},{"floor":18.0,"key":"ColorlessPotion"},{"floor":28.0,"key":"Energy Potion"},{"floor":33.0,"key":"ColorlessPotion"},{"floor":37.0,"key":"Strength Potion"},{"floor":41.0,"key":"SkillPotion"},{"floor":42.0,"key":"Weak Potion"}],"is_trial":false,"path_per_floor":["M","M","M","M","?","M","R","E","T","$","E","$","E","M","R","B",null,"M","M","M","M","?","E","?","R","T","R","E","$","?","M","R","B",null,"M","M","M","M","M","E","M","M","T","M","M","M","$","?","R","B",null],"character_chosen":"THE_BUGKNIGHT","items_purchased":["HollowMod:DashSlash","HollowMod:SoulSplash","GuppysHairball","HollowMod:ChannelNail","Finesse","HollowMod:SoulSplash","MerchantsRug","Bag of Marbles","Oddly Smooth Stone","Swift Potion","REME_OnlineShoppingPlatform"],"campfire_rested":0,"item_purchase_floors":[10,12,17,29,29,29,47,47,47,47,47],"current_hp_per_floor":[68,68,65,55,41,41,41,37,37,37,37,37,37,36,36,36,53,53,53,51,50,50,53,53,53,53,53,53,53,53,53,53,53,53,50,50,53,53,53,53,51,38,38,38,44,49,49,49,49,53],"gold":9,"neow_bonus":"REMOVE_TWO","is_daily":false,"chose_seed":false,"campfire_upgraded":6,"win_rate":0.0,"timestamp":1608807995,"path_taken":["M","M","M","M","?","M","R","E","T","$","E","$","E","M","R","BOSS","M","M","M","M","?","E","?","R","T","R","E","$","?","M","R","BOSS","M","M","M","M","M","E","M","M","T","M","M","M","$","?","R","BOSS"],"items_purchased_type":["Card","Card","Relic","Card","Card","Card","Relic","Relic","Relic","Potion","Relic"],"build_version":"2020-12-22","purchased_purges":4,"victory":true,"max_hp_per_floor":[68,68,68,68,68,68,68,68,68,68,68,68,68,68,68,68,53,53,53,53,53,53,53,53,53,53,53,53,53,53,53,53,53,53,53,53,53,53,53,53,53,53,53,53,53,53,53,53,53,53],"card_choices":[{"not_picked":["HollowMod:AbyssShriek","HollowMod:DoubleDash"],"picked":"HollowMod:GrimmsGift","floor":1.0},{"not_picked":["HollowMod:TaintedHusks","HollowMod:NewLittleFool"],"picked":"HollowMod:HowlingWraiths","floor":2.0},{"not_picked":["HollowMod:VengefulVoid","HollowMod:InfectedAttack"],"picked":"HollowMod:CycloneSlash","floor":3.0},{"not_picked":["HollowMod:QuirrelsAssistance","HollowMod:CycloneSlash"],"picked":"HollowMod:HuntersJournal","floor":4.0},{"not_picked":["HollowMod:QuirrelsAssistance","HollowMod:SharpenedNail"],"picked":"HollowMod:SoulStrike","floor":6.0},{"not_picked":["HollowMod:VengefulVoid","HollowMod:Grubsong"],"picked":"HollowMod:AwokenDreamNail","floor":8.0},{"not_picked":["HollowMod:CycloneSlash","HollowMod:SoulStrike"],"picked":"HollowMod:FastStrike","floor":11.0},{"not_picked":["HollowMod:AbyssShriek","HollowMod:SiblingsShadow"],"picked":"HollowMod:HowlingWraiths","floor":13.0},{"not_picked":["HollowMod:InfectedCysts","HollowMod:ShadowDash","HollowMod:Grubsong"],"picked":"SKIP","floor":14.0},{"not_picked":["HollowMod:VoidDash","HollowMod:SoulMaster"],"picked":"HollowMod:AwokenDreamNail","floor":16.0},{"not_picked":["HollowMod:DashSlash","HollowMod:DescendingDark"],"picked":"HollowMod:SiblingsSouls","floor":18.0},{"not_picked":["HollowMod:AbyssShriek","HollowMod:SiblingsSouls","HollowMod:PureNailStrike"],"picked":"SKIP","floor":19.0},{"not_picked":["HollowMod:InfectedAttack+1","HollowMod:CycloneSlash"],"picked":"HollowMod:PerfectDash","floor":20.0},{"not_picked":["HollowMod:InfectedAttack","HollowMod:GrimmsGift"],"picked":"HollowMod:LifebloodCocoon","floor":21.0},{"not_picked":["HollowMod:SiblingsSouls","HollowMod:MothsMistake"],"picked":"HollowMod:NewLittleFool","floor":23.0},{"not_picked":["HollowMod:GrimmsGift","HollowMod:HowlingWraiths"],"picked":"HollowMod:ShapeofUnn","floor":28.0},{"not_picked":["HollowMod:LordofShades","HollowMod:DescendingDark+1","HollowMod:BlackTendrils"],"picked":"SKIP","floor":31.0},{"not_picked":["HollowMod:Weaversong","HollowMod:Hiveblood"],"picked":"HollowMod:theNailsmith","floor":33.0},{"not_picked":["HollowMod:GoodIntentions","HollowMod:NewJinnsSoul+1"],"picked":"HollowMod:MantisMark","floor":35.0},{"not_picked":["HollowMod:NewGlowingWomb","HollowMod:WraithStrike"],"picked":"HollowMod:DoubleDash+1","floor":36.0},{"not_picked":["HollowMod:LifebloodCocoon","HollowMod:DoubleDash"],"picked":"HollowMod:LifebloodCore","floor":37.0},{"not_picked":["HollowMod:CoiledNail","HollowMod:SoulStrike+1"],"picked":"HollowMod:MawleksShell","floor":38.0},{"not_picked":["HollowMod:QuirrelsAssistance","HollowMod:HeavyBlow+1"],"picked":"HollowMod:CornifersMapStart+1","floor":39.0},{"not_picked":["HollowMod:ShapeofUnn+1","HollowMod:QuirrelsAssistance"],"picked":"HollowMod:BaldurShell+1","floor":40.0},{"not_picked":["HollowMod:CrystalDash","HollowMod:HeavyBlow","HollowMod:NewGlowingWomb"],"picked":"SKIP","floor":41.0},{"not_picked":["HollowMod:theNailsmith","HollowMod:TaintedHusks","HollowMod:DungDefenderAura+1"],"picked":"SKIP","floor":42.0},{"not_picked":["HollowMod:DescendingDark+1","HollowMod:InfectedCysts+1","HollowMod:NewGlowingWomb+1"],"picked":"SKIP","floor":44.0},{"not_picked":["HollowMod:MonarchWings","HollowMod:DashSlash","HollowMod:ShadowDash"],"picked":"SKIP","floor":45.0},{"not_picked":["HollowMod:MantisMark+1","HollowMod:DreamGate"],"picked":"HollowMod:PureVessel","floor":46.0}],"player_experience":277092,"relics_obtained":[{"floor":8.0,"key":"REME_PuzzleBoxRelic"},{"floor":9.0,"key":"AT_SilvercatRing"},{"floor":11.0,"key":"GnawedLeaf"},{"floor":13.0,"key":"GuppysTail"},{"floor":23.0,"key":"AT_ArchangelStaff"},{"floor":26.0,"key":"construct:FoamFinger"},{"floor":28.0,"key":"Nunchaku"},{"floor":40.0,"key":"HollowMod:PaleOreRelic"},{"floor":43.0,"key":"AT_GuinsooRageblade"}],"event_choices":[{"damage_healed":0.0,"max_hp_gain":0.0,"max_hp_loss":0.0,"gold_gain":0.0,"event_name":"Shining Light","player_choice":"Entered Light","floor":5.0,"gold_loss":0.0,"damage_taken":14.0,"cards_upgraded":["HollowMod:QuickDashStart","HollowMod:PogoStrike"]},{"damage_healed":0.0,"max_hp_gain":0.0,"max_hp_loss":0.0,"gold_gain":0.0,"event_name":"Drug Dealer","player_choice":"Inject Mutagens","floor":22.0,"gold_loss":0.0,"damage_taken":0.0,"relics_obtained":["MutagenicStrength"]},{"cards_removed":["HollowMod:NailStrikeStart"],"damage_healed":0.0,"max_hp_gain":0.0,"max_hp_loss":0.0,"gold_gain":0.0,"event_name":"Beggar","player_choice":"Gave Gold","floor":24.0,"gold_loss":75.0,"damage_taken":0.0},{"damage_healed":0.0,"max_hp_gain":0.0,"max_hp_loss":0.0,"gold_gain":0.0,"event_name":"The Mausoleum","player_choice":"Opened","floor":30.0,"gold_loss":0.0,"damage_taken":0.0,"relics_obtained":["MawBank"]},{"cards_removed":["HollowMod:BaldurShell"],"damage_healed":0,"gold_gain":0,"player_choice":"Removed Power","damage_taken":0,"max_hp_gain":0,"max_hp_loss":0,"event_name":"Falling","floor":48,"gold_loss":0}],"is_beta":false,"boss_relics":[{"not_picked":["construct:WeddingRing","Calling Bell"],"picked":"AT_TrinityForce"},{"not_picked":[]},{"not_picked":["REME_LowDesire","Busted Crown"],"picked":"Coffee Dripper"},{"not_picked":[]}],"items_purged_floors":[10,17,29,47],"is_endless":false,"potions_floor_spawned":[1,4,8,11,13,16,18,28,31,33,35,37,41,42],"ascension_level":0}}