{"host":"wwqaob8nn4pt4am5","time":1608815570,"event":{"mods":["BaseMod","Better Vampires","Colored Map","Colored Powertips","KinomotoSakuraMod(ƒæ÷Æ±æ”£)","Marisa£®ÏF”Í°°ƒß¿Ì…≥£©","Minty Spire (QoL Compilation)","MostiFishMod","Quick Restart","Remilia£®¿Ÿ√◊¿Ú—«£©","Replay The Spire","StSLib","The Cursed","The Servant 0.9.4","WarShipGirlsR/’ΩΩ¢…Ÿ≈ÆR mod","Youmu£®ªÍ∆«—˝√Œ£©","vexMod","°æ“≈ŒÔø®≈∆°øREMEMod"],"gold_per_floor":[114,114,132,151,164,164,193,193],"floor_reached":7,"playtime":176,"items_purged":[],"score":53,"play_id":"937860a5-a4f5-4cb2-b5eb-42d49a627cb7","local_time":"20201224211250","is_ascension_mode":false,"campfire_choices":[{"data":"TheWorld","floor":6,"key":"SMITH"}],"circlet_count":0,"master_deck":["Strike_S","Strike_S","Strike_S","Strike_S","Defend_S","Defend_S","Defend_S","Defend_S","KidneyShot","Exchange","TheCursedMod:Hemoplague","BestPractice","TheWorld+1","Orbit","Luminosity","Ricochet"],"relics":["Uniform","REME_ComplimentaryCards","DaveBox","BirthdayGift-Tetrahedron","NeowsBlessing","SynthV:TestCard"],"acts_visited":["Exordium"],"potions_floor_usage":[],"damage_taken":[{"damage":0,"enemies":"Cultist","floor":1,"turns":1},{"damage":0,"enemies":"Small Slimes","floor":3,"turns":1},{"damage":0,"enemies":"2 Louse","floor":4,"turns":1},{"damage":5,"enemies":"Lots of Slimes","floor":5,"turns":2},{"damage":11,"enemies":"3 Sentries","floor":7,"turns":3}],"seed_played":"-2364461516027788216","potions_obtained":[{"floor":4,"key":"Milkshake"},{"floor":5,"key":"LifebloodPotion"}],"is_trial":false,"path_per_floor":["M","?","M","M","M","R","E"],"character_chosen":"THE_SERVANT","items_purchased":[],"campfire_rested":0,"item_purchase_floors":[],"current_hp_per_floor":[65,65,65,65,60,60,49,49],"gold":193,"neow_bonus":"THREE_ENEMY_KILL","is_daily":false,"chose_seed":false,"campfire_upgraded":1,"win_rate":0.0,"timestamp":1608815570,"path_taken":["M","?","M","M","?","R","E"],"items_purchased_type":[],"build_version":"2020-12-22","purchased_purges":0,"victory":false,"max_hp_per_floor":[65,65,65,65,65,65,65,65],"card_choices":[{"not_picked":["BottledTime","TimeTheft"],"picked":"BestPractice","floor":1},{"not_picked":["Ricochet","Read","Rearm","Manipulate"],"picked":"Orbit","floor":3},{"not_picked":["Ricochet","Sabotage","Replace","Potential"],"picked":"Luminosity","floor":4},{"not_picked":["SpecialFormula","Starlight","TimeWarp","DoubleEdge"],"picked":"Ricochet","floor":5}],"player_experience":59771,"relics_obtained":[{"floor":1,"key":"SynthV:TestCard"}],"event_choices":[{"damage_healed":0,"gold_gain":0,"player_choice":"1 cards matched","damage_taken":0,"max_hp_gain":0,"max_hp_loss":0,"event_name":"Match and Keep!","floor":2,"gold_loss":0,"cards_obtained":["TheWorld"]}],"is_beta":false,"boss_relics":[],"items_purged_floors":[],"is_endless":false,"potions_floor_spawned":[4,5],"killed_by":"3 Sentries","ascension_level":0}}