{"host":"8xt6qtpg1rkermdd","time":1608802790,"event":{"mods":["AchievementEnabler","Astrologer","Bard","BaseMod","Colored Powertips","Downfall","Hermit","Highlight Path","Hubris","Infinite Spire","Jorbs\u0027s Wanderer Trilogy","Marisa????????","Minty Spire (QoL Compilation)","Replay The Spire","Shade Mod","StSLib","The Blackbeard","The Bladedancer","The Bug Knight","The Construct","The Cursed","The Disciple","The Dragon Tamer","The Gatherer","The Hayseed","The Marked","The Necromancer","The Runesmith","The Servant 0.9.4","TheArtist"],"gold_per_floor":[114,114,189,208,222,222,238,238,290,290,304,24,24,44,44,44,44],"floor_reached":16,"playtime":3242,"items_purged":[],"score":92,"play_id":"bb0fa801-61aa-4b37-9cdb-fe4a0e67e0b9","local_time":"20201224033950","is_ascension_mode":false,"campfire_choices":[{"data":"Loop","floor":6,"key":"SMITH"},{"data":"Storm","floor":8,"key":"SMITH"},{"data":"Zap","floor":10,"key":"SMITH"},{"data":"BasicCrystalCard","floor":13,"key":"SMITH"},{"data":"Crystallizer","floor":15,"key":"SMITH"}],"circlet_count":0,"master_deck":["Strike_B","Strike_B","Strike_B","Strike_B","Defend_B","Defend_B","Defend_B","Defend_B","Zap+1","Dualcast","SwitchConfidence","Mirror Shield","Loop+1","BasicCrystalCard+1","Redo","Storm+1","Loop","Crystallizer+1","Cold Snap","Stack","Double Energy"],"relics":["Cracked Core","hubris:SlimyHat","Replay:Mystery Machine"],"acts_visited":["Exordium"],"potions_floor_usage":[],"damage_taken":[{"damage":6,"enemies":"Small Slimes","floor":1,"turns":3},{"damage":6,"enemies":"Jaw Worm","floor":4,"turns":3},{"damage":2,"enemies":"Cultist","floor":5,"turns":3},{"damage":7,"enemies":"Looter","floor":7,"turns":4},{"damage":20,"enemies":"3 Louse","floor":11,"turns":4},{"damage":10,"enemies":"Large Slime","floor":14,"turns":3},{"damage":24,"enemies":"Slime Boss","floor":16,"turns":3}],"seed_played":"6675718496535149741","potions_obtained":[{"floor":5,"key":"construct:ShiftPotion"},{"floor":7,"key":"Languid Potion"},{"floor":14,"key":"Adrenaline Potion"}],"is_trial":false,"path_per_floor":["M","?","?","M","M","R","M","R","T","R","M","$","R","M","R","B"],"character_chosen":"DEFECT","items_purchased":["Crystallizer","Cold Snap","Replay:Mystery Machine","Stack"],"campfire_rested":0,"item_purchase_floors":[12,12,12,12],"current_hp_per_floor":[69,69,62,56,54,54,47,47,47,47,27,27,27,17,17,0,0],"gold":44,"neow_bonus":"THREE_RARE_CARDS","is_daily":false,"chose_seed":false,"campfire_upgraded":5,"win_rate":0.0,"timestamp":1608802790,"path_taken":["M","?","?","M","M","R","M","R","T","R","M","$","R","?","R","BOSS"],"items_purchased_type":["Card","Card","Relic","Card"],"build_version":"2020-12-22","purchased_purges":0,"victory":false,"max_hp_per_floor":[75,75,75,75,75,75,75,75,75,75,75,75,75,75,75,75,75],"card_choices":[{"not_picked":["Buffer","hubris:SpecializedCircuitry"],"picked":"Mirror Shield","floor":0},{"not_picked":["Beam Cell","ReplayTheSpireMod:Reroute Power"],"picked":"Loop","floor":1},{"not_picked":["ReplaySort","Panic Button"],"picked":"BasicCrystalCard","floor":4},{"not_picked":["Sweeping Beam","Hello World"],"picked":"Redo","floor":5},{"not_picked":["Panic Button","BootSequence"],"picked":"Storm","floor":7},{"not_picked":["ReplaySolidLightProjector","Lockon"],"picked":"Loop","floor":11},{"not_picked":["ReplaySolidLightProjector","Steam"],"picked":"Double Energy","floor":14}],"player_experience":23501,"relics_obtained":[{"floor":9,"key":"hubris:SlimyHat"}],"event_choices":[{"damage_healed":0,"gold_gain":0,"player_choice":"Leave","damage_taken":0,"max_hp_gain":0,"max_hp_loss":0,"event_name":"The Cleric","floor":2,"gold_loss":0},{"damage_healed":0,"gold_gain":75,"player_choice":"Touch","damage_taken":7,"max_hp_gain":0,"max_hp_loss":0,"event_name":"FaceTrader","floor":3,"gold_loss":0}],"is_beta":false,"boss_relics":[],"items_purged_floors":[],"is_endless":false,"potions_floor_spawned":[5,7,14],"killed_by":"Slime Boss","ascension_level":0}}