{"host":"12piqfhmdln9x2la","time":1608800474,"event":{"mods":["2.2 Compatiblity","AchievementEnabler","BaseMod","BetterRewards","Colored Powertips","Minty Spire (QoL Compilation)","Quick Restart","SuperFastMode"],"gold_per_floor":[118,118,293,293,310,340,357,387,463,498,498,498,527,544,544,648,648,664,664,676,694,694,694],"floor_reached":22,"playtime":448,"items_purged":[],"score":313,"play_id":"e1da7012-fee8-4337-b8bc-cc921b121a75","local_time":"20201224180114","is_ascension_mode":true,"campfire_choices":[{"floor":15,"key":"RECALL"}],"circlet_count":0,"master_deck":["Strike_R","Strike_R","Strike_R","Strike_R","Strike_R","Defend_R","Defend_R","Defend_R","Defend_R","Bash","Anger","Regret","Hemokinesis","Feed","Thunderclap","Heavy Blade","Seeing Red+1","Rupture","Heavy Blade","Limit Break+1"],"relics":["Burning Blood","NeowsBlessing","CaptainsWheel","Centennial Puzzle","Strawberry","Toxic Egg 2","Lantern","Tiny Chest","Busted Crown","Singing Bowl"],"acts_visited":["Exordium","TheCity"],"potions_floor_usage":[5,10,13,16,16,16,16,22,22],"damage_taken":[{"damage":0,"enemies":"Cultist","floor":1,"turns":1},{"damage":0,"enemies":"Small Slimes","floor":5,"turns":1},{"damage":0,"enemies":"Gremlin Nob","floor":6,"turns":1},{"damage":9,"enemies":"Jaw Worm","floor":7,"turns":2},{"damage":26,"enemies":"Lagavulin","floor":8,"turns":5},{"damage":26,"enemies":"3 Sentries","floor":10,"turns":8},{"damage":19,"enemies":"Gremlin Nob","floor":13,"turns":3},{"damage":14,"enemies":"Exordium Wildlife","floor":14,"turns":2},{"damage":26,"enemies":"Hexaghost","floor":16,"turns":6},{"damage":38,"enemies":"Chosen","floor":18,"turns":5},{"damage":28,"enemies":"2 Thieves","floor":20,"turns":4},{"damage":34,"enemies":"Centurion and Healer","floor":21,"turns":6},{"damage":31,"enemies":"Cultist and Chosen","floor":22,"turns":4}],"seed_played":"7193087966061596875","potions_obtained":[{"floor":5,"key":"Fruit Juice"},{"floor":7,"key":"ColorlessPotion"},{"floor":8,"key":"Dexterity Potion"},{"floor":10,"key":"BlessingOfTheForge"},{"floor":12,"key":"Fire Potion"},{"floor":12,"key":"EntropicBrew"},{"floor":16,"key":"LiquidBronze"},{"floor":18,"key":"Swift Potion"}],"is_trial":false,"path_per_floor":["M","?","?","?","M","E","M","E","T","E","T","?","E","M","R","B",null,"M","?","M","M","M"],"character_chosen":"IRONCLAD","items_purchased":[],"campfire_rested":0,"item_purchase_floors":[],"current_hp_per_floor":[80,80,80,80,85,85,85,72,72,55,55,55,42,34,34,33,98,66,66,49,26,0,0],"gold":694,"neow_bonus":"THREE_ENEMY_KILL","is_daily":false,"chose_seed":false,"campfire_upgraded":0,"win_rate":0.0,"timestamp":1608800474,"path_taken":["M","?","?","?","?","E","M","E","T","E","?","?","E","M","R","BOSS","M","?","M","M","M"],"items_purchased_type":[],"build_version":"2020-12-22","purchased_purges":0,"victory":false,"max_hp_per_floor":[80,80,80,80,85,85,88,95,95,98,98,98,98,98,98,98,98,98,98,103,108,111,111],"card_choices":[{"not_picked":["Perfected Strike","Havoc"],"picked":"Anger","floor":1},{"not_picked":["Rage","True Grit"],"picked":"Hemokinesis","floor":5},{"not_picked":["Brutality","Clash"],"picked":"Feed","floor":6},{"not_picked":["Clash","Sword Boomerang"],"picked":"Thunderclap","floor":7},{"not_picked":["Body Slam","Twin Strike"],"picked":"Heavy Blade","floor":8},{"not_picked":["Dropkick","Heavy Blade"],"picked":"Seeing Red+1","floor":10},{"not_picked":["Power Through+1","True Grit+1"],"picked":"Rupture","floor":13},{"not_picked":["Twin Strike","Shrug It Off+1"],"picked":"Heavy Blade","floor":14},{"not_picked":["Feed","Exhume+1"],"picked":"Limit Break+1","floor":16},{"not_picked":["Dark Embrace+1"],"picked":"SKIP","floor":18},{"not_picked":["Clothesline"],"picked":"Singing Bowl","floor":20},{"not_picked":["Body Slam"],"picked":"Singing Bowl","floor":21}],"player_experience":114944,"relics_obtained":[{"floor":6,"key":"Centennial Puzzle"},{"floor":8,"key":"Strawberry"},{"floor":10,"key":"Toxic Egg 2"},{"floor":11,"key":"Lantern"},{"floor":13,"key":"Tiny Chest"}],"event_choices":[{"damage_healed":0,"gold_gain":0,"player_choice":"Box","damage_taken":0,"relics_obtained":["CaptainsWheel"],"max_hp_gain":0,"max_hp_loss":0,"event_name":"Big Fish","floor":2,"gold_loss":0,"cards_obtained":["Regret"]},{"damage_healed":0,"gold_gain":175,"player_choice":"AGREE","damage_taken":0,"max_hp_gain":0,"max_hp_loss":0,"event_name":"Liars Game","floor":3,"gold_loss":0,"cards_obtained":["Doubt"]},{"cards_removed":["Doubt"],"damage_healed":0,"gold_gain":0,"player_choice":"Forget","damage_taken":0,"max_hp_gain":0,"max_hp_loss":0,"event_name":"Living Wall","floor":4,"gold_loss":0},{"damage_healed":0,"gold_gain":0,"player_choice":"Got Potions","damage_taken":0,"max_hp_gain":0,"max_hp_loss":0,"event_name":"Lab","floor":12,"gold_loss":0},{"damage_healed":0,"gold_gain":0,"player_choice":"Opened","damage_taken":0,"relics_obtained":["Singing Bowl"],"max_hp_gain":0,"max_hp_loss":0,"event_name":"The Mausoleum","floor":19,"gold_loss":0}],"is_beta":false,"boss_relics":[{"not_picked":["Runic Dome","SacredBark"],"picked":"Busted Crown"}],"items_purged_floors":[],"is_endless":false,"potions_floor_spawned":[5,7,8,10,16,18,20],"killed_by":"Cultist and Chosen","ascension_level":2}}