{"host":"egyxg9lnjq7g2hmw","time":1608775719,"event":{"mods":["AchievementEnabler","BaseMod","Block Reminder","Colored Map","Colored Powertips","Highlight Path","Minty Spire (QoL Compilation)","Rare Cards Sparkle","StSLib"],"gold_per_floor":[113,113,113,158,178,178,193,193,193],"floor_reached":8,"playtime":247,"items_purged":[],"score":92,"play_id":"5e37e56c-1be4-4d12-9e87-5dd7ee0e0c78","local_time":"20201223180839","is_ascension_mode":true,"campfire_choices":[{"data":"Neutralize","floor":6,"key":"SMITH"}],"circlet_count":0,"master_deck":["AscendersBane","Strike_G+1","Strike_G","Strike_G","Strike_G","Strike_G","Defend_G+1","Defend_G","Defend_G","Defend_G","Defend_G","Survivor","Neutralize+1","Masterful Stab","Backflip","Underhanded Strike"],"relics":["Ring of the Snake","Anchor","Bag of Marbles","Potion Belt"],"acts_visited":["Exordium"],"potions_floor_usage":[8],"damage_taken":[{"damage":2,"enemies":"Jaw Worm","floor":1,"turns":5},{"damage":0,"enemies":"2 Louse","floor":5,"turns":2},{"damage":0,"enemies":"Cultist","floor":7,"turns":2},{"damage":43,"enemies":"Lagavulin","floor":8,"turns":6}],"seed_played":"5809201385899053641","potions_obtained":[{"floor":1,"key":"Regen Potion"},{"floor":5,"key":"Explosive Potion"}],"is_trial":false,"path_per_floor":["M","?","?","T","M","R","M","E"],"character_chosen":"THE_SILENT","items_purchased":[],"campfire_rested":0,"item_purchase_floors":[],"current_hp_per_floor":[57,46,26,26,26,26,26,0,0],"gold":193,"neow_bonus":"RANDOM_COMMON_RELIC","is_daily":false,"chose_seed":false,"campfire_upgraded":1,"win_rate":0.0,"timestamp":1608775719,"path_taken":["M","?","?","?","?","R","M","E"],"items_purchased_type":[],"build_version":"2020-12-22","purchased_purges":0,"victory":false,"max_hp_per_floor":[66,66,66,66,66,66,66,66,66],"card_choices":[{"not_picked":["Tactician","Heel Hook"],"picked":"Masterful Stab","floor":1},{"not_picked":["Infinite Blades","Dodge and Roll"],"picked":"Backflip","floor":5},{"not_picked":["Quick Slash","Caltrops"],"picked":"Underhanded Strike","floor":7}],"player_experience":576911,"relics_obtained":[{"floor":4,"key":"Potion Belt"}],"event_choices":[{"damage_healed":0,"gold_gain":0,"player_choice":"Success","damage_taken":11,"relics_obtained":["Bag of Marbles"],"max_hp_gain":0,"max_hp_loss":0,"event_name":"Scrap Ooze","floor":2,"gold_loss":0},{"damage_healed":0,"gold_gain":0,"player_choice":"Entered Light","damage_taken":20,"max_hp_gain":0,"max_hp_loss":0,"event_name":"Shining Light","floor":3,"gold_loss":0,"cards_upgraded":["Defend_G","Strike_G"]}],"is_beta":false,"boss_relics":[],"items_purged_floors":[],"is_endless":false,"potions_floor_spawned":[1,5],"killed_by":"Lagavulin","ascension_level":20}}