{"host":"ged1bqtamtf4sn4x","time":1608835097,"event":{"mods":["BaseMod","Colored Map","DeckTracker","Highlight Path","Keyboard Shortcuts","Minty Spire (QoL Compilation)","Permanent Neow","Quick Restart","SuperFastMode","everything is the same but u backflip on backflip"],"gold_per_floor":[110,125,143,153,153,153,179,179,225,237,272,301,339,351,363,477,489,511,537,567,598,126,126,154,154,154,186,39,70,82,7,7,106,106,120,120,135,0,16,51,51,51,99,99,99,112,139,139,139,139,139],"floor_reached":50,"playtime":1961,"items_purged":["Strike_G"],"score":857,"play_id":"49e26218-ff46-4179-b669-ce76b37f70b4","local_time":"20201225033817","is_ascension_mode":true,"campfire_choices":[{"data":"Poisoned Stab","floor":6.0,"key":"SMITH"},{"data":"Catalyst","floor":8.0,"key":"SMITH"},{"data":"Dash","floor":10.0,"key":"SMITH"},{"data":"Catalyst","floor":15.0,"key":"SMITH"},{"data":"Noxious Fumes","floor":23,"key":"SMITH"},{"floor":32,"key":"REST"},{"floor":41,"key":"REST"},{"floor":45,"key":"REST"},{"data":"Forethought","floor":49,"key":"SMITH"}],"circlet_count":0,"master_deck":["Strike_G+1","Defend_G+1","Defend_G+1","Defend_G+1","Defend_G+1","Defend_G+1","Survivor+1","Neutralize+1","Catalyst+1","Dash+1","Poisoned Stab+1","Backflip+1","Flying Knee+1","Prepared+1","Catalyst+1","Bouncing Flask+1","Deadly Poison+1","Escape Plan+1","Quick Slash+1","Noxious Fumes+1","Escape Plan+1","PiercingWail+1","Night Terror+1","Outmaneuver+1","Deflect+1","Escape Plan","Forethought+1"],"relics":["Ring of the Snake","Dream Catcher","Matryoshka","MawBank","Anchor","Odd Mushroom","Mango","Sozu","Gambling Chip","Bag of Preparation","Lantern","Molten Egg 2","CaptainsWheel","Strange Spoon","War Paint","SlaversCollar","Ornamental Fan","Red Mask","Blue Candle","Mark of the Bloom","MealTicket","Strawberry"],"acts_visited":["Exordium","TheCity","TheBeyond"],"potions_floor_usage":[],"damage_taken":[{"damage":2.0,"enemies":"2 Louse","floor":1.0,"turns":4.0},{"damage":7.0,"enemies":"Jaw Worm","floor":2.0,"turns":6.0},{"damage":7.0,"enemies":"Small Slimes","floor":3.0,"turns":4.0},{"damage":17.0,"enemies":"Gremlin Gang","floor":4.0,"turns":6.0},{"damage":17.0,"enemies":"3 Sentries","floor":7.0,"turns":13.0},{"damage":7.0,"enemies":"The Mushroom Lair","floor":11.0,"turns":5.0},{"damage":0.0,"enemies":"2 Fungi Beasts","floor":12.0,"turns":4.0},{"damage":13.0,"enemies":"Gremlin Nob","floor":13.0,"turns":3.0},{"damage":0.0,"enemies":"Hexaghost","floor":16.0,"turns":5.0},{"damage":0,"enemies":"Shell Parasite","floor":18,"turns":2},{"damage":0,"enemies":"Spheric Guardian","floor":19,"turns":2},{"damage":1,"enemies":"Snake Plant","floor":20,"turns":3},{"damage":0,"enemies":"Shelled Parasite and Fungi","floor":21,"turns":4},{"damage":23,"enemies":"Slavers","floor":24,"turns":5},{"damage":16,"enemies":"Book of Stabbing","floor":27,"turns":4},{"damage":4,"enemies":"Slavers","floor":29,"turns":6},{"damage":5,"enemies":"Centurion and Healer","floor":30,"turns":4},{"damage":0,"enemies":"Champ","floor":33,"turns":4},{"damage":0,"enemies":"3 Shapes","floor":35,"turns":5},{"damage":3,"enemies":"Orb Walker","floor":37,"turns":2},{"damage":18,"enemies":"Writhing Mass","floor":39,"turns":4},{"damage":15,"enemies":"Nemesis","floor":40,"turns":3},{"damage":19,"enemies":"Spire Growth","floor":46,"turns":3},{"damage":27,"enemies":"Reptomancer","floor":47,"turns":4},{"damage":27,"enemies":"Awakened One","floor":50,"turns":3}],"seed_played":"-3434176734252769579","potions_obtained":[{"floor":2.0,"key":"FearPotion"},{"floor":3.0,"key":"GamblersBrew"},{"floor":7.0,"key":"Dexterity Potion"},{"floor":13.0,"key":"Strength Potion"}],"is_trial":false,"path_per_floor":["M","M","M","M","?","R","E","R","T","R","?","M","E","?","R","B",null,"M","M","M","M","$","R","E","?","T","E","$","E","M","?","R","B",null,"M","?","M","?","M","E","R","?","T","$","R","M","E","?","R","B"],"character_chosen":"THE_SILENT","items_purchased":["Gambling Chip","Noxious Fumes","Escape Plan","Strange Spoon"],"campfire_rested":3,"item_purchase_floors":[22,22,22,28],"current_hp_per_floor":[68,61,54,37,60,60,43,43,43,43,36,36,37,37,37,37,84,84,84,83,83,83,83,60,60,60,44,44,40,35,35,60,60,84,84,84,81,81,63,48,73,73,73,73,73,54,27,27,27,0,0],"gold":139,"neow_bonus":"RANDOM_COMMON_RELIC","is_daily":false,"chose_seed":false,"campfire_upgraded":6,"win_rate":0.0,"timestamp":1608835097,"path_taken":["M","M","M","M","?","R","E","R","T","R","?","M","E","?","R","BOSS","M","M","M","?","$","R","E","?","T","E","$","E","M","?","R","BOSS","M","?","?","?","M","E","R","?","T","$","R","M","E","?","R","BOSS"],"items_purchased_type":["Relic","Card","Card","Relic"],"build_version":"2020-12-22","purchased_purges":1,"victory":false,"max_hp_per_floor":[70,70,70,70,70,70,70,70,70,70,70,70,84,84,84,84,84,84,84,84,84,84,84,84,84,84,84,84,84,84,84,84,84,84,84,84,84,84,84,84,84,84,84,84,84,84,91,91,91,91,91],"card_choices":[{"not_picked":["Quick Slash","Acrobatics"],"picked":"Catalyst","floor":1.0},{"not_picked":["Distraction","Sucker Punch"],"picked":"Dash","floor":2.0},{"not_picked":["Dagger Throw","Skewer"],"picked":"Poisoned Stab","floor":3.0},{"not_picked":["Underhanded Strike","Infinite Blades"],"picked":"Backflip","floor":4.0},{"not_picked":["Backstab","Riddle With Holes"],"picked":"Flying Knee","floor":7.0},{"not_picked":["Setup","Sucker Punch"],"picked":"Prepared","floor":12.0},{"not_picked":["Adrenaline","Caltrops"],"picked":"Catalyst","floor":13.0},{"not_picked":["Riddle With Holes+1","Dodge and Roll+1"],"picked":"Deadly Poison+1","floor":18},{"not_picked":["Quick Slash","Slice"],"picked":"Escape Plan","floor":19},{"not_picked":["Expertise+1","Eviscerate+1","Acrobatics"],"picked":"SKIP","floor":20},{"not_picked":["Accuracy","Deadly Poison"],"picked":"Quick Slash+1","floor":21},{"not_picked":["Envenom","Setup","Expertise"],"picked":"SKIP","floor":24},{"not_picked":["Acrobatics","Dagger Spray+1","Dash+1"],"picked":"SKIP","floor":27},{"not_picked":["Backstab+1","Calculated Gamble","Poisoned Stab+1"],"picked":"SKIP","floor":29},{"not_picked":["Outmaneuver","Deflect","Concentrate"],"picked":"SKIP","floor":30},{"not_picked":["Bane+1","Prepared"],"picked":"PiercingWail","floor":32},{"not_picked":["Glass Knife+1","Envenom"],"picked":"Night Terror","floor":33},{"not_picked":["Finisher+1","Dodge and Roll","Footwork"],"picked":"SKIP","floor":35},{"not_picked":["Cloak And Dagger+1","Sucker Punch+1"],"picked":"Outmaneuver+1","floor":37},{"not_picked":["Quick Slash+1","Flying Knee+1"],"picked":"Deflect+1","floor":39},{"not_picked":["Infinite Blades+1","A Thousand Cuts","Predator+1"],"picked":"SKIP","floor":40},{"not_picked":["Underhanded Strike+1","Calculated Gamble"],"picked":"Escape Plan","floor":45},{"not_picked":["Predator+1","Slice+1","Bane+1"],"picked":"SKIP","floor":46},{"not_picked":["Cloak And Dagger+1","Choke+1","Blade Dance+1"],"picked":"SKIP","floor":47},{"not_picked":["Mind Blast+1","Dark Shackles"],"picked":"Forethought","floor":48}],"player_experience":399802,"relics_obtained":[{"floor":7.0,"key":"Matryoshka"},{"floor":9.0,"key":"MawBank"},{"floor":9.0,"key":"Anchor"},{"floor":11.0,"key":"Odd Mushroom"},{"floor":13.0,"key":"Mango"},{"floor":24,"key":"Bag of Preparation"},{"floor":26,"key":"Lantern"},{"floor":26,"key":"Molten Egg 2"},{"floor":27,"key":"CaptainsWheel"},{"floor":29,"key":"War Paint"},{"floor":40,"key":"Blue Candle"},{"floor":43,"key":"MealTicket"},{"floor":47,"key":"Strawberry"}],"event_choices":[{"damage_healed":23.0,"max_hp_gain":0.0,"max_hp_loss":0.0,"gold_gain":0.0,"event_name":"Big Fish","player_choice":"Banana","floor":5.0,"gold_loss":0.0,"damage_taken":0.0},{"damage_healed":0.0,"max_hp_gain":0.0,"max_hp_loss":0.0,"gold_gain":0.0,"event_name":"Mushrooms","player_choice":"Fought Mushrooms","floor":11.0,"gold_loss":0.0,"damage_taken":0.0},{"damage_healed":0.0,"max_hp_gain":0.0,"max_hp_loss":0.0,"gold_gain":0.0,"cards_transformed":["Strike_G"],"event_name":"Transmorgrifier","player_choice":"Transformed","floor":14.0,"gold_loss":0.0,"damage_taken":0.0,"cards_obtained":["Bouncing Flask"]},{"cards_removed":["Strike_G"],"damage_healed":0,"gold_gain":0,"player_choice":"Elegance","damage_taken":0,"max_hp_gain":0,"max_hp_loss":0,"event_name":"Back to Basics","floor":25,"gold_loss":0},{"cards_removed":["Strike_G"],"damage_healed":0,"gold_gain":0,"player_choice":"Gave Gold","damage_taken":0,"max_hp_gain":0,"max_hp_loss":0,"event_name":"Beggar","floor":31,"gold_loss":75},{"damage_healed":0,"gold_gain":0,"player_choice":"Gave Potion","damage_taken":0,"relics_obtained":["Ornamental Fan"],"max_hp_gain":0,"max_hp_loss":0,"event_name":"WeMeetAgain","floor":36,"gold_loss":0},{"damage_healed":0,"gold_gain":0,"player_choice":"Paid","damage_taken":0,"relics_obtained":["Red Mask"],"max_hp_gain":0,"max_hp_loss":0,"event_name":"Tomb of Lord Red Mask","floor":38,"gold_loss":135},{"damage_healed":0,"gold_gain":0,"player_choice":"Upgrade","damage_taken":0,"relics_obtained":["Mark of the Bloom"],"max_hp_gain":0,"max_hp_loss":0,"event_name":"MindBloom","floor":42,"gold_loss":0,"cards_upgraded":["Strike_G","Defend_G","Defend_G","Defend_G","Survivor","Neutralize","Backflip","Flying Knee","Prepared","Bouncing Flask","Escape Plan","Escape Plan","PiercingWail","Night Terror"]},{"damage_healed":0,"gold_gain":0,"player_choice":"Memory 1","damage_taken":0,"max_hp_gain":0,"max_hp_loss":0,"event_name":"SensoryStone","floor":48,"gold_loss":0}],"is_beta":false,"boss_relics":[{"not_picked":["Tiny House","Ectoplasm"],"picked":"Sozu"},{"not_picked":["Fusion Hammer","HoveringKite"],"picked":"SlaversCollar"}],"items_purged_floors":[22],"is_endless":false,"potions_floor_spawned":[2,3,7,13,18,19,24,46],"killed_by":"Awakened One","ascension_level":4}}