{"host":"od099uxc49ip1k8b","time":1608819238,"event":{"mods":["Act Like it!","BaseMod","Downfall","Gensokyo","Hermit","Marisa????????","Minty Spire (QoL Compilation)","Remilia??????","StSLib","The Animator","The Cursed","The Servant 0.9.4"],"gold_per_floor":[112,132,132,6,16,16,30,30,101,129,129,129,154,164,164,260,260,278,297,308,323,48,80,94,94,94],"floor_reached":25,"playtime":3879,"items_purged":[],"score":260,"play_id":"cacd1210-12cc-41db-ad0c-655824d91e44","local_time":"20201224091358","is_ascension_mode":false,"campfire_choices":[{"floor":6,"key":"RECALL"},{"data":"MasterSpark","floor":8,"key":"SMITH"},{"data":"LuminesStrike","floor":11,"key":"SMITH"},{"floor":15,"key":"REST"}],"circlet_count":0,"master_deck":["Strike_MRS","Strike_MRS","Strike_MRS+1","Strike_MRS","Defend_MRS","Defend_MRS","Defend_MRS","Defend_MRS","MasterSpark+1","UpSweep","MysteriousBeam+1","GrandCross","EarthLightRay","expansioncontent:DonusPower","GravityBeat","LuminesStrike+1","PulseMagic","SporeBomb","CasketOfStar","MilkyWay","IllusionStar","GalacticHalo","DoubleSpark","DeepEcoloBomb+1","GalacticHalo","PropBag","WitchLeyline"],"relics":["MiniHakkero","Blood Vial","Oddly Smooth Stone","Sozu","Whetstone","Letter Opener"],"acts_visited":["Exordium","TheCity"],"potions_floor_usage":[],"damage_taken":[{"damage":6,"enemies":"Jaw Worm","floor":1,"turns":4},{"damage":1,"enemies":"Cultist","floor":2,"turns":3},{"damage":0,"enemies":"2 Louse","floor":5,"turns":1},{"damage":4,"enemies":"Gremlin Gang","floor":7,"turns":2},{"damage":0,"enemies":"Gremlin Nob","floor":10,"turns":2},{"damage":21,"enemies":"3 Sentries","floor":13,"turns":5},{"damage":10,"enemies":"Lots of Slimes","floor":14,"turns":4},{"damage":62,"enemies":"Hexaghost","floor":16,"turns":9},{"damage":4,"enemies":"3 Byrds","floor":18,"turns":4},{"damage":10,"enemies":"Shell Parasite","floor":19,"turns":3},{"damage":13,"enemies":"Centurion and Healer","floor":20,"turns":5},{"damage":16,"enemies":"Cultist and Chosen","floor":21,"turns":7},{"damage":39,"enemies":"Book of Stabbing","floor":23,"turns":4},{"damage":25,"enemies":"Snecko","floor":24,"turns":5},{"damage":14,"enemies":"Shelled Parasite and Fungi","floor":25,"turns":2}],"seed_played":"8762946589818906620","potions_obtained":[{"floor":7,"key":"ShroomBrew"},{"floor":10,"key":"SteroidPotion"},{"floor":13,"key":"BlessingOfTheForge"}],"is_trial":false,"path_per_floor":["M","M","?","$","M","R","M","R","T","E","R","?","E","M","R","B",null,"M","M","M","M","$","E","M","M"],"character_chosen":"MARISA","items_purchased":["EarthLightRay","expansioncontent:DonusPower","DeepEcoloBomb","GalacticHalo","Whetstone"],"campfire_rested":1,"item_purchase_floors":[4,4,22,22,22],"current_hp_per_floor":[76,75,75,75,79,79,78,78,78,82,82,82,61,57,81,20,82,82,72,65,55,55,22,3,0,0],"gold":94,"neow_bonus":"TEN_PERCENT_HP_BONUS","is_daily":false,"chose_seed":false,"campfire_upgraded":2,"win_rate":0.0,"timestamp":1608819238,"path_taken":["M","M","?","?","M","R","M","R","T","E","R","?","E","M","R","BOSS","M","M","M","?","$","E","M","M"],"items_purchased_type":["Card","Card","Card","Card","Relic"],"build_version":"2020-12-22","purchased_purges":0,"victory":false,"max_hp_per_floor":[82,82,82,82,82,82,82,82,82,82,82,82,82,82,82,82,82,82,82,82,82,82,82,82,82,82],"card_choices":[{"not_picked":["RefractionSpark","WitchOfGreed"],"picked":"MysteriousBeam","floor":1},{"not_picked":["NonDirectionalLaser","BlazeAway"],"picked":"GrandCross","floor":2},{"not_picked":["DragonMeteor","DC"],"picked":"GravityBeat","floor":5},{"not_picked":["WitchLeyline","DC"],"picked":"LuminesStrike","floor":7},{"not_picked":["DarkMatter","BigCrunch","6A"],"picked":"SKIP","floor":10},{"not_picked":["WitchLeyline","EventHorizon"],"picked":"PulseMagic","floor":13},{"not_picked":["WitchLeyline","GrandCross"],"picked":"SporeBomb","floor":14},{"not_picked":["SatelliteIllusion","TreasureHunter"],"picked":"CasketOfStar","floor":16},{"not_picked":["DragonMeteor","DarkMatter"],"picked":"MilkyWay","floor":18},{"not_picked":["LuminesStrike+1","StarlightTyphoon+1"],"picked":"IllusionStar","floor":19},{"not_picked":["MagicAbsorber","PowerUp"],"picked":"GalacticHalo","floor":20},{"not_picked":["UnstableBomb","6A"],"picked":"DoubleSpark","floor":21},{"not_picked":["Robbery","ManaConvection"],"picked":"PropBag","floor":23},{"not_picked":["TreasureHunter","WitchOfGreed"],"picked":"WitchLeyline","floor":24}],"player_experience":20419,"relics_obtained":[{"floor":10,"key":"Blood Vial"},{"floor":13,"key":"Oddly Smooth Stone"},{"floor":23,"key":"Letter Opener"}],"event_choices":[{"damage_healed":0,"gold_gain":0,"player_choice":"Upgraded","damage_taken":0,"max_hp_gain":0,"max_hp_loss":0,"event_name":"Upgrade Shrine","floor":3,"gold_loss":0,"cards_upgraded":["MysteriousBeam"]},{"damage_healed":0,"gold_gain":0,"player_choice":"Ignored","damage_taken":0,"max_hp_gain":0,"max_hp_loss":0,"event_name":"NoteForYourself","floor":12,"gold_loss":0}],"is_beta":false,"boss_relics":[{"not_picked":["Astrolabe","Runic Dome"],"picked":"Sozu"}],"items_purged_floors":[],"is_endless":false,"potions_floor_spawned":[7,10,13,14,18,21,23],"killed_by":"Shelled Parasite and Fungi","ascension_level":0}}