{"host":"881jm980fq3ycrwg","time":1608804378,"event":{"mods":["AchievementEnabler","BaseMod","Colored Map","DeckTracker","Keyboard Shortcuts","Minty Spire (QoL Compilation)","Permanent Neow","Quick Restart","StSLib","SuperFastMode"],"gold_per_floor":[117,127,202,127,142,142,171,185,212,212,212,227,256,270,270,368,368,382,415,340,100,116,116,116,116],"floor_reached":24,"playtime":1508,"items_purged":["Strike_B","Strike_B"],"score":206,"play_id":"c7fa2a3b-37c1-46a8-943a-41b857f63e61","local_time":"20201224190618","is_ascension_mode":false,"campfire_choices":[{"data":"Go for the Eyes","floor":6.0,"key":"SMITH"},{"floor":11.0,"key":"REST"},{"data":"Lockon","floor":15.0,"key":"SMITH"},{"floor":23,"key":"REST"}],"circlet_count":0,"master_deck":["Strike_B","Defend_B","Defend_B","Defend_B+1","Zap+1","Dualcast","Go for the Eyes+1","Lockon+1","Coolheaded","Thunder Strike","Glacier","Storm"],"relics":["Cracked Core","War Paint","Blood Vial","Pen Nib","Runic Pyramid","Red Mask","Membership Card"],"acts_visited":["Exordium","TheCity"],"potions_floor_usage":[19,24,24],"damage_taken":[{"damage":0.0,"enemies":"Jaw Worm","floor":1.0,"turns":3.0},{"damage":2.0,"enemies":"Small Slimes","floor":2.0,"turns":3.0},{"damage":1.0,"enemies":"Cultist","floor":5.0,"turns":3.0},{"damage":41.0,"enemies":"3 Sentries","floor":7.0,"turns":9.0},{"damage":4.0,"enemies":"Red Slaver","floor":8.0,"turns":2.0},{"damage":0.0,"enemies":"2 Fungi Beasts","floor":12.0,"turns":3.0},{"damage":3.0,"enemies":"Lagavulin","floor":13.0,"turns":5.0},{"damage":0.0,"enemies":"Blue Slaver","floor":14.0,"turns":2.0},{"damage":19.0,"enemies":"The Guardian","floor":16.0,"turns":10.0},{"damage":9,"enemies":"Spheric Guardian","floor":18,"turns":4},{"damage":33,"enemies":"Masked Bandits","floor":19,"turns":6},{"damage":0,"enemies":"Chosen","floor":22,"turns":4},{"damage":75,"enemies":"Gremlin Leader","floor":24,"turns":7}],"seed_played":"-9180533438587574740","potions_obtained":[{"floor":8.0,"key":"SpeedPotion"},{"floor":13.0,"key":"Energy Potion"},{"floor":16.0,"key":"Dexterity Potion"},{"floor":19,"key":"Fire Potion"}],"is_trial":false,"path_per_floor":["M","M","?","$","M","R","E","M","T","?","R","M","E","M","R","B",null,"M","?","?","$","M","R","E"],"character_chosen":"DEFECT","items_purchased":["Membership Card","Glacier"],"campfire_rested":2,"item_purchase_floors":[21,21],"current_hp_per_floor":[75,73,62,62,61,61,20,18,18,18,40,42,41,43,43,26,75,66,35,35,35,37,59,0,0],"gold":116,"neow_bonus":"RANDOM_COMMON_RELIC","is_daily":false,"chose_seed":false,"campfire_upgraded":2,"win_rate":0.0,"timestamp":1608804378,"path_taken":["M","M","?","$","M","R","E","M","T","?","R","M","E","?","R","BOSS","M","?","?","$","M","R","E"],"items_purchased_type":["Relic","Card"],"build_version":"2020-12-22","purchased_purges":2,"victory":false,"max_hp_per_floor":[75,75,75,75,75,75,75,75,75,75,75,75,75,75,75,75,75,75,75,75,75,75,75,75,75],"card_choices":[{"not_picked":["Stack","Rip and Tear","Ball Lightning"],"picked":"SKIP","floor":1.0},{"not_picked":["Barrage","Steam","Gash"],"picked":"SKIP","floor":2.0},{"not_picked":["Beam Cell","Coolheaded"],"picked":"Go for the Eyes","floor":5.0},{"not_picked":["Force Field","Rebound"],"picked":"Lockon","floor":7.0},{"not_picked":["Conserve Battery","Fission","Steam"],"picked":"SKIP","floor":8.0},{"not_picked":["Chaos","Compile Driver"],"picked":"Coolheaded","floor":12.0},{"not_picked":["Chaos","Hyperbeam","Force Field"],"picked":"SKIP","floor":13.0},{"not_picked":["Stack","Chaos","Scrape"],"picked":"SKIP","floor":14.0},{"not_picked":["Hyperbeam","Fission"],"picked":"Thunder Strike","floor":16.0},{"not_picked":["Beam Cell","Consume","Steam"],"picked":"SKIP","floor":18},{"not_picked":["Glacier","Consume"],"picked":"Storm","floor":22}],"player_experience":184359,"relics_obtained":[{"floor":7.0,"key":"Blood Vial"},{"floor":13.0,"key":"Pen Nib"},{"floor":19,"key":"Red Mask"}],"event_choices":[{"damage_healed":0.0,"max_hp_gain":0.0,"max_hp_loss":0.0,"gold_gain":75.0,"event_name":"World of Goop","player_choice":"Gather Gold","floor":3.0,"gold_loss":0.0,"damage_taken":11.0},{"cards_removed":["Defend_B"],"damage_healed":0.0,"max_hp_gain":0.0,"max_hp_loss":0.0,"gold_gain":0.0,"event_name":"Living Wall","player_choice":"Forget","floor":10.0,"gold_loss":0.0,"damage_taken":0.0},{"damage_healed":0,"gold_gain":0,"player_choice":"Fought Bandits","damage_taken":0,"max_hp_gain":0,"max_hp_loss":0,"event_name":"Masked Bandits","floor":19,"gold_loss":0},{"cards_removed":["Strike_B"],"damage_healed":0,"gold_gain":0,"player_choice":"Gave Gold","damage_taken":0,"max_hp_gain":0,"max_hp_loss":0,"event_name":"Beggar","floor":20,"gold_loss":75}],"is_beta":false,"boss_relics":[{"not_picked":["Sozu","Cursed Key"],"picked":"Runic Pyramid"}],"items_purged_floors":[4,21],"is_endless":false,"potions_floor_spawned":[8,13,16,19,22],"killed_by":"Gremlin Leader","ascension_level":0}}