{"host":"gkm149kh1ihaqy0o","time":1608770346,"event":{"mods":["AchievementEnabler","BaseMod","Better Altar","Better Match","Better Note","Better Skull","Better Third Choice","Better Vampires","BetterRewards","Colored Powertips","Downfall","Googly Eyes","Key Reminder","Mimic Mod","Minty Spire (QoL Compilation)","Permanent Neow","Quick Restart","Random Character Button","Rare Cards Sparkle","Relic Sorter","Relic Stats","StSLib","SuperFastMode","Unceasing Turn Reminder","everything is the same but u backflip on backflip"],"gold_per_floor":[99,114,126,142,157,184,219,231,331,241,258,99,24,16,35,134,134,134,134,134,160,160,145,145,70,85,85,97,110,127,141,169,274,274,199,225,247,260,260,290,290,302,312,345,359,359,369,396,412,412],"floor_reached":51,"playtime":4747,"items_purged":["hexamod:Strike"],"score":786,"play_id":"e8a8eac5-770b-4524-99fb-a21ef9fb1839","local_time":"20201223183906","is_ascension_mode":true,"campfire_choices":[{"data":"expansioncontent:StudyTheSpire","floor":1,"key":"SMITH"},{"floor":13,"key":"REST"},{"floor":18,"key":"RECALL"},{"data":"hexamod:RainOfEmbers","floor":25,"key":"SMITH"},{"data":"hexamod:GiftsFromTheDead","floor":35,"key":"SMITH"},{"floor":46,"key":"REST"}],"circlet_count":0,"master_deck":["hexamod:Sear","hexamod:Float","expansioncontent:StudyTheSpire+1","hexamod:RainOfEmbers+1","hexamod:SoulSteal","hexamod:Hexaguard","hexamod:ThermalTransfer","hexamod:DynamicBlow","hexamod:FastForward","hexamod:VolcanoVisage","hexamod:HauntingEcho","hexamod:InspiringFlames","hexamod:RadiantFlame","hexamod:WildfireWeapon","Slimebound:Tackle+1","Slimebound:Tackle+1","Slimebound:Tackle+1","Ghostly","Ghostly","Ghostly","hexamod:ExtraCrispy+1","hexamod:AdvancingGuard+1","hexamod:FlamesFromBeyond","hexamod:GiftsFromTheDead+1","hexamod:Hexaguard+1","hexamod:NightmareGuise+1","hexamod:NightmareGuise","hexamod:EtherealExpedition","hexamod:SpectersWail+1","hexamod:RetreatToShadows+1","hexamod:GhostflameBarrier+1","hexamod:HeatMetal+1","hexamod:SkipABeat+1"],"relics":["hexamod:SpiritBrand","Bottled Flame","Blood Vial","downfall:GremlinWheel","Sling","downfall:HeartBlessingGreen","Velvet Choker","Question Card","Gambling Chip","downfall:HeartBlessingRed","Cursed Key","downfall:HeartBlessingBlue","hexamod:TheBrokenSeal","PreservedInsect","Bag of Marbles","Toxic Egg 2"],"acts_visited":["Exordium","TheCity","TheBeyond"],"potions_floor_usage":[5,5,5,8,9,9,10,11,16,21,23,28,29,30,30,31,36,47,48,49,50],"damage_taken":[{"damage":0,"enemies":"Small Slimes","floor":2,"turns":3},{"damage":0,"enemies":"2 Louse","floor":3,"turns":3},{"damage":1,"enemies":"Cultist","floor":4,"turns":5},{"damage":0,"enemies":"3 Louse","floor":5,"turns":2},{"damage":33,"enemies":"3 Sentries","floor":6,"turns":6},{"damage":0,"enemies":"Exordium Thugs","floor":7,"turns":6},{"damage":6,"enemies":"Exordium Thugs","floor":8,"turns":7},{"damage":24,"enemies":"Exordium Thugs","floor":9,"turns":4},{"damage":4,"enemies":"downfall:FleeingMerchant","floor":10,"turns":4},{"damage":10,"enemies":"Exordium Wildlife","floor":11,"turns":4},{"damage":4,"enemies":"downfall:FleeingMerchant","floor":12,"turns":4},{"damage":0,"enemies":"Large Slime","floor":15,"turns":4},{"damage":18,"enemies":"downfall:Ironclad","floor":16,"turns":6},{"damage":16,"enemies":"Chosen","floor":21,"turns":5},{"damage":0,"enemies":"downfall:FleeingMerchant","floor":23,"turns":4},{"damage":15,"enemies":"Shelled Parasite and Fungi","floor":26,"turns":6},{"damage":18,"enemies":"Snake Plant","floor":28,"turns":3},{"damage":6,"enemies":"Sentry and Sphere","floor":29,"turns":3},{"damage":3,"enemies":"Snecko","floor":30,"turns":3},{"damage":2,"enemies":"Cultist and Chosen","floor":31,"turns":4},{"damage":15,"enemies":"Centurion and Healer","floor":32,"turns":6},{"damage":6,"enemies":"downfall:Watcher","floor":33,"turns":7},{"damage":20,"enemies":"3 Darklings","floor":36,"turns":7},{"damage":6,"enemies":"3 Shapes","floor":37,"turns":5},{"damage":1,"enemies":"Writhing Mass","floor":38,"turns":5},{"damage":7,"enemies":"Reptomancer","floor":40,"turns":6},{"damage":11,"enemies":"Sphere and 2 Shapes","floor":42,"turns":6},{"damage":10,"enemies":"3 Darklings","floor":43,"turns":3},{"damage":2,"enemies":"Giant Head","floor":44,"turns":6},{"damage":6,"enemies":"Transient","floor":45,"turns":5},{"damage":17,"enemies":"Writhing Mass","floor":47,"turns":6},{"damage":3,"enemies":"Reptomancer","floor":48,"turns":3},{"damage":1,"enemies":"Jaw Worm Horde","floor":49,"turns":3},{"damage":8,"enemies":"downfall:Defect","floor":50,"turns":6}],"seed_played":"5344718886775552123","potions_obtained":[{"floor":3,"key":"hexamod:DoubleChargePotion"},{"floor":4,"key":"EntropicBrew"},{"floor":6,"key":"SkillPotion"},{"floor":7,"key":"hexamod:InfernoChargePotion"},{"floor":8,"key":"FearPotion"},{"floor":9,"key":"Weak Potion"},{"floor":9,"key":"champ:CounterPotion"},{"floor":10,"key":"SneckoOil"},{"floor":11,"key":"FearPotion"},{"floor":12,"key":"ColorlessPotion"},{"floor":15,"key":"FairyPotion"},{"floor":16,"key":"PowerPotion"},{"floor":23,"key":"Fire Potion"},{"floor":26,"key":"AttackPotion"},{"floor":26,"key":"ColorlessPotion"},{"floor":28,"key":"hexamod:EctoCoolerPotion"},{"floor":29,"key":"Swift Potion"},{"floor":30,"key":"Strength Potion"},{"floor":32,"key":"SneckoOil"},{"floor":33,"key":"SneckoOil"},{"floor":36,"key":"Fire Potion"},{"floor":37,"key":"SteroidPotion"},{"floor":39,"key":"Dexterity Potion"},{"floor":39,"key":"SteroidPotion"},{"floor":43,"key":"champ:CounterPotion"},{"floor":45,"key":"AttackPotion"},{"floor":47,"key":"Regen Potion"}],"is_trial":false,"path_per_floor":["R","M","M","M","M","E","MIM","M","?","$","M","$","R","?","M","B",null,"R","?","?","M","?","$","T","R","M","?","M","M","M","M","M","B",null,"R","M","M","M","?","E","T","M","M","E","M","R","M","E","M","B",null],"character_chosen":"THE_SPIRIT","items_purchased":["Sling"],"campfire_rested":2,"item_purchase_floors":[12],"current_hp_per_floor":[49,49,49,48,48,15,15,18,18,23,22,27,48,48,57,41,70,70,70,35,26,26,28,28,28,22,22,13,9,8,8,10,6,35,45,32,55,54,54,48,48,39,31,31,27,43,28,39,40,34],"gold":412,"neow_bonus":"RANDOM_COLORLESS_2","is_daily":false,"chose_seed":false,"campfire_upgraded":3,"win_rate":0.0,"timestamp":1608770346,"path_taken":["R","M","M","M","M","E","MIM","M","?","$","?","$","R","?","M","BOSS","R","?","?","?","?","$","T","R","M","?","M","M","M","M","M","BOSS","R","M","M","M","?","E","T","M","M","E","?","R","M","E","M","BOSS"],"items_purchased_type":["Relic"],"build_version":"2020-12-22","purchased_purges":1,"victory":true,"max_hp_per_floor":[70,70,70,70,70,70,70,70,70,70,70,70,70,70,70,70,70,70,70,35,35,35,35,35,35,35,35,35,35,35,35,35,35,35,45,45,55,55,55,55,55,55,55,55,55,55,55,55,55,55],"relic_stats":{"Blood Vial":49,"counters":[34,160],"Gambling Chip":[35],"PreservedInsect":182,"Question Card":34,"Cursed Key":0,"obtain_stats":[{"downfall:HeartBlessingRed":25,"Velvet Choker":17,"hexamod:TheBrokenSeal":37,"downfall:HeartBlessingGreen":13,"PreservedInsect":40,"Sling":12,"Question Card":18,"Cursed Key":34,"keyreminder:keyreminder":6,"Blood Vial":7,"Bottled Flame":6,"downfall:GremlinWheel":9,"downfall:HeartBlessingBlue":35,"Gambling Chip":22,"Bag of Marbles":44,"Toxic Egg 2":48,"hexamod:SpiritBrand":0},{"downfall:HeartBlessingRed":15,"Velvet Choker":13,"hexamod:TheBrokenSeal":24,"downfall:HeartBlessingGreen":11,"PreservedInsect":26,"Sling":11,"Question Card":13,"Cursed Key":22,"keyreminder:keyreminder":5,"Blood Vial":6,"Bottled Flame":5,"downfall:GremlinWheel":8,"downfall:HeartBlessingBlue":22,"Gambling Chip":14,"Bag of Marbles":29,"Toxic Egg 2":32,"hexamod:SpiritBrand":0},{"downfall:HeartBlessingRed":67,"Velvet Choker":58,"hexamod:TheBrokenSeal":111,"downfall:HeartBlessingGreen":48,"PreservedInsect":122,"Sling":48,"Question Card":58,"Cursed Key":99,"keyreminder:keyreminder":19,"Blood Vial":25,"Bottled Flame":19,"downfall:GremlinWheel":36,"downfall:HeartBlessingBlue":99,"Gambling Chip":63,"Bag of Marbles":137,"Toxic Egg 2":151,"hexamod:SpiritBrand":0}]},"card_choices":[{"not_picked":["Metamorphosis","Transmutation"],"picked":"expansioncontent:StudyTheSpire","floor":0},{"not_picked":["hexamod:ShieldOfDarkness","hexamod:NightmareStrike"],"picked":"hexamod:RainOfEmbers","floor":2},{"not_picked":["hexamod:SpectralAdrenaline","hexamod:Firestarter"],"picked":"hexamod:FourthSeal","floor":3},{"not_picked":["hexamod:GhostShield","hexamod:Firestarter"],"picked":"hexamod:SoulSteal","floor":4},{"not_picked":["hexamod:SwordOfDarkness","hexamod:BacktrackSmack"],"picked":"hexamod:ThirdSeal","floor":5},{"not_picked":["hexamod:FlamesFromBeyond","hexamod:UnleashSpirits"],"picked":"hexamod:Hexaguard","floor":6},{"not_picked":["hexamod:SwordOfDarkness","hexamod:ShieldOfDarkness"],"picked":"hexamod:ThermalTransfer","floor":6},{"not_picked":["hexamod:GhostLash","hexamod:InspiringFlames"],"picked":"hexamod:FirstSeal","floor":7},{"not_picked":["hexamod:RecurringNightmare","hexamod:HeatCrush"],"picked":"hexamod:DynamicBlow","floor":8},{"not_picked":["hexamod:ShieldOfDarkness","hexamod:SkipABeat"],"picked":"hexamod:FastForward","floor":8},{"not_picked":["hexamod:PowerFromBeyond","hexamod:GhostLash"],"picked":"hexamod:VolcanoVisage","floor":10},{"not_picked":["hexamod:NightmareStrike","hexamod:BacktrackSmack"],"picked":"hexamod:HauntingEcho","floor":10},{"not_picked":["hexamod:NecessarySacrifice","hexamod:AdvancingGuard"],"picked":"hexamod:InspiringFlames","floor":11},{"not_picked":["hexamod:NightmareStrike","hexamod:GhostShield","hexamod:Hexaguard"],"picked":"SKIP","floor":11},{"not_picked":["hexamod:CatchUp","hexamod:InspiringFlames"],"picked":"hexamod:RadiantFlame","floor":12},{"not_picked":["hexamod:NightmareStrike","hexamod:HexaLevel","hexamod:InspiringFlames"],"picked":"SKIP","floor":15},{"not_picked":["hexamod:HeatMetal","hexamod:BacktrackSmack","hexamod:ThirdSeal"],"picked":"SKIP","floor":15},{"not_picked":["hexamod:SearingWound","hexamod:CrushingStance"],"picked":"hexamod:WildfireWeapon","floor":16},{"not_picked":["hexamod:BacktrackSmack+1","hexamod:SpectersWail","hexamod:GhostOfSpirePresent"],"picked":"hexamod:ExtraCrispy+1","floor":21},{"not_picked":["hexamod:NightmareGuise","hexamod:GhostShield","hexamod:BurningTouch","hexamod:SoulSteal"],"picked":"SKIP","floor":21},{"not_picked":["hexamod:AdvancingGuard","hexamod:Hexaguard","hexamod:FirstSeal","hexamod:InspiringFlames"],"picked":"SKIP","floor":23},{"not_picked":["hexamod:HauntingEcho","hexamod:HexaLevel","hexamod:Haunt","hexamod:SwordOfDarkness"],"picked":"SKIP","floor":23},{"not_picked":["hexamod:NightmareGuise","hexamod:InspiringFlames","hexamod:ChargedBarrage"],"picked":"hexamod:AdvancingGuard+1","floor":26},{"not_picked":["hexamod:InspiringFlames","hexamod:SwordOfDarkness","hexamod:HexaLevel"],"picked":"hexamod:FlamesFromBeyond","floor":26},{"not_picked":["hexamod:FastForward","hexamod:Hexaguard","hexamod:Haunt","hexamod:GhostLash+1"],"picked":"SKIP","floor":28},{"not_picked":["hexamod:Firestarter","hexamod:NightmareGuise","hexamod:HauntingEcho"],"picked":"hexamod:FifthSeal","floor":29},{"not_picked":["hexamod:SecondSeal","hexamod:FirstSeal","hexamod:FourthSeal","hexamod:ThirdSeal"],"picked":"SKIP","floor":30},{"not_picked":["hexamod:NightmareStrike","hexamod:GhostLash","hexamod:NecessarySacrifice","hexamod:HauntingEcho"],"picked":"SKIP","floor":30},{"not_picked":["hexamod:HauntingEcho","hexamod:SpectralAdrenaline","hexamod:HeatShield","hexamod:SpectersWail"],"picked":"SKIP","floor":31},{"not_picked":["hexamod:SecondSeal","hexamod:FirstSeal","hexamod:FourthSeal"],"picked":"hexamod:SixthSeal","floor":32},{"not_picked":["hexamod:FastForward","hexamod:AdvancingGuard","hexamod:BurningTouch"],"picked":"hexamod:GiftsFromTheDead","floor":32},{"not_picked":["hexamod:FastForward+1","hexamod:ShieldOfDarkness","hexamod:ThermalTransfer"],"picked":"hexamod:Hexaguard+1","floor":32},{"not_picked":["hexamod:FastForward","hexamod:SecondSeal","hexamod:HauntingEcho+1"],"picked":"hexamod:NightmareGuise+1","floor":36},{"not_picked":["hexamod:RainOfEmbers+1","hexamod:ThirdSeal","hexamod:GhostOfSpireFuture+1"],"picked":"hexamod:NightmareGuise","floor":36},{"not_picked":["hexamod:FirstSeal","hexamod:FourthSeal","hexamod:SixthSeal","hexamod:ThirdSeal"],"picked":"SKIP","floor":36},{"not_picked":["hexamod:Firestarter","hexamod:GiftsFromTheDead","hexamod:RadiantFlame+1"],"picked":"hexamod:EtherealExpedition","floor":37},{"not_picked":["hexamod:HeatShield+1","hexamod:SwordOfDarkness+1","hexamod:ShieldOfDarkness","hexamod:ChargedBarrage"],"picked":"SKIP","floor":37},{"not_picked":["hexamod:GhostLash+1","hexamod:SwordOfDarkness","hexamod:TimeWarp"],"picked":"hexamod:SpectersWail+1","floor":38},{"not_picked":["hexamod:Firestarter","hexamod:FirstSeal","hexamod:Again"],"picked":"hexamod:RetreatToShadows+1","floor":40},{"not_picked":["hexamod:BurningTouch","hexamod:BacktrackSmack","hexamod:InspiringFlames","hexamod:FastForward+1"],"picked":"SKIP","floor":42},{"not_picked":["hexamod:ExtraCrispy+1","hexamod:HauntingEcho","hexamod:BurningTouch"],"picked":"hexamod:GhostflameBarrier+1","floor":43},{"not_picked":["hexamod:AdvancingGuard+1","hexamod:RetreatToShadows+1","hexamod:RecurringNightmare+1","hexamod:InspiringFlames+1"],"picked":"SKIP","floor":44},{"not_picked":["hexamod:AdvancingGuard","hexamod:GhostShield+1","hexamod:RadiantFlame"],"picked":"hexamod:HeatMetal+1","floor":45},{"not_picked":["hexamod:NightmareGuise+1","hexamod:GhostOfSpirePast","hexamod:RainOfEmbers+1"],"picked":"hexamod:SkipABeat+1","floor":47},{"not_picked":["hexamod:NecessarySacrifice+1","hexamod:SkipABeat+1","hexamod:FifthSeal","hexamod:GhostShield+1"],"picked":"SKIP","floor":48},{"not_picked":["hexamod:Firestarter+1","hexamod:Hexaguard+1","hexamod:BurningTouch+1","hexamod:SpectralAdrenaline+1"],"picked":"SKIP","floor":49}],"player_experience":658878,"relics_obtained":[{"floor":6,"key":"Bottled Flame"},{"floor":7,"key":"Blood Vial"},{"floor":9,"key":"downfall:GremlinWheel"},{"floor":18,"key":"Question Card"},{"floor":40,"key":"PreservedInsect"},{"floor":44,"key":"Bag of Marbles"},{"floor":48,"key":"Toxic Egg 2"}],"event_choices":[{"damage_healed":0,"gold_gain":0,"player_choice":"Relic","damage_taken":0,"max_hp_gain":0,"max_hp_loss":0,"event_name":"Wheel of Change","floor":18,"gold_loss":0},{"damage_healed":0,"gold_gain":0,"player_choice":"Stole Relic","damage_taken":0,"relics_obtained":["Gambling Chip"],"max_hp_gain":0,"max_hp_loss":0,"event_name":"Addict","floor":22,"gold_loss":0,"cards_obtained":["Shame"]},{"damage_healed":0,"gold_gain":0,"player_choice":"Got Potions","damage_taken":0,"max_hp_gain":0,"max_hp_loss":0,"event_name":"Lab","floor":39,"gold_loss":0}],"is_beta":false,"boss_relics":[{"not_picked":["Snecko Eye","Empty Cage"],"picked":"Velvet Choker"},{"not_picked":["Tiny House","Black Star"],"picked":"Cursed Key"}],"items_purged_floors":[10],"is_endless":false,"potions_floor_spawned":[3,8,9,15,16,26,28,30,37,38,43,45,47],"ascension_level":1}}