{"host":"m6aaltr68g9tvoay","time":1608779569,"event":{"mods":["AchievementEnabler","BaseMod","Colored Map","Minty Spire (QoL Compilation)","StSLib"],"gold_per_floor":[112,56,56,16,31,56,56,76,76,76,89,89,89,106,106,182,182,194,212,212,232,232,232],"floor_reached":22,"playtime":574,"items_purged":[],"score":411,"play_id":"4ba8c49a-668c-4dba-87fd-77ad0d520468","local_time":"20201223191249","is_ascension_mode":true,"campfire_choices":[{"data":"1","floor":7,"key":"LIFT"},{"floor":10,"key":"REST"},{"floor":15,"key":"REST"}],"circlet_count":0,"master_deck":["AscendersBane","Strike_B","Strike_B","Strike_B","Defend_B","Defend_B","Defend_B","Defend_B","Zap","Dualcast","Cold Snap","Conserve Battery","Lockon","Rebound","Melter","BootSequence","Defragment","Streamline","Thunder Strike","CurseOfTheBell","Auto Shields","Static Discharge","Rip and Tear+1"],"relics":["Cracked Core","Girya","Ice Cream","Gremlin Horn","Calling Bell","Regal Pillow","Letter Opener","Ginger","Nloth\u0027s Gift"],"acts_visited":["Exordium","TheCity"],"potions_floor_usage":[4,16,19,19],"damage_taken":[{"damage":0,"enemies":"Cultist","floor":1,"turns":1},{"damage":0,"enemies":"2 Louse","floor":5,"turns":1},{"damage":0,"enemies":"3 Sentries","floor":6,"turns":1},{"damage":0,"enemies":"Jaw Worm","floor":8,"turns":3},{"damage":5,"enemies":"Exordium Wildlife","floor":11,"turns":3},{"damage":12,"enemies":"Large Slime","floor":14,"turns":5},{"damage":23,"enemies":"The Guardian","floor":16,"turns":10},{"damage":10,"enemies":"Chosen","floor":18,"turns":5},{"damage":27,"enemies":"Shell Parasite","floor":19,"turns":8},{"damage":8,"enemies":"Sentry and Sphere","floor":21,"turns":4},{"damage":40,"enemies":"3 Cultists","floor":22,"turns":3}],"seed_played":"8815740821784705793","potions_obtained":[{"floor":4,"key":"EntropicBrew"},{"floor":4,"key":"Regen Potion"},{"floor":18,"key":"EssenceOfSteel"},{"floor":21,"key":"Strength Potion"}],"is_trial":false,"path_per_floor":["M","$","?","?","M","E","R","M","T","R","M","?","$","M","R","B",null,"M","M","?","M","M"],"character_chosen":"DEFECT","items_purchased":["Conserve Battery"],"campfire_rested":2,"item_purchase_floors":[2],"current_hp_per_floor":[64,64,38,38,38,38,38,38,38,59,54,54,54,42,63,40,63,53,38,38,30,0,0],"gold":232,"neow_bonus":"THREE_ENEMY_KILL","is_daily":false,"chose_seed":false,"campfire_upgraded":0,"win_rate":0.0,"timestamp":1608779569,"path_taken":["M","?","?","?","M","E","R","M","T","R","?","?","?","M","R","BOSS","M","M","?","M","M"],"items_purchased_type":["Card"],"build_version":"2020-12-22","purchased_purges":0,"victory":false,"max_hp_per_floor":[71,71,71,71,71,71,71,71,71,71,71,71,71,71,71,71,71,71,71,71,71,71,71],"card_choices":[{"not_picked":["Compile Driver","Blizzard"],"picked":"Cold Snap","floor":1},{"not_picked":["Go for the Eyes","Leap"],"picked":"Lockon","floor":5},{"not_picked":["Hyperbeam","Turbo"],"picked":"Rebound","floor":6},{"not_picked":["Leap","Conserve Battery"],"picked":"Melter","floor":8},{"not_picked":["Blizzard","Steam Power"],"picked":"BootSequence","floor":11},{"not_picked":["Sweeping Beam","Undo"],"picked":"Streamline","floor":14},{"not_picked":["Multi-Cast","Meteor Strike"],"picked":"Thunder Strike","floor":16},{"not_picked":["Gash","Reprogram"],"picked":"Auto Shields","floor":18},{"not_picked":["Beam Cell","Conserve Battery"],"picked":"Static Discharge","floor":19},{"not_picked":["Recycle","Creative AI"],"picked":"Rip and Tear+1","floor":21}],"player_experience":1304259,"relics_obtained":[{"floor":6,"key":"Ice Cream"},{"floor":9,"key":"Gremlin Horn"},{"floor":17,"key":"Regal Pillow"},{"floor":17,"key":"Letter Opener"},{"floor":17,"key":"Ginger"}],"event_choices":[{"damage_healed":0,"gold_gain":0,"player_choice":"Success","damage_taken":26,"relics_obtained":["Girya"],"max_hp_gain":0,"max_hp_loss":0,"event_name":"Scrap Ooze","floor":3,"gold_loss":0},{"damage_healed":0,"gold_gain":0,"player_choice":"Bought 3 Potions","damage_taken":0,"max_hp_gain":0,"max_hp_loss":0,"event_name":"The Woman in Blue","floor":4,"gold_loss":0},{"damage_healed":0,"gold_gain":0,"cards_transformed":["Strike_B"],"player_choice":"Change","damage_taken":0,"max_hp_gain":0,"max_hp_loss":0,"event_name":"Living Wall","floor":12,"gold_loss":0,"cards_obtained":["Defragment"]},{"damage_healed":0,"gold_gain":0,"player_choice":"Traded Relic","damage_taken":0,"relics_obtained":["Nloth\u0027s Gift"],"max_hp_gain":0,"max_hp_loss":0,"event_name":"N\u0027loth","floor":20,"relics_lost":["NeowsBlessing"],"gold_loss":0}],"is_beta":false,"boss_relics":[{"not_picked":["Pandora\u0027s Box","Nuclear Battery"],"picked":"Calling Bell"}],"items_purged_floors":[],"is_endless":false,"potions_floor_spawned":[5,6,14,18,21],"killed_by":"3 Cultists","ascension_level":19}}