{"host":"vyt5ne9ydo1z9gg1","time":1608793893,"event":{"mods":["BaseMod","Curses Come First","GifTheSpireLib","Minty Spire (QoL Compilation)","StSLib"],"gold_per_floor":[117,134,134,149,160,189,189,216,268,25,37,37,37,37,37,37,37],"floor_reached":16,"playtime":535,"items_purged":[],"score":138,"play_id":"99070804-5f29-489b-96d9-0779d9b76cda","local_time":"20201224181133","is_ascension_mode":true,"campfire_choices":[{"floor":7,"key":"REST"},{"data":"Cleave","floor":13,"key":"SMITH"},{"data":"Ghostly Armor","floor":15,"key":"SMITH"}],"circlet_count":0,"master_deck":["Strike_R","Strike_R","Strike_R","Strike_R","Strike_R","Defend_R+1","Defend_R+1","Defend_R","Defend_R","Bash","Demon Form+1","Sword Boomerang","Second Wind","Pommel Strike","Ghostly Armor+1","Rupture","Cleave+1","Headbutt"],"relics":["Burning Blood","Bag of Preparation","Gremlin Horn","MealTicket","Mummified Hand"],"acts_visited":["Exordium"],"potions_floor_usage":[11,16],"damage_taken":[{"damage":5,"enemies":"Cultist","floor":1,"turns":5},{"damage":8,"enemies":"2 Louse","floor":2,"turns":3},{"damage":14,"enemies":"Small Slimes","floor":4,"turns":4},{"damage":7,"enemies":"Red Slaver","floor":5,"turns":4},{"damage":24,"enemies":"Gremlin Nob","floor":6,"turns":4},{"damage":30,"enemies":"Lagavulin","floor":8,"turns":6},{"damage":12,"enemies":"Large Slime","floor":11,"turns":3},{"damage":49,"enemies":"Slime Boss","floor":16,"turns":7}],"seed_played":"619352410189938427","potions_obtained":[{"floor":2,"key":"ElixirPotion"},{"floor":4,"key":"Fire Potion"},{"floor":5,"key":"SkillPotion"}],"is_trial":false,"path_per_floor":["M","M","?","M","M","E","R","E","T","$","M","?","R","?","R","B"],"character_chosen":"IRONCLAD","items_purchased":["Mummified Hand"],"campfire_rested":1,"item_purchase_floors":[10],"current_hp_per_floor":[80,78,78,70,69,51,75,51,51,66,60,44,44,44,44,0,0],"gold":37,"neow_bonus":"ONE_RANDOM_RARE_CARD","is_daily":false,"chose_seed":false,"campfire_upgraded":2,"win_rate":0.0,"timestamp":1608793893,"path_taken":["M","M","?","M","M","E","R","E","T","$","M","?","R","?","R","BOSS"],"items_purchased_type":["Relic"],"build_version":"2020-12-22","purchased_purges":0,"victory":false,"max_hp_per_floor":[80,80,80,80,80,80,80,80,80,80,80,80,80,80,80,80,80],"card_choices":[{"not_picked":["Clothesline","Rampage"],"picked":"Sword Boomerang","floor":1},{"not_picked":["Clash","Warcry"],"picked":"Second Wind","floor":2},{"not_picked":["Body Slam","Anger"],"picked":"Pommel Strike","floor":4},{"not_picked":["Metallicize","Anger"],"picked":"Ghostly Armor","floor":5},{"not_picked":["Pommel Strike","Juggernaut"],"picked":"Rupture","floor":6},{"not_picked":["Armaments","Thunderclap"],"picked":"Cleave","floor":8},{"not_picked":["Body Slam","Warcry"],"picked":"Headbutt","floor":11}],"player_experience":154580,"relics_obtained":[{"floor":6,"key":"Bag of Preparation"},{"floor":8,"key":"Gremlin Horn"},{"floor":9,"key":"MealTicket"}],"event_choices":[{"damage_healed":0,"gold_gain":0,"player_choice":"Ignored","damage_taken":0,"max_hp_gain":0,"max_hp_loss":0,"event_name":"Liars Game","floor":3,"gold_loss":0},{"damage_healed":0,"gold_gain":0,"player_choice":"Entered Light","damage_taken":16,"max_hp_gain":0,"max_hp_loss":0,"event_name":"Shining Light","floor":12,"gold_loss":0,"cards_upgraded":["Defend_R","Defend_R"]},{"damage_healed":0,"gold_gain":0,"player_choice":"Upgraded","damage_taken":0,"max_hp_gain":0,"max_hp_loss":0,"event_name":"Upgrade Shrine","floor":14,"gold_loss":0,"cards_upgraded":["Demon Form"]}],"is_beta":false,"boss_relics":[],"items_purged_floors":[],"is_endless":false,"potions_floor_spawned":[2,4,5],"killed_by":"Slime Boss","ascension_level":5}}