{"host":"4mphejzs0ycavab3","time":1608785250,"event":{"mods":["BaseMod","Colored Map","Colored Powertips","Marisa£®ÏF”Í°°ƒß¿Ì…≥£©","Minty Spire (QoL Compilation)","Quick Restart","StSLib","The Bug Knight","The Cursed","The Necromancer","The Servant 0.9.4"],"gold_per_floor":[219,394,394,406,22,69,69,95,95,147,147,181,181,256,256,354,354,373,383,409,409,422,422,452,452,452,452,464,144,264,277,277,376,376,387,399,399,445,458,458,492,506,552,569,569,583,583,595,595,595],"floor_reached":51,"playtime":3279,"items_purged":["Doubt","Writhe"],"score":832,"play_id":"70a0ef2d-f399-41da-a1f8-0d3a9db01853","local_time":"20201224124730","is_ascension_mode":true,"campfire_choices":[{"floor":7.0,"key":"REST"},{"floor":11.0,"key":"REST"},{"floor":13.0,"key":"REST"},{"floor":15.0,"key":"REST"},{"floor":23.0,"key":"REST"},{"floor":25.0,"key":"REST"},{"floor":27.0,"key":"REST"},{"floor":32.0,"key":"REST"},{"floor":40.0,"key":"REST"},{"data":"Adrenaline","floor":49,"key":"SMITH"}],"circlet_count":0,"master_deck":["Strike_G+1","Strike_G+1","Strike_G","Strike_G","Defend_G","Defend_G","Defend_G","Survivor","Neutralize","Dagger Throw+1","Cloak And Dagger","Cloak And Dagger","Accuracy","Magnetism","Slice","Blur","PiercingWail","Bullet Time","Adrenaline+1","After Image+1","Poisoned Stab+1","Reflex+1","Poisoned Stab+1","Prepared+1","Phantasmal Killer","Cloak And Dagger","Envenom","Endless Agony","All Out Attack","Flying Knee","After Image","CurseOfTheBell","Endless Agony+1","Blade Dance","Backflip+1","Bane+1","Discovery","Metamorphosis","Crippling Poison","PiercingWail+1","Infinite Blades+1","Escape Plan+1","Poisoned Stab+1","Blade Dance+1","Finisher+1","Crippling Poison+1","Eviscerate","Cloak And Dagger+1","Bane","Tools of the Trade","Parasite","Distraction+1","Sucker Punch+1"],"relics":["Ring of the Snake","White Beast Statue","PreservedInsect","MealTicket","Turnip","Bronze Scales","Astrolabe","Red Mask","Oddly Smooth Stone","Whetstone","Ninja Scroll","TwistedFunnel","Ice Cream","HollowMod:StagPassRelic","Calling Bell","Ancient Tea Set","Gremlin Horn","Prayer Wheel","CatCart","Orichalcum","Strawberry"],"acts_visited":["Exordium","TheCity","TheBeyond"],"potions_floor_usage":[41,41,42,44,50,50,50],"damage_taken":[{"damage":0.0,"enemies":"Small Slimes","floor":1.0,"turns":6.0},{"damage":0.0,"enemies":"Jaw Worm","floor":4.0,"turns":3.0},{"damage":31.0,"enemies":"Lagavulin","floor":6.0,"turns":8.0},{"damage":37.0,"enemies":"Gremlin Nob","floor":8.0,"turns":6.0},{"damage":5.0,"enemies":"3 Sentries","floor":10.0,"turns":6.0},{"damage":17.0,"enemies":"Lagavulin","floor":12.0,"turns":6.0},{"damage":38.0,"enemies":"Slime Boss","floor":16.0,"turns":13.0},{"damage":8.0,"enemies":"Shell Parasite","floor":18.0,"turns":7.0},{"damage":6.0,"enemies":"2 Thieves","floor":19.0,"turns":4.0},{"damage":13.0,"enemies":"Masked Bandits","floor":20.0,"turns":4.0},{"damage":27.0,"enemies":"Snecko","floor":22.0,"turns":7.0},{"damage":19.0,"enemies":"Book of Stabbing","floor":24.0,"turns":5.0},{"damage":18.0,"enemies":"Shelled Parasite and Fungi","floor":28.0,"turns":5.0},{"damage":10.0,"enemies":"Colosseum Slavers","floor":30.0,"turns":5.0},{"damage":13.0,"enemies":"Colosseum Nobs","floor":30.0,"turns":4.0},{"damage":15.0,"enemies":"Cultist and Chosen","floor":31.0,"turns":6.0},{"damage":37.0,"enemies":"Collector","floor":33.0,"turns":9.0},{"damage":6.0,"enemies":"3 Darklings","floor":35.0,"turns":7.0},{"damage":0.0,"enemies":"3 Shapes","floor":36.0,"turns":5.0},{"damage":41.0,"enemies":"Orin","floor":38.0,"turns":7.0},{"damage":15.0,"enemies":"Writhing Mass","floor":39.0,"turns":5.0},{"damage":18,"enemies":"Nemesis","floor":41,"turns":7},{"damage":0,"enemies":"Jaw Worm Horde","floor":42,"turns":4},{"damage":6,"enemies":"Transient","floor":44,"turns":5},{"damage":0,"enemies":"4 Shapes","floor":46,"turns":3},{"damage":17,"enemies":"Writhing Mass","floor":48,"turns":6},{"damage":30,"enemies":"Donu and Deca","floor":50,"turns":9}],"seed_played":"6914899451669783163","potions_obtained":[{"floor":4.0,"key":"AttackPotion"},{"floor":8.0,"key":"AttackPotion"},{"floor":10.0,"key":"Dexterity Potion"},{"floor":12.0,"key":"Fire Potion"},{"floor":16.0,"key":"AttackPotion"},{"floor":19.0,"key":"Fire Potion"},{"floor":20.0,"key":"Energy Potion"},{"floor":22.0,"key":"GamblersBrew"},{"floor":24.0,"key":"Energy Potion"},{"floor":31.0,"key":"ColorlessPotion"},{"floor":33.0,"key":"GamblersBrew"},{"floor":35.0,"key":"Swift Potion"},{"floor":36.0,"key":"SpeedPotion"},{"floor":38.0,"key":"LiquidBronze"},{"floor":39.0,"key":"PowerPotion"},{"floor":41,"key":"Poison Potion"},{"floor":42,"key":"AttackPotion"},{"floor":44,"key":"LiquidBronze"},{"floor":46,"key":"Swift Potion"},{"floor":48,"key":"BlessingOfTheForge"}],"is_trial":false,"path_per_floor":["M","?","?","M","$","E","R","E","T","E","R","E","R","?","R","B",null,"M","M","?","?","M","R","E","R","T","R","M","$","?","M","R","B",null,"M","M","?","?","M","R","E","M","T","M","?","M","?","M","R","B",null],"character_chosen":"THE_SILENT","items_purchased":["Cloak And Dagger","Accuracy","Magnetism","TwistedFunnel","All Out Attack"],"campfire_rested":9,"item_purchase_floors":[5,5,5,29,29],"current_hp_per_floor":[70,70,70,70,70,39,60,23,23,18,39,22,43,32,53,15,70,62,56,43,43,16,37,18,39,39,60,42,57,34,19,40,3,70,64,64,59,18,3,24,6,6,13,7,77,77,77,60,60,30],"gold":595,"neow_bonus":"HUNDRED_GOLD","is_daily":false,"chose_seed":false,"campfire_upgraded":1,"win_rate":0.0,"timestamp":1608785250,"path_taken":["M","?","?","?","?","E","R","E","T","E","R","E","R","?","R","BOSS","M","M","?","?","M","R","E","R","T","R","M","?","?","M","R","BOSS","M","M","?","?","M","R","E","M","T","M","?","?","?","M","R","BOSS"],"items_purchased_type":["Card","Card","Card","Relic","Card"],"build_version":"2020-12-22","purchased_purges":2,"victory":true,"max_hp_per_floor":[70,70,70,70,70,70,70,70,70,70,70,70,70,70,70,70,70,70,70,70,70,70,70,70,70,70,70,70,70,70,70,70,70,70,70,70,70,70,70,70,70,70,77,77,77,77,77,77,77,77],"card_choices":[{"not_picked":["Choke","Distraction"],"picked":"Dagger Throw","floor":1.0},{"not_picked":["Bane","Dagger Throw"],"picked":"Cloak And Dagger","floor":4.0},{"not_picked":["Wraith Form v2","Quick Slash"],"picked":"Slice","floor":6.0},{"not_picked":["Quick Slash","Riddle With Holes"],"picked":"Blur","floor":8.0},{"not_picked":["Tactician","Deflect"],"picked":"PiercingWail","floor":10.0},{"not_picked":["Quick Slash","Skewer"],"picked":"Bullet Time","floor":12.0},{"not_picked":["After Image","Malaise"],"picked":"Adrenaline","floor":16.0},{"not_picked":["Outmaneuver","Backflip+1"],"picked":"Poisoned Stab+1","floor":18.0},{"not_picked":["All Out Attack","Dagger Spray"],"picked":"Prepared+1","floor":19.0},{"not_picked":["Tactician","Prepared"],"picked":"Phantasmal Killer","floor":20.0},{"not_picked":["Flying Knee","Deflect"],"picked":"Cloak And Dagger","floor":22.0},{"not_picked":["Well Laid Plans","Deadly Poison"],"picked":"Envenom","floor":24.0},{"not_picked":["Calculated Gamble","Distraction"],"picked":"Endless Agony","floor":28.0},{"not_picked":["Reflex","Acrobatics+1"],"picked":"Choke+1","floor":30.0},{"not_picked":["Expertise","Outmaneuver"],"picked":"Flying Knee","floor":31.0},{"not_picked":["Envenom","Phantasmal Killer"],"picked":"After Image","floor":33.0},{"not_picked":["Dash","Bane+1"],"picked":"Endless Agony+1","floor":35.0},{"not_picked":["Dodge and Roll+1","Skewer"],"picked":"Blade Dance","floor":35.0},{"not_picked":["Choke","Reflex+1"],"picked":"Backflip+1","floor":36.0},{"not_picked":["Dodge and Roll","Dagger Throw"],"picked":"Bane+1","floor":36.0},{"not_picked":["Trip","Finesse"],"picked":"Discovery","floor":37.0},{"not_picked":["Discovery","Flash of Steel"],"picked":"Metamorphosis","floor":37.0},{"not_picked":["Sucker Punch+1","Blade Dance"],"picked":"Crippling Poison","floor":38.0},{"not_picked":["Leg Sweep+1","Dagger Throw"],"picked":"PiercingWail+1","floor":39.0},{"not_picked":["Sucker Punch","Poisoned Stab"],"picked":"Infinite Blades+1","floor":39.0},{"not_picked":["Deflect","Dagger Spray+1"],"picked":"Escape Plan+1","floor":41},{"not_picked":["Quick Slash+1","Cloak And Dagger"],"picked":"Poisoned Stab+1","floor":42},{"not_picked":["Dagger Spray","Prepared"],"picked":"Blade Dance+1","floor":42},{"not_picked":["A Thousand Cuts","Dagger Throw"],"picked":"Finisher+1","floor":44},{"not_picked":["Dagger Spray","Bane"],"picked":"Crippling Poison+1","floor":44},{"not_picked":["Flying Knee","Infinite Blades"],"picked":"Eviscerate","floor":46},{"not_picked":["Prepared","Blur+1"],"picked":"Cloak And Dagger+1","floor":46},{"not_picked":["Leg Sweep","Deflect+1"],"picked":"Distraction+1","floor":48},{"not_picked":["Bane","Footwork+1"],"picked":"Sucker Punch+1","floor":48}],"player_experience":240084,"relics_obtained":[{"floor":6.0,"key":"White Beast Statue"},{"floor":8.0,"key":"PreservedInsect"},{"floor":9.0,"key":"MealTicket"},{"floor":10.0,"key":"Turnip"},{"floor":12.0,"key":"Bronze Scales"},{"floor":20.0,"key":"Red Mask"},{"floor":24.0,"key":"Whetstone"},{"floor":26.0,"key":"Ninja Scroll"},{"floor":30.0,"key":"Ice Cream"},{"floor":30.0,"key":"HollowMod:StagPassRelic"},{"floor":34.0,"key":"Ancient Tea Set"},{"floor":34.0,"key":"Gremlin Horn"},{"floor":34.0,"key":"Prayer Wheel"},{"floor":38.0,"key":"CatCart"},{"floor":41,"key":"Orichalcum"},{"floor":43,"key":"Strawberry"}],"event_choices":[{"damage_healed":0.0,"max_hp_gain":0.0,"max_hp_loss":0.0,"gold_gain":175.0,"event_name":"Liars Game","player_choice":"AGREE","floor":2.0,"gold_loss":0.0,"damage_taken":0.0,"cards_obtained":["Doubt"]},{"damage_healed":0.0,"max_hp_gain":0.0,"max_hp_loss":0.0,"gold_gain":0.0,"event_name":"Upgrade Shrine","player_choice":"Upgraded","floor":3.0,"gold_loss":0.0,"damage_taken":0.0,"cards_upgraded":["Dagger Throw"]},{"damage_healed":0.0,"max_hp_gain":0.0,"max_hp_loss":0.0,"gold_gain":75.0,"event_name":"World of Goop","player_choice":"Gather Gold","floor":14.0,"gold_loss":0.0,"damage_taken":11.0},{"damage_healed":0.0,"max_hp_gain":0.0,"max_hp_loss":0.0,"gold_gain":0.0,"event_name":"Masked Bandits","player_choice":"Fought Bandits","floor":20.0,"gold_loss":0.0,"damage_taken":0.0},{"damage_healed":0.0,"max_hp_gain":0.0,"max_hp_loss":0.0,"gold_gain":0.0,"event_name":"The Mausoleum","player_choice":"Opened","floor":21.0,"gold_loss":0.0,"damage_taken":0.0,"relics_obtained":["Oddly Smooth Stone"],"cards_obtained":["Writhe"]},{"damage_healed":0.0,"max_hp_gain":0.0,"max_hp_loss":0.0,"gold_gain":0.0,"event_name":"Colosseum","player_choice":"Fight","floor":30.0,"gold_loss":0.0,"damage_taken":0.0},{"damage_healed":0.0,"max_hp_gain":0.0,"max_hp_loss":0.0,"gold_gain":0.0,"event_name":"Colosseum","player_choice":"Fought Nobs","floor":30.0,"gold_loss":0.0,"damage_taken":0.0},{"damage_healed":0.0,"max_hp_gain":0.0,"max_hp_loss":0.0,"gold_gain":0.0,"event_name":"SensoryStone","player_choice":"Memory 2","floor":37.0,"gold_loss":0.0,"damage_taken":5.0},{"damage_healed":0.0,"max_hp_gain":0.0,"max_hp_loss":0.0,"gold_gain":0.0,"event_name":"OrinTheCat","player_choice":"Fight","floor":38.0,"gold_loss":0.0,"damage_taken":0.0},{"cards_removed":["Choke"],"damage_healed":70,"gold_gain":0,"player_choice":"Offered Uncommon","damage_taken":0,"max_hp_gain":0,"max_hp_loss":0,"event_name":"Bonfire Elementals","floor":45,"gold_loss":0},{"damage_healed":0,"gold_gain":0,"player_choice":"2 cards matched","damage_taken":0,"max_hp_gain":0,"max_hp_loss":0,"event_name":"Match and Keep!","floor":47,"gold_loss":0,"cards_obtained":["Bane","Tools of the Trade"]}],"is_beta":false,"boss_relics":[{"not_picked":["Ectoplasm","Snecko Eye"],"picked":"Astrolabe"},{"not_picked":["SacredBark","Pandora\u0027s Box"],"picked":"Calling Bell"}],"items_purged_floors":[5,29],"is_endless":false,"potions_floor_spawned":[4,8,10,12,16,18,19,20,22,24,28,30,30,31,33,35,36,38,39,41,42,44,46,48],"ascension_level":1}}