{"host":"t7rtdu4954o308h4","time":1608813863,"event":{"mods":["AchievementEnabler","Act Like it!","BaseMod","Conspire","Library of Ruina","Library of Ruina Extra","Minty Spire (QoL Compilation)","MostiFishMod","Replay The Spire","StSLib","TestMod","Waifu the Spire","【功能Mod】聪明的最终Boss","【遗物卡牌】REMEMod"],"gold_per_floor":[115,132,60,60,60,95,95,130,154,166,194,206,246,275,287,407,419,445,476,488,97,123,123,163,177,177,227,249,289,317,242,242,359,368,394,418,271,313,0,39,75,117,168,14,414,449,449,480,480,695,695],"floor_reached":50,"playtime":2825,"items_purged":["Replay:Hysterical Blindness","Writhe"],"score":1391,"play_id":"c4f205cd-41cf-4535-a3e1-2c4dfda92f0d","local_time":"20201224204423","is_ascension_mode":true,"campfire_choices":[{"data":"christmas-Famine","floor":15,"key":"SMITH"},{"data":"SearingSword","floor":23,"key":"SMITH"},{"data":"testmod-SelfRegulatingSystem","floor":32,"key":"SMITH"},{"data":"DegradedShockwave","floor":32,"key":"SMITH"},{"floor":49,"key":"RECALL"}],"circlet_count":0,"master_deck":["DegradedFairy","DegradedFairy","DegradedChain","DegradedChain","DegradedLock","DegradedPillar","DegradedPillar","DegradedShockwave+1","Setup+1","testmod-SelfRegulatingSystem+1","Rewind+1","CookingPrep+1","PuppetBlockade","CurseOfTheBell","SearingSword+1","christmas-Famine+1","LoosenUp","christmas-Death","Punishment","WillProduceFineSilk","RipSpace","GatherIntel+1","BayonetCombat+1","BlazingStrike","MostiFishMod:SephirahHod+1","ShrineToMusic+1","SilentMist","NonstopAssault+1","UnforgettableMelody"],"relics":["PageOfLibrarian","DaveBox","testmod-TestBox","testmod-GiftOfSatan","Transparent","SynthV:TestCard","ReplayTheSpireMod:CursedCoin","War Paint","Boot","Pear","Prayer Wheel","testmod-TheFather","Regal Pillow","MawBank","Ginger","HereWithMe","conspire:TreasureMap","CeramicFish","conspire:TopHat","Replay:Arrowhead","Blood Vial","Red Mask","PageOfGalaxyChild","MostiFishMod:Hod","REME_CardOfGreed","Dream Catcher","testmod-CyclicPeriapt","PageOfBloodbath","PageOfTodaysShyLook","PageOfForsakenMurderer","PageOfPorccubus","REME_PuzzleBoxRelic"],"acts_visited":["Exordium","TheCity","TheBeyond"],"potions_floor_usage":[50,50,50],"damage_taken":[{"damage":9,"enemies":"2 Louse","floor":1,"turns":1},{"damage":18,"enemies":"conspire:RoseBush","floor":2,"turns":1},{"damage":26,"enemies":"Lagavulin","floor":6,"turns":2},{"damage":13,"enemies":"3 Sentries","floor":8,"turns":1},{"damage":13,"enemies":"Jaw Worm","floor":11,"turns":1},{"damage":13,"enemies":"Replay:BlueRogue","floor":13,"turns":1},{"damage":13,"enemies":"Exordium Thugs","floor":14,"turns":1},{"damage":28,"enemies":"Hexaghost","floor":16,"turns":2},{"damage":14,"enemies":"Spheric Guardian","floor":18,"turns":1},{"damage":14,"enemies":"Shell Parasite","floor":19,"turns":1},{"damage":15,"enemies":"REME_1_Revenger","floor":24,"turns":1},{"damage":15,"enemies":"Sentry and Sphere","floor":25,"turns":1},{"damage":15,"enemies":"Slavers","floor":27,"turns":1},{"damage":48,"enemies":"conspire:HollyBat","floor":28,"turns":3},{"damage":16,"enemies":"Masked Bandits","floor":29,"turns":1},{"damage":32,"enemies":"conspire:SneckoGhost","floor":30,"turns":2},{"damage":38,"enemies":"Champ","floor":33,"turns":2},{"damage":16,"enemies":"3 Darklings","floor":35,"turns":1},{"damage":16,"enemies":"Orb Walker","floor":36,"turns":1},{"damage":49,"enemies":"conspire:MimicChest","floor":38,"turns":3},{"damage":48,"enemies":"Giant Head","floor":40,"turns":3},{"damage":33,"enemies":"4 Shapes","floor":41,"turns":2},{"damage":34,"enemies":"R_Hoarder","floor":42,"turns":2},{"damage":40,"enemies":"Giant Head","floor":46,"turns":2},{"damage":20,"enemies":"Spire Growth","floor":48,"turns":1},{"damage":343,"enemies":"Donu and Deca","floor":50,"turns":14}],"seed_played":"3524814735727826305","potions_obtained":[{"floor":8,"key":"Venom Potion"},{"floor":13,"key":"SteroidPotion"},{"floor":16,"key":"Regen Potion"},{"floor":33,"key":"DuplicationPotion"}],"is_trial":false,"path_per_floor":["M","M","$","?","?","E","?","E","T","$","M","$","E","M","R","B",null,"M","M","?","$","T","R","E","M","T","E","M","?","E","?","R","B",null,"M","M","$","?","$","E","M","E","T","$","?","E","?","M","R","B"],"character_chosen":"Librarian","items_purchased":["ReplayTheSpireMod:CursedCoin","War Paint","conspire:TreasureMap","CeramicFish","REME_CardOfGreed","testmod-CyclicPeriapt","PageOfPorccubus"],"campfire_rested":0,"item_purchase_floors":[3,3,21,21,37,39,44],"current_hp_per_floor":[95,95,95,95,105,135,135,135,135,135,135,135,135,140,140,147,147,147,154,154,154,154,154,154,154,154,161,161,161,161,161,161,161,161,161,161,161,168,168,168,175,175,175,175,175,205,205,205,205,0,0],"gold":695,"neow_bonus":"RANDOM_COLORLESS_2","is_daily":false,"chose_seed":false,"campfire_upgraded":4,"win_rate":0.0,"timestamp":1608813863,"path_taken":["M","M","$","?","?","E","?","E","T","$","M","?","E","M","R","BOSS","M","M","?","$","?","R","E","?","T","E","M","?","E","?","R","BOSS","M","M","$","?","$","E","M","E","T","$","?","E","?","?","R","BOSS"],"items_purchased_type":["Relic","Relic","Relic","Relic","Relic","Relic","Relic"],"build_version":"2020-12-22","purchased_purges":2,"victory":false,"max_hp_per_floor":[95,95,95,95,135,135,135,135,135,135,135,135,135,140,140,147,147,147,154,154,154,154,154,154,154,154,161,161,161,161,161,161,161,161,161,161,161,168,168,168,175,175,175,175,205,205,205,205,205,205,205],"card_choices":[{"not_picked":["testmod-PulseDistributor","MostiFishMod:Kaleido"],"picked":"testmod-SelfRegulatingSystem","floor":0},{"not_picked":["SmokingPipe","DarkCloud","Leap_lor"],"picked":"Rewind","floor":1},{"not_picked":["TraceOfFumes","CombatPreparation","ClassAndRespect","FierceCharge","HighSpeedStabbing"],"picked":"CookingPrep","floor":2},{"not_picked":["LeRegole","Pound","MultiBlock","HiddenBlade","Leap_lor","SpearedSweep"],"picked":"SKIP","floor":6},{"not_picked":["CutIn","MultiHit","SilentNight","DarkCloud","TrimTheIngredients"],"picked":"FierceCharge","floor":8},{"not_picked":["DimensionalRift","StrongStrike","AsThePrescriptOrders","SteelKnuckles","SuppressingShot"],"picked":"SearingSword","floor":11},{"not_picked":["christmas-Death","christmas-War","christmas-Plague","christmas-Famine","christmas-Plague"],"picked":"christmas-Famine","floor":11},{"not_picked":["AsThePrescriptOrders","FierceCharge","TrimTheIngredients","Leap_lor","SpearedSweep","MultiHit"],"picked":"SKIP","floor":11},{"not_picked":["MultiHit","MindPrepared","Thirst","MultiBlock","FaintMemories"],"picked":"LoosenUp","floor":13},{"not_picked":["christmas-War","christmas-Plague","christmas-Famine","christmas-Plague","christmas-War"],"picked":"christmas-Death","floor":14},{"not_picked":["SuppressingShot","LeRegole","EnergyCycle","Leap_lor","MultiBlock","SpearedSweep"],"picked":"SKIP","floor":14},{"not_picked":["MultiBlock","InhaleSmoke","SpearedSweep","SuppressingShot","Leap_lor","Rewind"],"picked":"SKIP","floor":14},{"not_picked":["WillProduceFineSilk","RepressedFlesh","Cruelty","Suppress"],"picked":"Punishment","floor":16},{"not_picked":["EnergyCycle","Marionette","Pound+1","Leap_lor","AsThePrescriptOrders","IllEndYou"],"picked":"SKIP","floor":18},{"not_picked":["MultiHit","SuppressingShot+1","ICanCookAnything","SmokingPipe","AsThePrescriptOrders+1","Leap_lor"],"picked":"SKIP","floor":18},{"not_picked":["CookingPrep+1","SharpenedBlade","QuickAttack","FeatherShield","Reload"],"picked":"WillProduceFineSilk","floor":19},{"not_picked":["SmokingPipe+1","SuppressingShot","CombatPreparation","IngredientHunt","MultiHit","SunsetBlade"],"picked":"SKIP","floor":19},{"not_picked":["Cruelty","StrongStrike+1","SpearedSweep","SilentMist","YourShield"],"picked":"RipSpace","floor":24},{"not_picked":["Brawl","BladeWhirl+1","ShockRound+1","Creak+1","FeatherShield","Leap_lor"],"picked":"SKIP","floor":25},{"not_picked":["StrongStrike","SuppressingShot+1","HiddenBlade+1","CutIn","CombatPreparation","TraceOfFumes"],"picked":"SKIP","floor":25},{"not_picked":["TrimTheIngredients","RepressedFlesh","SuppressingShot","Pound+1","LossOfSenses"],"picked":"GatherIntel+1","floor":27},{"not_picked":["MultiHit+1","Marionette","GuardingStance","ClassAndRespect+1","Fence","SuppressingShot"],"picked":"SKIP","floor":28},{"not_picked":["FeatherShield+1","BizarreAttack+1","Crush+1","WillBeTasty","Rewind","SpearedSweep"],"picked":"SKIP","floor":28},{"not_picked":["Crush+1","Rewind+1","Pound","FleetFootsteps","SmokingPipe+1"],"picked":"BayonetCombat+1","floor":29},{"not_picked":["GuardingStance","YourShield","KeepItFresh","SpearedSweep","ICanCookAnything+1","InhaleSmoke+1"],"picked":"SKIP","floor":30},{"not_picked":["Punishment","RipSpace","WillProduceFineSilk","LeRegole"],"picked":"BlazingStrike","floor":33},{"not_picked":["StrongStrike+1","SmokingPipe+1","AutomatedMovement+1","MultiBlock+1","HiddenBlade+1"],"picked":"ShrineToMusic+1","floor":35},{"not_picked":["StrongStrike+1","FleetFootsteps+1","HiddenBlade+1","AsThePrescriptOrders","SuppressingShot+1","Pound+1"],"picked":"SKIP","floor":35},{"not_picked":["TraceOfFumes","CombatPreparation+1","Leap_lor+1","WrathOfTorment","Retaliate+1"],"picked":"SilentMist","floor":36},{"not_picked":["AsThePrescriptOrders+1","MultiBlock+1","MultiHit","BizarreAttack","RepressedFlesh","FleetFootsteps"],"picked":"SKIP","floor":36},{"not_picked":["Fence","Leap_lor","BlazingStrike","Collision+1","SharpenedBlade","QuickAttack"],"picked":"SKIP","floor":40},{"not_picked":["christmas-Plague","christmas-War+1","christmas-Famine+1","christmas-Death","christmas-Death","christmas-Famine"],"picked":"SKIP","floor":40},{"not_picked":["FocusFire","MultiHit+1","FierceCharge+1","Leap_lor+1","ClassAndRespect+1"],"picked":"NonstopAssault+1","floor":41},{"not_picked":["SmokingPipe","FocusFire+1","FleetFootsteps","Cruelty","BladeWhirl","ForcefulGesture+1"],"picked":"SKIP","floor":41},{"not_picked":["Cruelty","ClassAndRespect","ShockingBlow+1","MultiHit+1","Marionette","Thirst"],"picked":"SKIP","floor":42},{"not_picked":["DarkCloud","FleetFootsteps","IllEndYou","Retaliate","FierceCharge+1","SuppressingShot"],"picked":"SKIP","floor":46},{"not_picked":["DarkCloud","FleetFootsteps","IllEndYou","Retaliate","FierceCharge+1","SuppressingShot"],"picked":"SKIP","floor":46},{"not_picked":["SuppressingShot+1","ForTheFamily+1","SmokingPipe","LossOfSenses","FierceCharge"],"picked":"UnforgettableMelody","floor":48},{"not_picked":["GuardingStance","AsThePrescriptOrders+1","CombatPreparation","DarkCloud+1","ClassAndRespect","StrongStrike+1"],"picked":"SKIP","floor":48}],"player_experience":53340,"relics_obtained":[{"floor":1,"key":"SynthV:TestCard"},{"floor":5,"key":"Boot"},{"floor":5,"key":"Pear"},{"floor":5,"key":"Prayer Wheel"},{"floor":6,"key":"testmod-TheFather"},{"floor":8,"key":"Regal Pillow"},{"floor":9,"key":"MawBank"},{"floor":13,"key":"Ginger"},{"floor":24,"key":"conspire:TopHat"},{"floor":26,"key":"Replay:Arrowhead"},{"floor":27,"key":"Blood Vial"},{"floor":29,"key":"Red Mask"},{"floor":30,"key":"PageOfGalaxyChild"},{"floor":38,"key":"Dream Catcher"},{"floor":40,"key":"PageOfBloodbath"},{"floor":42,"key":"PageOfTodaysShyLook"},{"floor":43,"key":"PageOfForsakenMurderer"},{"floor":46,"key":"REME_PuzzleBoxRelic"}],"event_choices":[{"damage_healed":0,"gold_gain":0,"cards_transformed":["DegradedFairy"],"player_choice":"Change","damage_taken":0,"max_hp_gain":0,"max_hp_loss":0,"event_name":"Living Wall","floor":4,"gold_loss":0,"cards_obtained":["PuppetBlockade"]},{"damage_healed":0,"gold_gain":0,"player_choice":"Swap Relic","damage_taken":0,"relics_obtained":["Calling Bell"],"max_hp_gain":0,"max_hp_loss":0,"event_name":"给自己的盒子","floor":5,"relics_lost":["Calling Bell"],"gold_loss":0},{"damage_healed":0,"gold_gain":0,"cards_transformed":["Hallucinations"],"player_choice":"Transformed","damage_taken":0,"max_hp_gain":0,"max_hp_loss":0,"event_name":"Transmorgrifier","floor":20,"gold_loss":0,"cards_obtained":["Writhe"]},{"damage_healed":0,"gold_gain":0,"player_choice":"Fought Bandits","damage_taken":0,"max_hp_gain":0,"max_hp_loss":0,"event_name":"Masked Bandits","floor":29,"gold_loss":0},{"cards_removed":["FierceCharge"],"damage_healed":0,"gold_gain":0,"player_choice":"Gave Gold","damage_taken":0,"max_hp_gain":0,"max_hp_loss":0,"event_name":"Beggar","floor":31,"gold_loss":75},{"damage_healed":0,"gold_gain":400,"player_choice":"Sell","damage_taken":0,"max_hp_gain":0,"max_hp_loss":0,"event_name":"恩洛斯的盘子","floor":45,"relics_lost":["REME_ComplimentaryCards"],"gold_loss":0},{"damage_healed":0,"gold_gain":0,"player_choice":"Forge","damage_taken":0,"max_hp_gain":0,"max_hp_loss":0,"event_name":"Accursed Blacksmith","floor":47,"gold_loss":0,"cards_upgraded":["MostiFishMod:SephirahHod"]}],"is_beta":false,"boss_relics":[{"not_picked":["GreenFoldingFan","Snecko Heart"],"picked":"HereWithMe"},{"not_picked":["MoonlightInvasionPlan","Painkiller Herb"],"picked":"MostiFishMod:Hod"}],"items_purged_floors":[3,21],"is_endless":false,"potions_floor_spawned":[8,13,16,19,24,25,33,40,41,48],"killed_by":"Donu and Deca","ascension_level":8}}