{"host":"e7sl0pd4xxdbbdh2","time":1608846564,"event":{"mods":["BaseMod","Better Third Choice","Colored Map","Colored Powertips","Hubris","Minty Spire (QoL Compilation)","Replay The Spire","StSLib","SuperFastMode"],"gold_per_floor":[18,68,87,98,98,98,124,6,6,20,20,50,50,82,82,176,176,195,195,195,52,81,81,128,146,146,175,196,196,250,33,33,119,119,141,363,363,397,82,115,115,140,166,166,192,192,230,248,248,254,254],"floor_reached":50,"playtime":3449,"items_purged":["Strike_G","Replay:Poison Smokescreen","Defend_G","Defend_G"],"score":1171,"play_id":"b2ed2309-b7d4-4f92-9270-494550eb9b38","local_time":"20201224184924","is_ascension_mode":true,"campfire_choices":[{"data":"Skewer","floor":6.0,"key":"SMITH"},{"data":"Neutralize","floor":11.0,"key":"SMITH"},{"floor":15,"key":"REST"},{"floor":23,"key":"REST"},{"floor":29,"key":"REST"},{"floor":41,"key":"RECALL"},{"data":"Footwork","floor":44,"key":"SMITH"},{"floor":46,"key":"REST"},{"data":"Wraith Form v2","floor":49,"key":"SMITH"}],"circlet_count":0,"master_deck":["AscendersBane","Defend_G","Survivor","Neutralize+1","Skewer+1","All Out Attack+1","Backflip+1","Poisoned Stab+1","Pot Of Greed+1","Pot Of Greed+1","Bouncing Flask+1","Dodge and Roll+1","Wraith Form v2+1","Backflip+1","Backflip+1","Adrenaline+1","Deadly Poison+1","PiercingWail+1","After Image","Pot Of Greed+1","Cloak And Dagger+1","PiercingWail+1","hubris:Insight+1","Atom Bomb+1","hubris:Counter+1","Footwork+1","Catalyst+1","Flechettes+1","Sneak Up+1","Wraith Form v2+1"],"relics":["Ring of the Snake","Toxic Egg 2","Grinning Jar","Replay:Bandana","Empty Cage","Molten Egg 2","Bag of Marbles","Replay:Wax Seal","Red Mask","hubris:RunicObelisk","Replay:Ringing Soul","Mirror"],"acts_visited":["Exordium","TheCity","TheBeyond"],"potions_floor_usage":[12,16,33,40,50],"damage_taken":[{"damage":0.0,"enemies":"Small Slimes","floor":1.0,"turns":3.0},{"damage":1.0,"enemies":"Cultist","floor":3.0,"turns":4.0},{"damage":3.0,"enemies":"Jaw Worm","floor":4.0,"turns":4.0},{"damage":7.0,"enemies":"Replay:BlueRogue","floor":7.0,"turns":5.0},{"damage":2.0,"enemies":"Exordium Thugs","floor":10.0,"turns":4.0},{"damage":10,"enemies":"3 Sentries","floor":12,"turns":5},{"damage":0,"enemies":"2 Fungi Beasts","floor":14,"turns":3},{"damage":45,"enemies":"Fading Forest","floor":16,"turns":13},{"damage":12,"enemies":"Shell Parasite","floor":18,"turns":7},{"damage":3,"enemies":"Spheric Guardian","floor":22,"turns":3},{"damage":4,"enemies":"Gremlin Leader","floor":24,"turns":8},{"damage":0,"enemies":"Snecko","floor":25,"turns":4},{"damage":15,"enemies":"Replay:Snechameleon","floor":27,"turns":7},{"damage":13,"enemies":"Chosen and Byrds","floor":28,"turns":8},{"damage":0,"enemies":"Masked Bandits","floor":30,"turns":3},{"damage":8,"enemies":"Champ","floor":33,"turns":12},{"damage":0,"enemies":"3 Shapes","floor":35,"turns":4},{"damage":4,"enemies":"3 Darklings","floor":38,"turns":3},{"damage":2,"enemies":"Giant Head","floor":40,"turns":4},{"damage":0,"enemies":"4 Shapes","floor":42,"turns":7},{"damage":24,"enemies":"Spire Growth","floor":45,"turns":4},{"damage":8,"enemies":"Nemesis","floor":47,"turns":7},{"damage":0,"enemies":"Transient","floor":48,"turns":6},{"damage":54,"enemies":"Time Eater","floor":50,"turns":9}],"seed_played":"8718509236209332397","potions_obtained":[{"floor":1.0,"key":"SteroidPotion"},{"floor":4.0,"key":"DistilledChaos"},{"floor":22,"key":"Elixir"},{"floor":24,"key":"SpeedPotion"},{"floor":27,"key":"GhostInAJar"},{"floor":35,"key":"SneckoOil"},{"floor":45,"key":"Elixir"}],"is_trial":false,"path_per_floor":["M","?","M","M","?","R","E","$","T","M","R","E","?","M","R","B",null,"M","?","?","$","M","R","E","M","T","E","M","R","?","$","R_BF","B",null,"M","?","?","M","$","E","R","M","T","R","M","R","E","M","R","B"],"character_chosen":"THE_SILENT","items_purchased":["Poisoned Stab+1","Deadly Poison+1","hubris:Insight+1","Catalyst+1","DuplicationPotion"],"campfire_rested":4,"item_purchase_floors":[8,21,31,39,39],"current_hp_per_floor":[59,59,58,55,55,55,48,48,48,46,46,36,36,36,55,10,52,40,40,40,40,37,56,52,52,52,37,24,43,43,43,62,54,63,63,63,54,50,50,51,51,54,54,54,30,51,46,46,46,0,0],"gold":254,"neow_bonus":"REMOVE_TWO","is_daily":false,"chose_seed":false,"campfire_upgraded":4,"win_rate":0.0,"timestamp":1608846564,"path_taken":["M","?","M","?","?","R","E","?","T","M","R","E","?","M","R","BOSS","M","?","?","$","M","R","E","?","T","E","M","R","?","?","R_BF","BOSS","M","?","?","?","$","E","R","M","T","R","M","R","E","M","R","BOSS"],"items_purchased_type":["Card","Card","Card","Card","Potion"],"build_version":"2020-12-22","purchased_purges":4,"victory":false,"max_hp_per_floor":[66,66,66,66,66,66,66,66,66,66,66,66,66,66,66,66,66,66,66,66,66,66,66,66,66,66,66,66,66,66,66,66,66,66,66,66,66,66,66,69,69,72,72,72,72,72,75,75,75,75,75],"card_choices":[{"not_picked":["Quick Slash","Draining Mist"],"picked":"Skewer","floor":1.0},{"not_picked":["Catalyst","hubris:Sniper"],"picked":"Replay:Poison Smokescreen","floor":3.0},{"not_picked":["Fluid Movement","PiercingWail"],"picked":"All Out Attack","floor":4.0},{"not_picked":["Blade Dance+1","Slice"],"picked":"Backflip+1","floor":7.0},{"not_picked":["Reflex+1","Dash"],"picked":"Bouncing Flask+1","floor":10.0},{"not_picked":["Outmaneuver+1","All Out Attack","Dash"],"picked":"SKIP","floor":12},{"not_picked":["Caltrops","Bane"],"picked":"Dodge and Roll+1","floor":14},{"not_picked":["Poison Darts+1","Venomology+1"],"picked":"Wraith Form v2","floor":16},{"not_picked":["Slice","Flechettes+1"],"picked":"Backflip+1","floor":18},{"not_picked":["Deflect+1","Dagger Throw"],"picked":"PiercingWail+1","floor":22},{"not_picked":["Dagger Throw+1","Backflip+1"],"picked":"After Image","floor":24},{"not_picked":["hubris:SlightOfHand+1","Concentrate+1","Prepared+1"],"picked":"SKIP","floor":25},{"not_picked":["Quick Slash+1","Outmaneuver+1"],"picked":"Cloak And Dagger+1","floor":27},{"not_picked":["Choke+1","Acrobatics+1"],"picked":"PiercingWail+1","floor":28},{"not_picked":["A Thousand Cuts","Storm of Steel+1"],"picked":"Atom Bomb+1","floor":33},{"not_picked":["Prepared+1","Quick Slash+1"],"picked":"hubris:Counter+1","floor":35},{"not_picked":["Slice+1","Underhanded Strike+1"],"picked":"Footwork","floor":38},{"not_picked":["hubris:SlightOfHand+1","ReplayTheSpireMod:Necrosis+1"],"picked":"Flechettes+1","floor":40},{"not_picked":["Prepared+1","Toxin Wave+1"],"picked":"Sneak Up+1","floor":42},{"not_picked":["hubris:SlightOfHand+1","Eviscerate+1","Dagger Spray+1"],"picked":"SKIP","floor":45},{"not_picked":["hubris:SlightOfHand+1","Eviscerate+1","Dagger Spray+1"],"picked":"SKIP","floor":45},{"not_picked":["Dagger Throw+1","Accuracy"],"picked":"Wraith Form v2","floor":47},{"not_picked":["Flying Knee+1","Choke+1","Sucker Punch+1"],"picked":"SKIP","floor":48}],"player_experience":1606175,"relics_obtained":[{"floor":7.0,"key":"Toxic Egg 2"},{"floor":9.0,"key":"Grinning Jar"},{"floor":12,"key":"Replay:Bandana"},{"floor":24,"key":"Molten Egg 2"},{"floor":26,"key":"Bag of Marbles"},{"floor":27,"key":"Replay:Wax Seal"},{"floor":30,"key":"Red Mask"},{"floor":40,"key":"Replay:Ringing Soul"},{"floor":47,"key":"Mirror"}],"event_choices":[{"damage_healed":0.0,"max_hp_gain":0.0,"max_hp_loss":0.0,"gold_gain":50.0,"event_name":"Golden Shrine","player_choice":"Pray","floor":2.0,"gold_loss":0.0,"damage_taken":0.0},{"damage_healed":0.0,"max_hp_gain":0.0,"max_hp_loss":0.0,"gold_gain":0.0,"event_name":"Lab","player_choice":"Got Potions","floor":5.0,"gold_loss":0.0,"damage_taken":0.0},{"damage_healed":0,"gold_gain":0,"cards_transformed":["Strike_G","Strike_G"],"player_choice":"Became Test Subject","damage_taken":0,"max_hp_gain":0,"max_hp_loss":0,"event_name":"Drug Dealer","floor":19,"gold_loss":0,"cards_obtained":["Backflip","Adrenaline"]},{"damage_healed":0,"gold_gain":0,"player_choice":"Forge","damage_taken":0,"max_hp_gain":0,"max_hp_loss":0,"event_name":"Accursed Blacksmith","floor":20,"gold_loss":0,"cards_upgraded":["Wraith Form v2"]},{"damage_healed":0,"gold_gain":0,"player_choice":"Fought Bandits","damage_taken":0,"max_hp_gain":0,"max_hp_loss":0,"event_name":"Masked Bandits","floor":30,"gold_loss":0},{"damage_healed":0,"gold_gain":222,"player_choice":"Wore Mask","damage_taken":0,"max_hp_gain":0,"max_hp_loss":0,"event_name":"Tomb of Lord Red Mask","floor":36,"gold_loss":0},{"damage_healed":0,"gold_gain":0,"player_choice":"Damaged","damage_taken":9,"max_hp_gain":0,"max_hp_loss":0,"event_name":"Wheel of Change","floor":37,"gold_loss":0}],"is_beta":false,"boss_relics":[{"not_picked":["SacredBark","ChewingGum"],"picked":"Empty Cage"},{"not_picked":["hubris:HollowSoul","ReplayTheSpireMod:DimensionalGlitch"],"picked":"hubris:RunicObelisk"}],"items_purged_floors":[8,21,31,39],"is_endless":false,"potions_floor_spawned":[1,4,10,22,24,27,28,35,38,45],"killed_by":"Time Eater","ascension_level":20}}