{"host":"og6lam4kt3nibbw0","time":1608831001,"event":{"mods":["AchievementEnabler","BaseMod","Colored Map","DeckTracker","Highlight Path","Keyboard Shortcuts","Minty Spire (QoL Compilation)","Permanent Neow","Quick Restart","StSLib","SuperFastMode"],"gold_per_floor":[10,10,30,42,92,92,103,113,140,170,170,183,201,201,201,278,278,290,290,305,305,305,305,305,305],"floor_reached":24,"playtime":1608,"items_purged":[],"score":396,"play_id":"5b1f3127-a632-45b9-891f-b92307085be3","local_time":"20201225023001","is_ascension_mode":true,"campfire_choices":[{"data":"Dualcast","floor":6.0,"key":"SMITH"},{"data":"Ball Lightning","floor":11.0,"key":"SMITH"},{"data":"Seek","floor":15.0,"key":"SMITH"},{"floor":23.0,"key":"REST"}],"circlet_count":0,"master_deck":["AscendersBane","Strike_B","Strike_B","Strike_B","Strike_B","Defend_B","Defend_B","Defend_B","Defend_B","Zap","Dualcast+1","Loop+1","Chill","Coolheaded","Ball Lightning+1","Compile Driver","Leap","Seek+1","White Noise","Parasite","Thunder Strike","Ball Lightning","Writhe"],"relics":["Cracked Core","Pocketwatch","Vajra","Art of War","SlaversCollar","Juzu Bracelet"],"acts_visited":["Exordium","TheCity"],"potions_floor_usage":[],"damage_taken":[{"damage":1.0,"enemies":"Cultist","floor":1.0,"turns":3.0},{"damage":14.0,"enemies":"Small Slimes","floor":3.0,"turns":4.0},{"damage":2.0,"enemies":"Jaw Worm","floor":4.0,"turns":4.0},{"damage":2.0,"enemies":"Blue Slaver","floor":7.0,"turns":4.0},{"damage":7.0,"enemies":"Looter","floor":8.0,"turns":3.0},{"damage":6.0,"enemies":"Gremlin Nob","floor":10.0,"turns":3.0},{"damage":16.0,"enemies":"3 Louse","floor":12.0,"turns":3.0},{"damage":0.0,"enemies":"2 Fungi Beasts","floor":13.0,"turns":3.0},{"damage":18.0,"enemies":"Slime Boss","floor":16.0,"turns":8.0},{"damage":20.0,"enemies":"Shell Parasite","floor":18.0,"turns":6.0},{"damage":18.0,"enemies":"Chosen","floor":20.0,"turns":4.0},{"damage":0,"enemies":"Book of Stabbing","floor":24,"turns":1}],"seed_played":"7807741860379980422","potions_obtained":[{"floor":1.0,"key":"EssenceOfDarkness"},{"floor":4.0,"key":"EssenceOfDarkness"},{"floor":12.0,"key":"Block Potion"},{"floor":13.0,"key":"LiquidBronze"}],"is_trial":false,"path_per_floor":["M","?","M","M","?","R","M","M","T","E","R","M","M","?","R","B",null,"M","?","M","?","?","R","E"],"character_chosen":"DEFECT","items_purchased":[],"campfire_rested":1,"item_purchase_floors":[],"current_hp_per_floor":[63,63,49,47,47,47,45,38,38,32,32,16,16,33,33,15,57,37,37,19,19,19,40,40,40],"gold":305,"neow_bonus":"ONE_RARE_RELIC","is_daily":false,"chose_seed":false,"campfire_upgraded":3,"win_rate":0.0,"timestamp":1608831001,"path_taken":["M","?","M","M","?","R","M","M","T","E","R","M","?","?","R","BOSS","M","?","M","?","?","R","E"],"items_purchased_type":[],"build_version":"2020-12-22","purchased_purges":0,"victory":false,"max_hp_per_floor":[71,71,71,71,71,71,71,71,71,71,71,71,71,71,71,71,71,71,71,71,71,71,71,71,71],"card_choices":[{"not_picked":["Recycle","Gash"],"picked":"Loop","floor":1.0},{"not_picked":["Barrage","Hologram"],"picked":"Chill","floor":3.0},{"not_picked":["Barrage","Go for the Eyes"],"picked":"Coolheaded","floor":4.0},{"not_picked":["Melter","Reinforced Body"],"picked":"Ball Lightning","floor":7.0},{"not_picked":["Go for the Eyes","Redo"],"picked":"Compile Driver","floor":8.0},{"not_picked":["Turbo","Heatsinks"],"picked":"Leap","floor":10.0},{"not_picked":["Sweeping Beam","Coolheaded"],"picked":"Seek","floor":12.0},{"not_picked":["Streamline","Chill"],"picked":"White Noise","floor":13.0},{"not_picked":["Rainbow","Fission"],"picked":"Thunder Strike","floor":16.0},{"not_picked":["Chaos","Darkness"],"picked":"Ball Lightning","floor":18.0},{"not_picked":["Rip and Tear+1","Gash","Compile Driver"],"picked":"SKIP","floor":20.0}],"player_experience":831845,"relics_obtained":[{"floor":9.0,"key":"Vajra"},{"floor":10.0,"key":"Art of War"}],"event_choices":[{"damage_healed":0.0,"max_hp_gain":0.0,"max_hp_loss":0.0,"gold_gain":0.0,"event_name":"Living Wall","player_choice":"Grow","floor":2.0,"gold_loss":0.0,"damage_taken":0.0,"cards_upgraded":["Loop"]},{"damage_healed":0.0,"max_hp_gain":0.0,"max_hp_loss":0.0,"gold_gain":50.0,"event_name":"Golden Shrine","player_choice":"Pray","floor":5.0,"gold_loss":0.0,"damage_taken":0.0},{"damage_healed":17.0,"max_hp_gain":0.0,"max_hp_loss":0.0,"gold_gain":0.0,"event_name":"Mushrooms","player_choice":"Healed and dodged fight","floor":14.0,"gold_loss":0.0,"damage_taken":0.0,"cards_obtained":["Parasite"]},{"damage_healed":0.0,"max_hp_gain":0.0,"max_hp_loss":0.0,"gold_gain":0.0,"event_name":"Ghosts","player_choice":"Ignored","floor":19.0,"gold_loss":0.0,"damage_taken":0.0},{"damage_healed":0.0,"max_hp_gain":0.0,"max_hp_loss":0.0,"gold_gain":0.0,"event_name":"Cursed Tome","player_choice":"Ignored","floor":21.0,"gold_loss":0.0,"damage_taken":0.0},{"damage_healed":0.0,"max_hp_gain":0.0,"max_hp_loss":0.0,"gold_gain":0.0,"event_name":"The Mausoleum","player_choice":"Opened","floor":22.0,"gold_loss":0.0,"damage_taken":0.0,"relics_obtained":["Juzu Bracelet"],"cards_obtained":["Writhe"]}],"is_beta":false,"boss_relics":[{"not_picked":["Philosopher\u0027s Stone","Sozu"],"picked":"SlaversCollar"}],"items_purged_floors":[],"is_endless":false,"potions_floor_spawned":[1,4,12,13],"killed_by":"Book of Stabbing","ascension_level":20}}