{"host":"kpyoctgc7jne3jiy","time":1608811551,"event":{"mods":["AchievementEnabler","BaseMod","Minty Spire (QoL Compilation)","Relic Stats","Slay-I"],"gold_per_floor":[115,133,146,221,221,253,253,282,282,294,294,311,311,321,321,418,418,430,448,76,93,93,93,128,128,180,198,123,150,150,162,162,258,308,323,423,118,129,129,129],"floor_reached":39,"playtime":2561,"items_purged":["Strike_B"],"score":496,"play_id":"9afc2f43-b76a-42e6-9de3-a6b625410bdf","local_time":"20201224130551","is_ascension_mode":true,"campfire_choices":[{"data":"Zap","floor":7,"key":"SMITH"},{"floor":11,"key":"REST"},{"data":"Streamline","floor":13,"key":"SMITH"},{"data":"Chill","floor":15,"key":"SMITH"},{"floor":23,"key":"REST"},{"floor":25,"key":"REST"},{"floor":30,"key":"REST"},{"data":"Glacier","floor":32,"key":"SMITH"}],"circlet_count":0,"master_deck":["Strike_B","Defend_B","Defend_B","Defend_B","Defend_B","Zap+1","Dualcast","Streamline+1","Go for the Eyes+1","Glacier","Chill+1","Compile Driver","Glacier+1","Go for the Eyes","Echo Form","Cold Snap+1","Force Field+1","Reboot","Stack","Loop+1","Buffer","Stack","Compile Driver+1","Coolheaded+1"],"relics":["Cracked Core","Nunchaku","Darkstone Periapt","Blue Candle","SacredBark","TheAbacus","Bronze Scales","Mummified Hand","Akabeko","PreservedInsect","Molten Egg 2","Tiny House","Membership Card","White Beast Statue"],"acts_visited":["Exordium","TheCity","TheBeyond"],"potions_floor_usage":[14,16,18,18,27,39],"damage_taken":[{"damage":0.0,"enemies":"2 Louse","floor":1.0,"turns":3.0},{"damage":4,"enemies":"Small Slimes","floor":2,"turns":3},{"damage":1,"enemies":"Cultist","floor":3,"turns":3},{"damage":17,"enemies":"Lagavulin","floor":6,"turns":10},{"damage":5,"enemies":"3 Sentries","floor":8,"turns":10},{"damage":0,"enemies":"Looter","floor":10,"turns":4},{"damage":5,"enemies":"Red Slaver","floor":12,"turns":3},{"damage":14,"enemies":"Exordium Thugs","floor":14,"turns":5},{"damage":5,"enemies":"Slime Boss","floor":16,"turns":11},{"damage":2,"enemies":"2 Thieves","floor":18,"turns":4},{"damage":24,"enemies":"3 Byrds","floor":19,"turns":7},{"damage":16,"enemies":"Centurion and Healer","floor":21,"turns":7},{"damage":26,"enemies":"Book of Stabbing","floor":24,"turns":7},{"damage":22,"enemies":"Snake Plant","floor":27,"turns":3},{"damage":16,"enemies":"Slavers","floor":29,"turns":5},{"damage":8,"enemies":"Sentry and Sphere","floor":31,"turns":8},{"damage":21,"enemies":"Champ","floor":33,"turns":19},{"damage":11,"enemies":"3 Darklings","floor":35,"turns":9},{"damage":2,"enemies":"3 Shapes","floor":38,"turns":7},{"damage":78,"enemies":"Maw","floor":39,"turns":10}],"seed_played":"5695787067821293995","potions_obtained":[{"floor":2,"key":"Ancient Potion"},{"floor":8,"key":"BlessingOfTheForge"},{"floor":10,"key":"DuplicationPotion"},{"floor":14,"key":"SteroidPotion"},{"floor":16,"key":"SteroidPotion"},{"floor":21,"key":"LiquidBronze"},{"floor":29,"key":"SpeedPotion"},{"floor":31,"key":"Weak Potion"},{"floor":38,"key":"SkillPotion"}],"is_trial":false,"path_per_floor":["M","M","M","?","?","E","R","E","T","M","R","M","R","M","R","B",null,"M","M","$","M","?","R","E","R","T","M","?","E","R","M","R","B",null,"M","?","$","M","M"],"character_chosen":"DEFECT","items_purchased":["TheAbacus","Bronze Scales","Membership Card","White Beast Statue","Compile Driver+1"],"campfire_rested":4,"item_purchase_floors":[20,20,37,37,37],"current_hp_per_floor":[82,78,77,66,59,42,42,37,37,37,61,56,56,42,42,37,82,80,56,56,40,40,64,38,62,62,40,40,24,48,40,40,19,87,76,76,76,74,0,0],"gold":129,"neow_bonus":"TEN_PERCENT_HP_BONUS","is_daily":false,"chose_seed":false,"campfire_upgraded":4,"win_rate":0.0,"timestamp":1608811551,"path_taken":["M","M","M","?","?","E","R","E","T","M","R","M","R","M","R","BOSS","M","M","$","M","?","R","E","R","T","M","?","E","R","M","R","BOSS","M","?","$","M","M"],"items_purchased_type":["Relic","Relic","Relic","Relic","Card"],"build_version":"2020-12-22","purchased_purges":1,"victory":false,"max_hp_per_floor":[82,82,82,82,82,82,82,82,82,82,82,82,82,82,82,82,82,82,82,82,82,82,82,82,82,82,82,82,82,82,82,82,82,87,87,87,87,87,87,87],"relic_stats":{"Darkstone Periapt":0,"Nunchaku":[21],"TheAbacus":[132],"counters":[20,138],"Mummified Hand":[13],"Blue Candle":[0],"Bronze Scales":[231],"PreservedInsect":40,"obtain_stats":[{"Darkstone Periapt":8,"Tiny House":34,"Blue Candle":9,"SacredBark":17,"PreservedInsect":26,"Akabeko":24,"White Beast Statue":37,"Nunchaku":6,"TheAbacus":20,"Mummified Hand":22,"Bronze Scales":20,"Molten Egg 2":29,"Membership Card":37,"Cracked Core":0},{"Darkstone Periapt":5,"Tiny House":17,"Blue Candle":5,"SacredBark":9,"PreservedInsect":13,"Akabeko":13,"White Beast Statue":18,"Nunchaku":4,"TheAbacus":11,"Mummified Hand":12,"Bronze Scales":11,"Molten Egg 2":15,"Membership Card":18,"Cracked Core":0},{"Darkstone Periapt":29,"Tiny House":112,"Blue Candle":29,"SacredBark":52,"PreservedInsect":77,"Akabeko":77,"White Beast Statue":121,"Nunchaku":19,"TheAbacus":63,"Mummified Hand":70,"Bronze Scales":63,"Molten Egg 2":85,"Membership Card":121,"Cracked Core":0}]},"card_choices":[{"not_picked":["Leap","Redo"],"picked":"Streamline","floor":1.0},{"not_picked":["Redo","White Noise"],"picked":"Go for the Eyes","floor":2},{"not_picked":["Turbo","Steam Power"],"picked":"Glacier","floor":3},{"not_picked":["Coolheaded","Steam"],"picked":"Chill","floor":6},{"not_picked":["Redo","Hologram"],"picked":"Compile Driver","floor":8},{"not_picked":["Beam Cell","Loop","Hologram"],"picked":"SKIP","floor":10},{"not_picked":["Streamline","Steam Power"],"picked":"Glacier","floor":12},{"not_picked":["Chill","Chaos"],"picked":"Go for the Eyes","floor":14},{"not_picked":["Fission","Rainbow"],"picked":"Echo Form","floor":16},{"not_picked":["Redo","Turbo","Chill"],"picked":"SKIP","floor":18},{"not_picked":["Sweeping Beam","Go for the Eyes+1"],"picked":"Cold Snap+1","floor":19},{"not_picked":["Cold Snap","Reprogram","Gash"],"picked":"SKIP","floor":21},{"not_picked":["Turbo","BootSequence"],"picked":"Force Field+1","floor":24},{"not_picked":["Double Energy","Streamline+1"],"picked":"Reboot","floor":27},{"not_picked":["Sweeping Beam+1","Turbo"],"picked":"Stack","floor":29},{"not_picked":["Auto Shields","Hologram"],"picked":"Loop+1","floor":31},{"not_picked":["Electrodynamics","Multi-Cast"],"picked":"Buffer","floor":33},{"not_picked":["Rebound+1","Streamline+1"],"picked":"Stack","floor":35},{"not_picked":["Turbo+1","Rebound+1"],"picked":"Coolheaded+1","floor":38}],"player_experience":246170,"relics_obtained":[{"floor":6,"key":"Nunchaku"},{"floor":8,"key":"Darkstone Periapt"},{"floor":9,"key":"Blue Candle"},{"floor":24,"key":"Akabeko"},{"floor":26,"key":"PreservedInsect"},{"floor":29,"key":"Molten Egg 2"}],"event_choices":[{"damage_healed":0,"gold_gain":75,"player_choice":"Gather Gold","damage_taken":11,"max_hp_gain":0,"max_hp_loss":0,"event_name":"World of Goop","floor":4,"gold_loss":0},{"cards_removed":["Strike_B"],"damage_healed":0,"gold_gain":0,"player_choice":"Card Removal","damage_taken":7,"max_hp_gain":0,"max_hp_loss":0,"event_name":"Golden Wing","floor":5,"gold_loss":0},{"damage_healed":0,"gold_gain":0,"player_choice":"Opened","damage_taken":0,"relics_obtained":["Mummified Hand"],"max_hp_gain":0,"max_hp_loss":0,"event_name":"The Mausoleum","floor":22,"gold_loss":0},{"cards_removed":["Strike_B"],"damage_healed":0,"gold_gain":0,"player_choice":"Gave Gold","damage_taken":0,"max_hp_gain":0,"max_hp_loss":0,"event_name":"Beggar","floor":28,"gold_loss":75},{"damage_healed":0,"gold_gain":100,"player_choice":"Pray","damage_taken":0,"max_hp_gain":0,"max_hp_loss":0,"event_name":"Golden Shrine","floor":36,"gold_loss":0}],"is_beta":false,"boss_relics":[{"not_picked":["Inserter","Runic Dome"],"picked":"SacredBark"},{"not_picked":["Fusion Hammer","Coffee Dripper"],"picked":"Tiny House"}],"items_purged_floors":[20],"is_endless":false,"potions_floor_spawned":[2,8,10,14,16,21,29,31,38],"killed_by":"Maw","ascension_level":3}}