{"host":"g8bj5uairaafp22z","time":1608817874,"event":{"mods":["AchievementEnabler","BaseMod","BetterRewards","Card Forge","Colored Powertips","Minty Spire (QoL Compilation)","Quick Restart","StSLib"],"gold_per_floor":[117,117,133,157,178,219,235,270,295,295,335,335,335,359,359,485,485,503,516,537,557,572,606,705,720,720,760,781,812,833,385,385,511,511,536,556,556,116,129,160,160,174,174,190,208,243,256,271,271,271,271,271,125,160,160],"floor_reached":56,"playtime":1614,"items_purged":[],"score":1797,"play_id":"220328da-ffb6-4865-9d27-28d58a7ce8df","local_time":"20201224145114","is_ascension_mode":false,"campfire_choices":[{"floor":10,"key":"REST"},{"floor":12,"key":"RECALL"},{"floor":15,"key":"REST"},{"data":"1","floor":32,"key":"LIFT"},{"data":"2","floor":49,"key":"LIFT"},{"data":"3","floor":52,"key":"LIFT"}],"circlet_count":0,"master_deck":["Sadistic Nature+1","Flash of Steel+1","Envenom+1","Panache+1","Flash of Steel+1","Sadistic Nature+1"],"relics":["Hammer of Thor","Seething Fire","Anvil of the Gods","Cursed Key","Golden Idol","Mercury Hourglass","Singing Bowl","Vajra","Strawberry","Happy Flower","Girya","Oddly Smooth Stone","Orichalcum","Chemical X","Whetstone","Centennial Puzzle","SacredBark","HandDrill","Du-Vu Doll","Akabeko","Bottled Flame","Regal Pillow","TheAbacus","Cables"],"acts_visited":["Exordium","TheCity","TheBeyond","TheEnding"],"potions_floor_usage":[44,55,55,55],"damage_taken":[{"damage":0,"enemies":"Small Slimes","floor":1,"turns":1},{"damage":0,"enemies":"Jaw Worm","floor":3,"turns":1},{"damage":0,"enemies":"Cultist","floor":4,"turns":1},{"damage":0,"enemies":"3 Louse","floor":5,"turns":1},{"damage":0,"enemies":"Gremlin Nob","floor":6,"turns":1},{"damage":0,"enemies":"2 Fungi Beasts","floor":7,"turns":1},{"damage":0,"enemies":"Lagavulin","floor":8,"turns":1},{"damage":0,"enemies":"3 Sentries","floor":11,"turns":1},{"damage":0,"enemies":"Hexaghost","floor":16,"turns":1},{"damage":0,"enemies":"2 Thieves","floor":18,"turns":1},{"damage":0,"enemies":"Chosen","floor":19,"turns":1},{"damage":0,"enemies":"Sentry and Sphere","floor":20,"turns":1},{"damage":0,"enemies":"Snecko","floor":21,"turns":1},{"damage":10,"enemies":"Cultist and Chosen","floor":22,"turns":2},{"damage":0,"enemies":"Slavers","floor":23,"turns":1},{"damage":0,"enemies":"Snake Plant","floor":25,"turns":1},{"damage":0,"enemies":"Gremlin Leader","floor":27,"turns":1},{"damage":0,"enemies":"Centurion and Healer","floor":28,"turns":1},{"damage":0,"enemies":"Slavers","floor":29,"turns":1},{"damage":0,"enemies":"3 Cultists","floor":30,"turns":1},{"damage":0,"enemies":"Champ","floor":33,"turns":1},{"damage":0,"enemies":"3 Darklings","floor":35,"turns":1},{"damage":0,"enemies":"Orb Walker","floor":36,"turns":1},{"damage":0,"enemies":"Maw","floor":39,"turns":1},{"damage":0,"enemies":"Nemesis","floor":40,"turns":1},{"damage":0,"enemies":"Writhing Mass","floor":42,"turns":1},{"damage":0,"enemies":"Transient","floor":44,"turns":1},{"damage":0,"enemies":"Spire Growth","floor":45,"turns":1},{"damage":0,"enemies":"Giant Head","floor":46,"turns":1},{"damage":0,"enemies":"Jaw Worm Horde","floor":47,"turns":1},{"damage":0,"enemies":"Maw","floor":48,"turns":1},{"damage":0,"enemies":"Donu and Deca","floor":50,"turns":1},{"damage":0,"enemies":"Shield and Spear","floor":54,"turns":1},{"damage":24,"enemies":"The Heart","floor":55,"turns":4}],"seed_played":"-6048113350201439575","potions_obtained":[{"floor":1,"key":"Ancient Potion"},{"floor":6,"key":"SkillPotion"},{"floor":7,"key":"FearPotion"},{"floor":47,"key":"CultistPotion"}],"is_trial":false,"path_per_floor":["M","?","M","M","M","E","M","E","T","R","E","R","?","T","R","B",null,"M","M","M","M","M","E","?","M","T","E","M","E","M","$","R","B",null,"M","M","?","$","M","E","?","M","T","M","M","E","M","M","R","B",null,"R","$","E","B",null],"character_chosen":"DEFECT","items_purchased":["Chemical X","Whetstone","Centennial Puzzle","HandDrill","Du-Vu Doll","TheAbacus"],"campfire_rested":2,"item_purchase_floors":[31,31,31,38,38,53],"current_hp_per_floor":[75,57,57,57,57,57,57,59,59,77,86,86,86,86,86,88,88,90,92,94,96,88,90,90,92,92,94,96,98,100,100,100,102,112,114,116,116,116,118,120,120,122,122,124,126,128,130,132,132,136,136,136,136,138,114],"gold":160,"neow_bonus":"BOSS_RELIC","is_daily":false,"chose_seed":false,"campfire_upgraded":0,"win_rate":0.0,"timestamp":1608817874,"path_taken":["M","?","M","M","M","E","M","E","T","R","E","R","?","?","R","BOSS","M","M","?","M","M","E","?","M","T","E","M","E","M","$","R","BOSS","M","M","?","$","M","E","?","M","T","M","M","E","?","M","R","BOSS","R","$","E","BOSS"],"items_purchased_type":["Relic","Relic","Relic","Relic","Relic","Relic"],"build_version":"2020-12-22","purchased_purges":0,"victory":true,"max_hp_per_floor":[75,75,75,75,75,75,75,77,77,77,86,86,86,86,86,88,88,90,92,94,96,98,100,100,102,102,104,106,108,110,110,110,112,112,114,116,116,116,118,120,120,122,122,124,126,128,130,132,132,136,136,136,136,138,138],"card_choices":[{"not_picked":["Loop","Blizzard","Steam"],"picked":"SKIP","floor":1},{"not_picked":["Self Repair","Conserve Battery","Sweeping Beam"],"picked":"SKIP","floor":3},{"not_picked":["Streamline","Blizzard","Conserve Battery"],"picked":"SKIP","floor":4},{"not_picked":["Cold Snap","Coolheaded","Meteor Strike"],"picked":"SKIP","floor":5},{"not_picked":["Redo","Go for the Eyes","Streamline"],"picked":"SKIP","floor":6},{"not_picked":["Blizzard","Streamline","Consume"],"picked":"SKIP","floor":7},{"not_picked":["Biased Cognition","Leap","Redo"],"picked":"Singing Bowl","floor":8},{"not_picked":["Electrodynamics","Compile Driver","Aggregate"],"picked":"Singing Bowl","floor":11},{"not_picked":["Reboot","Multi-Cast","Rainbow"],"picked":"Singing Bowl","floor":16},{"not_picked":["Self Repair","Recycle","Conserve Battery"],"picked":"Singing Bowl","floor":18},{"not_picked":["Scrape","Redo","Hologram"],"picked":"Singing Bowl","floor":19},{"not_picked":["Beam Cell+1","Turbo","Conserve Battery"],"picked":"Singing Bowl","floor":20},{"not_picked":["Turbo","Sunder+1","Go for the Eyes"],"picked":"Singing Bowl","floor":21},{"not_picked":["Stack+1","Rainbow","White Noise+1"],"picked":"Singing Bowl","floor":22},{"not_picked":["Aggregate+1","Reprogram+1","Go for the Eyes+1"],"picked":"Singing Bowl","floor":23},{"not_picked":["Conserve Battery+1","Barrage","Skim"],"picked":"Singing Bowl","floor":25},{"not_picked":["Compile Driver","Melter","Sunder"],"picked":"Singing Bowl","floor":27},{"not_picked":["Steam","Hello World","Blizzard+1"],"picked":"Singing Bowl","floor":28},{"not_picked":["Aggregate","Doom and Gloom","Defragment+1"],"picked":"Singing Bowl","floor":29},{"not_picked":["Hologram","Sweeping Beam+1","Storm"],"picked":"Singing Bowl","floor":30},{"not_picked":["Echo Form","Meteor Strike","Buffer"],"picked":"Singing Bowl","floor":33},{"not_picked":["Barrage+1","Stack+1","Chill+1"],"picked":"Singing Bowl","floor":35},{"not_picked":["Rip and Tear+1","Rebound+1","Stack+1"],"picked":"Singing Bowl","floor":36},{"not_picked":["Go for the Eyes+1","Double Energy","Auto Shields+1"],"picked":"Singing Bowl","floor":39},{"not_picked":["Blizzard","Ball Lightning","Cold Snap+1"],"picked":"Singing Bowl","floor":40},{"not_picked":["Rebound","Reprogram","Rainbow"],"picked":"Singing Bowl","floor":42},{"not_picked":["Coolheaded","Hologram+1","Streamline+1"],"picked":"Singing Bowl","floor":44},{"not_picked":["Steam Power","Hologram","Leap"],"picked":"Singing Bowl","floor":45},{"not_picked":["Undo+1","Meteor Strike","Reprogram"],"picked":"Singing Bowl","floor":46},{"not_picked":["Genetic Algorithm+1","Lockon+1","Rebound"],"picked":"Singing Bowl","floor":47},{"not_picked":["Barrage","Conserve Battery","Reprogram+1"],"picked":"Singing Bowl","floor":48},{"not_picked":["Auto Shields","Conserve Battery+1","Capacitor"],"picked":"Singing Bowl","floor":54}],"player_experience":480128,"relics_obtained":[{"floor":6,"key":"Mercury Hourglass"},{"floor":8,"key":"Singing Bowl"},{"floor":9,"key":"Vajra"},{"floor":11,"key":"Strawberry"},{"floor":23,"key":"Happy Flower"},{"floor":26,"key":"Girya"},{"floor":27,"key":"Oddly Smooth Stone"},{"floor":29,"key":"Orichalcum"},{"floor":40,"key":"Akabeko"},{"floor":43,"key":"Bottled Flame"},{"floor":46,"key":"Regal Pillow"},{"floor":54,"key":"Cables"}],"event_choices":[{"damage_healed":0,"gold_gain":0,"player_choice":"Take Damage","damage_taken":18,"relics_obtained":["Golden Idol"],"max_hp_gain":0,"max_hp_loss":0,"event_name":"Golden Idol","floor":2,"gold_loss":0},{"damage_healed":0,"gold_gain":0,"player_choice":"Ignored","damage_taken":0,"max_hp_gain":0,"max_hp_loss":0,"event_name":"Shining Light","floor":13,"gold_loss":0},{"damage_healed":0,"gold_gain":99,"player_choice":"Stole From Cult","damage_taken":0,"max_hp_gain":0,"max_hp_loss":0,"event_name":"Nest","floor":24,"gold_loss":0},{"cards_removed":["Flash of Steel"],"damage_healed":0,"gold_gain":0,"player_choice":"Removed Attack","damage_taken":0,"max_hp_gain":0,"max_hp_loss":0,"event_name":"Falling","floor":37,"gold_loss":0},{"damage_healed":0,"gold_gain":0,"player_choice":"Ignored","damage_taken":0,"max_hp_gain":0,"max_hp_loss":0,"event_name":"Duplicator","floor":41,"gold_loss":0}],"is_beta":false,"boss_relics":[{"not_picked":["Empty Cage","Snecko Eye","Velvet Choker"]},{"not_picked":["Astrolabe","Coffee Dripper"],"picked":"SacredBark"}],"items_purged_floors":[],"is_endless":false,"potions_floor_spawned":[1,6,7,11,19,21,22,27,29,30,35,40,47,48,54],"ascension_level":0}}