{"host":"27tk4xseidcli2mr","time":1608816107,"event":{"mods":["2.2 Compatiblity","AchievementEnabler","Aspiration","BaseMod","Better Third Choice","Conspire","Custom Start","Hubris","Jorbs\u0027s Wanderer Trilogy","Minty Spire (QoL Compilation)","Replay The Spire","StSLib","SuperFastMode","[IsaacMod]????"],"gold_per_floor":[115,125,223,148,163,196,196,196,196],"floor_reached":8,"playtime":314,"items_purged":[],"score":112,"play_id":"f6f5b26c-871f-4ac0-adb0-380fa990812f","local_time":"20201224142147","is_ascension_mode":true,"campfire_choices":[],"circlet_count":0,"master_deck":["AscendersBane","Strike_R","Strike_R","Strike_R","Strike_R","Defend_R","Defend_R","Defend_R","Defend_R","Bash+1","ReplayReversal","Cleave","Thunderclap","Demonic Infusion"],"relics":["Burning Blood","HushsDoor","KeepersGift","BloodDonationMachine"],"acts_visited":["Exordium"],"potions_floor_usage":[6,6,8],"damage_taken":[{"damage":1,"enemies":"Cultist","floor":1,"turns":3},{"damage":6,"enemies":"Small Slimes","floor":2,"turns":5},{"damage":14,"enemies":"Jaw Worm","floor":5,"turns":5},{"damage":48,"enemies":"Gremlin Nob","floor":6,"turns":5},{"damage":35,"enemies":"Lagavulin","floor":8,"turns":5}],"seed_played":"-3776000982451042124","potions_obtained":[{"floor":1,"key":"Adrenaline Potion"},{"floor":5,"key":"BloodPotion"},{"floor":6,"key":"DuplicationPotion"}],"is_trial":false,"path_per_floor":["M","M","?","?","M","E","?","E"],"character_chosen":"IRONCLAD","items_purchased":[],"campfire_rested":0,"item_purchase_floors":[],"current_hp_per_floor":[80,80,65,65,57,31,31,0,0],"gold":196,"neow_bonus":"TEN_PERCENT_HP_BONUS","is_daily":false,"chose_seed":false,"campfire_upgraded":0,"win_rate":0.0,"timestamp":1608816107,"path_taken":["M","M","?","?","?","E","?","E"],"items_purchased_type":[],"build_version":"2020-12-22","purchased_purges":0,"victory":false,"max_hp_per_floor":[82,82,82,82,82,82,82,82,82],"card_choices":[{"not_picked":["Carnage","Seeing Red"],"picked":"ReplayReversal","floor":1},{"not_picked":["Fire Breathing","Evolve"],"picked":"Cleave","floor":2},{"not_picked":["Heavy Blade","Sword Boomerang"],"picked":"Thunderclap","floor":5},{"not_picked":["Run Through","True Grit"],"picked":"Demonic Infusion","floor":6}],"player_experience":1217725,"relics_obtained":[{"floor":6,"key":"BloodDonationMachine"}],"event_choices":[{"cards_removed":["Strike_R"],"damage_healed":0,"gold_gain":0,"player_choice":"Card Removal","damage_taken":0,"max_hp_gain":0,"max_hp_loss":0,"event_name":"The Cleric","floor":4,"gold_loss":75}],"is_beta":false,"boss_relics":[],"items_purged_floors":[],"is_endless":false,"potions_floor_spawned":[1,5,6],"killed_by":"Lagavulin","ascension_level":20}}