{"host":"m2106ztvmcgfoyc9","time":1608807037,"event":{"mods":["BaseMod","Minty Spire (QoL Compilation)","Relic Stats"],"gold_per_floor":[109,26,41,41,41,67,83,83,110,35,46,78,98,113,113,192,192,210,39,57,75,75,75,93,143,143,143,143,143],"floor_reached":28,"playtime":827,"items_purged":["Pain"],"score":510,"play_id":"cd6aa0ce-46b9-4d8b-a9c2-c37694c0c265","local_time":"20201224115037","is_ascension_mode":true,"campfire_choices":[{"data":"Masterful Stab","floor":8,"key":"SMITH"},{"data":"Bouncing Flask","floor":15,"key":"SMITH"},{"data":"Wraith Form v2","floor":23,"key":"SMITH"},{"data":"Dash","floor":27,"key":"SMITH"}],"circlet_count":0,"master_deck":["AscendersBane","Strike_G","Strike_G","Strike_G","Strike_G","Strike_G","Defend_G","Defend_G","Defend_G","Defend_G","Defend_G","Survivor","Neutralize","All Out Attack","PiercingWail","Poisoned Stab","Bouncing Flask+1","Backflip","Dash+1","Wraith Form v2+1","Backflip+1"],"relics":["Ring of the Snake","NeowsBlessing","WarpedTongs","Strawberry","HornCleat","Runic Dome","TwistedFunnel","Paper Crane","Toxic Egg 2"],"acts_visited":["Exordium","TheCity"],"potions_floor_usage":[12,20,21],"damage_taken":[{"damage":0,"enemies":"Cultist","floor":1,"turns":1},{"damage":0,"enemies":"2 Louse","floor":3,"turns":1},{"damage":0,"enemies":"Lagavulin","floor":6,"turns":1},{"damage":3,"enemies":"Small Slimes","floor":7,"turns":3},{"damage":0,"enemies":"3 Louse","floor":11,"turns":3},{"damage":6,"enemies":"Gremlin Nob","floor":12,"turns":3},{"damage":8,"enemies":"Exordium Wildlife","floor":13,"turns":6},{"damage":0,"enemies":"Blue Slaver","floor":14,"turns":3},{"damage":5,"enemies":"Hexaghost","floor":16,"turns":9},{"damage":12,"enemies":"Shell Parasite","floor":18,"turns":6},{"damage":4,"enemies":"2 Thieves","floor":20,"turns":3},{"damage":10,"enemies":"Centurion and Healer","floor":21,"turns":8},{"damage":2,"enemies":"Snecko","floor":24,"turns":4},{"damage":17,"enemies":"Gremlin Leader","floor":28,"turns":5}],"seed_played":"5513246419773107244","potions_obtained":[{"floor":1,"key":"AttackPotion"},{"floor":7,"key":"CunningPotion"},{"floor":13,"key":"SkillPotion"}],"is_trial":false,"path_per_floor":["M","$","M","$","?","E","M","R","T","$","M","E","M","M","R","B",null,"M","$","M","M","?","R","M","?","T","R","E"],"character_chosen":"THE_SILENT","items_purchased":["All Out Attack","TwistedFunnel"],"campfire_rested":0,"item_purchase_floors":[2,19],"current_hp_per_floor":[59,59,59,59,59,66,63,63,63,63,63,57,49,49,49,44,66,54,54,50,40,40,40,38,38,38,38,21,21],"gold":143,"neow_bonus":"THREE_ENEMY_KILL","is_daily":false,"chose_seed":false,"campfire_upgraded":4,"win_rate":0.0,"timestamp":1608807037,"path_taken":["M","$","M","?","?","E","?","R","T","$","M","E","M","M","R","BOSS","M","$","M","M","?","R","?","?","T","R","E"],"items_purchased_type":["Card","Relic"],"build_version":"2020-12-22","purchased_purges":1,"victory":false,"max_hp_per_floor":[66,66,66,66,66,73,73,73,73,73,73,73,73,73,73,73,73,73,73,73,73,73,73,73,73,73,73,73,73],"relic_stats":{"counters":[14,56],"obtain_stats":[{"TwistedFunnel":19,"Runic Dome":17,"HornCleat":12,"NeowsBlessing":0,"Strawberry":6,"Paper Crane":22,"Toxic Egg 2":26,"Ring of the Snake":0,"WarpedTongs":5},{"TwistedFunnel":10,"Runic Dome":9,"HornCleat":6,"NeowsBlessing":0,"Strawberry":3,"Paper Crane":12,"Toxic Egg 2":13,"Ring of the Snake":0,"WarpedTongs":2},{"TwistedFunnel":36,"Runic Dome":30,"HornCleat":12,"NeowsBlessing":0,"Strawberry":3,"Paper Crane":47,"Toxic Egg 2":51,"Ring of the Snake":0,"WarpedTongs":2}],"Ring of the Snake":[28],"WarpedTongs":[54]},"card_choices":[{"not_picked":["Terror","Accuracy"],"picked":"Masterful Stab","floor":1},{"not_picked":["Caltrops","Catalyst"],"picked":"PiercingWail","floor":3},{"not_picked":["Cloak And Dagger","Dagger Throw"],"picked":"Poisoned Stab","floor":6},{"not_picked":["Choke","Flechettes","Underhanded Strike"],"picked":"SKIP","floor":7},{"not_picked":["Prepared","Slice","Doppelganger"],"picked":"SKIP","floor":11},{"not_picked":["Distraction","Reflex"],"picked":"Bouncing Flask","floor":12},{"not_picked":["All Out Attack","Slice"],"picked":"Backflip","floor":13},{"not_picked":["Bane","Skewer"],"picked":"Dash","floor":14},{"not_picked":["Bullet Time","Die Die Die"],"picked":"Wraith Form v2","floor":16},{"not_picked":["Dash","Dagger Throw+1","Masterful Stab+1"],"picked":"SKIP","floor":18},{"not_picked":["Finisher","Backstab"],"picked":"Backflip+1","floor":20},{"not_picked":["Backflip","Cloak And Dagger+1","Dagger Spray"],"picked":"SKIP","floor":21},{"not_picked":["Terror+1","Deadly Poison","All Out Attack+1"],"picked":"SKIP","floor":24}],"player_experience":964549,"relics_obtained":[{"floor":6,"key":"Strawberry"},{"floor":12,"key":"HornCleat"},{"floor":26,"key":"Toxic Egg 2"}],"event_choices":[{"damage_healed":0,"gold_gain":0,"player_choice":"Rummage","damage_taken":0,"relics_obtained":["WarpedTongs"],"max_hp_gain":0,"max_hp_loss":0,"event_name":"Accursed Blacksmith","floor":5,"gold_loss":0,"cards_obtained":["Pain"]},{"cards_removed":["Masterful Stab"],"damage_healed":0,"gold_gain":0,"player_choice":"Gave Card","damage_taken":0,"relics_obtained":["Paper Crane"],"max_hp_gain":0,"max_hp_loss":0,"event_name":"WeMeetAgain","floor":22,"gold_loss":0},{"damage_healed":0,"gold_gain":50,"player_choice":"Stole From Cult","damage_taken":0,"max_hp_gain":0,"max_hp_loss":0,"event_name":"Nest","floor":25,"gold_loss":0}],"is_beta":false,"boss_relics":[{"not_picked":["Tiny House","SacredBark"],"picked":"Runic Dome"}],"items_purged_floors":[10],"is_endless":false,"potions_floor_spawned":[1,7,11,13,16,18],"killed_by":"Gremlin Leader","ascension_level":20}}