{"host":"wppa8gky53tnknhf","time":1608804703,"event":{"mods":["AchievementEnabler","Act Like it!","BaseMod","Better Third Choice","BetterRewards","Card Forge","Colored Powertips","Energized Spire","Hubris","Infinite Spire","Marked Mod","Minty Spire (QoL Compilation)","Permanent Neow","Quick Restart","Rare Cards Sparkle","Relic Stats","Remove Card Discount Mod","Replay The Spire","Spikes Relics","Spire Birthday Party","StSLib"],"gold_per_floor":[12,26,39,58,74,103,123,123,146,163,173,208,227,260,260,360,360,373,373,384,394,237,269,287,302,302,302,302,318,346,360,360,455,455,472,492,147,162,173,173,190,223,249,100,135,135,135,166,166,166,166,166,130,158,158],"floor_reached":56,"playtime":1864,"items_purged":[],"score":1556,"play_id":"1d9bcdeb-9087-42ae-bba6-b8c7bb9c0409","local_time":"20201224101143","is_ascension_mode":true,"campfire_choices":[{"floor":15.0,"key":"DIG"},{"floor":27.0,"key":"RECALL"},{"floor":32,"key":"DIG"},{"floor":40,"key":"DIG"},{"floor":47,"key":"DIG"},{"floor":49,"key":"DIG"},{"floor":52,"key":"DIG"}],"circlet_count":0,"master_deck":["Strike_R+1","Strike_R+1","Strike_R+1","Strike_R+1","Strike_R+1","Defend_R+1","Defend_R+1","Defend_R+1","Defend_R+1","Bash+1","Demon Form+1","Run Through+1","Iron Wave+1","Cleave+1","Spot Weakness+1","ReplayTheSpireMod:Muscle Training+1","Cleave+1","Thunderclap+1","Perfected Strike+1","Body Slam+1","Feed+1","BarbarianYell+1","Demon Form+1","Infernal Blade+1","Thunderclap+1","Run Through+1","Iron Wave+1","Pummel+1","BarbarianYell+1","Entrench+1","Sword Boomerang+1","Pummel+1","Body Slam+1","Shrug It Off+1","Pot Of Greed+1","Pot Of Greed+1","Pot Of Greed+1","Pot Of Greed+1","Barricade+1","Heavy Blade+1","Inflame+1","hubris:DuctTapeCard","Iron Wave+1"],"relics":["Burning Blood","Hammer of Thor","Seething Fire","Anvil of the Gods","Shovel","infinitespire:Satchel","Durian","Replay:Grab Bag","Philosopher\u0027s Stone","Coffee Dripper","hubris:HollowSoul","hubris:Backtick","hubris:IronBody","Strange Spoon","Gremlin Horn","SpikesRelics:ToyHorsey","CaptainsWheel","Toy Ornithopter","hubris:VirtuousBlindfold","PreservedInsect","hubris:TenFootPole","Replay:Rubber Ducky","Mercury Hourglass","Grinning Jar","Pen Nib","Rawhide","Replay:Multitool","infinitespire:Beetle Shell","infinitespire:Broken Mirror","hubris:DuctTape"],"acts_visited":["Exordium","TheCity","TheBeyond","TheEnding"],"potions_floor_usage":[30,30,39,55,55],"damage_taken":[{"damage":0.0,"enemies":"2 Louse","floor":1.0,"turns":3.0},{"damage":6.0,"enemies":"Cultist","floor":2.0,"turns":3.0},{"damage":2.0,"enemies":"Small Slimes","floor":3.0,"turns":3.0},{"damage":9.0,"enemies":"2 Fungi Beasts","floor":4.0,"turns":3.0},{"damage":2.0,"enemies":"Lots of Slimes","floor":5.0,"turns":3.0},{"damage":10.0,"enemies":"Gremlin Nob","floor":6.0,"turns":3.0},{"damage":2.0,"enemies":"3 Louse","floor":7.0,"turns":2.0},{"damage":8.0,"enemies":"Gremlin Gang","floor":10.0,"turns":3.0},{"damage":5.0,"enemies":"Red Slaver","floor":11.0,"turns":3.0},{"damage":28.0,"enemies":"3 Sentries","floor":12.0,"turns":4.0},{"damage":4.0,"enemies":"Blue Slaver","floor":13.0,"turns":3.0},{"damage":37.0,"enemies":"Lagavulin","floor":14.0,"turns":4.0},{"damage":1.0,"enemies":"Slime Boss","floor":16.0,"turns":6.0},{"damage":0.0,"enemies":"Spheric Guardian","floor":18.0,"turns":3.0},{"damage":12.0,"enemies":"Chosen","floor":20.0,"turns":3.0},{"damage":15.0,"enemies":"Snake Plant","floor":21.0,"turns":3.0},{"damage":30.0,"enemies":"Slavers","floor":23.0,"turns":4.0},{"damage":18.0,"enemies":"Shelled Parasite and Fungi","floor":24.0,"turns":3.0},{"damage":18.0,"enemies":"Chosen and Byrds","floor":25.0,"turns":5.0},{"damage":0.0,"enemies":"3 Cultists","floor":29.0,"turns":2.0},{"damage":0,"enemies":"Replay:Snechameleon","floor":30,"turns":3},{"damage":0,"enemies":"Snecko","floor":31,"turns":4},{"damage":0,"enemies":"Collector","floor":33,"turns":5},{"damage":12,"enemies":"3 Shapes","floor":35,"turns":3},{"damage":3,"enemies":"Orb Walker","floor":36,"turns":3},{"damage":34,"enemies":"Jaw Worm Horde","floor":38,"turns":3},{"damage":24,"enemies":"3 Darklings","floor":39,"turns":4},{"damage":22,"enemies":"Transient","floor":41,"turns":5},{"damage":5,"enemies":"Nemesis","floor":42,"turns":3},{"damage":0,"enemies":"Giant Head","floor":45,"turns":4},{"damage":7,"enemies":"Donu and Deca","floor":50,"turns":5},{"damage":59,"enemies":"Shield and Spear","floor":54,"turns":5},{"damage":48,"enemies":"The Heart","floor":55,"turns":6}],"seed_played":"5246307182781597184","potions_obtained":[{"floor":3.0,"key":"ColorlessPotion"},{"floor":4.0,"key":"BlessingOfTheForge"},{"floor":6.0,"key":"Energy Potion"},{"floor":11.0,"key":"BloodPotion"},{"floor":12.0,"key":"SkillPotion"},{"floor":13.0,"key":"SpeedPotion"},{"floor":14.0,"key":"BloodPotion"},{"floor":21.0,"key":"Fire Potion"},{"floor":29.0,"key":"BlessingOfTheForge"},{"floor":30,"key":"Dexterity Potion"},{"floor":31,"key":"LiquidBronze"},{"floor":36,"key":"FearPotion"},{"floor":42,"key":"SteroidPotion"}],"is_trial":false,"path_per_floor":["M","M","M","M","M","E","M","?","T","M","M","E","M","E","R","B",null,"M","?","M","M","$","E","M","M","T","R","AVR","M","E","M","R","B",null,"M","M","$","M","M","R","M","E","T","$","E","?","R","?","R","B",null,"R","$","E","B",null],"character_chosen":"IRONCLAD","items_purchased":["Strange Spoon","PreservedInsect","Sword Boomerang","hubris:TenFootPole","Barricade","Inflame"],"campfire_rested":0,"item_purchase_floors":[22,37,37,37,44,53],"current_hp_per_floor":[80,80,80,77,80,76,80,77,77,75,76,75,77,63,63,68,85,89,89,83,78,78,54,42,34,34,34,34,40,50,60,60,66,105,103,106,106,78,65,65,49,50,50,50,56,56,56,56,56,55,109,109,109,56,24],"gold":158,"neow_bonus":"THREE_RARE_CARDS","is_daily":false,"chose_seed":false,"campfire_upgraded":0,"win_rate":0.0,"timestamp":1608804703,"path_taken":["M","M","M","M","M","E","M","?","T","M","M","E","M","E","R","BOSS","M","?","M","?","$","E","M","M","T","R","AVR","M","E","M","R","BOSS","M","M","$","M","?","R","M","E","T","$","E","?","R","?","R","BOSS","R","$","E","BOSS"],"items_purchased_type":["Relic","Relic","Card","Relic","Card","Card"],"build_version":"2020-12-22","purchased_purges":0,"victory":true,"max_hp_per_floor":[80,80,80,80,80,80,80,80,80,80,80,85,85,85,85,85,85,89,89,89,93,93,93,93,97,97,97,97,97,101,105,105,105,105,109,109,109,109,109,109,109,109,109,109,109,109,109,109,109,109,109,109,109,109,109],"relic_stats":{"Strange Spoon":[29],"Shovel":6,"Gremlin Horn":[17,17],"counters":[33,119],"PreservedInsect":240,"Pen Nib":[4],"obtain_stats":[{"Gremlin Horn":23,"hubris:VirtuousBlindfold":34,"Rawhide":47,"Hammer of Thor":0,"Replay:Multitool":48,"Burning Blood":0,"Replay:Rubber Ducky":40,"Shovel":6,"hubris:Backtick":17,"SpikesRelics:ToyHorsey":26,"Philosopher\u0027s Stone":17,"hubris:IronBody":17,"hubris:DuctTape":54,"Replay:Grab Bag":17,"hubris:HollowSoul":17,"PreservedInsect":37,"Pen Nib":45,"infinitespire:Beetle Shell":49,"Seething Fire":0,"Mercury Hourglass":42,"Strange Spoon":22,"CaptainsWheel":28,"Anvil of the Gods":0,"infinitespire:Broken Mirror":52,"infinitespire:Satchel":8,"Durian":12,"Coffee Dripper":17,"hubris:TenFootPole":37,"Grinning Jar":43,"Toy Ornithopter":32},{"Gremlin Horn":17,"hubris:VirtuousBlindfold":23,"Rawhide":30,"Hammer of Thor":0,"Replay:Multitool":30,"Burning Blood":0,"Replay:Rubber Ducky":27,"Shovel":6,"hubris:Backtick":13,"SpikesRelics:ToyHorsey":19,"Philosopher\u0027s Stone":13,"hubris:IronBody":13,"hubris:DuctTape":32,"Replay:Grab Bag":13,"hubris:HollowSoul":13,"PreservedInsect":25,"Pen Nib":30,"infinitespire:Beetle Shell":30,"Seething Fire":0,"Mercury Hourglass":29,"Strange Spoon":16,"CaptainsWheel":19,"Anvil of the Gods":0,"infinitespire:Broken Mirror":31,"infinitespire:Satchel":7,"Durian":10,"Coffee Dripper":13,"hubris:TenFootPole":25,"Grinning Jar":29,"Toy Ornithopter":22},{"Gremlin Horn":56,"hubris:VirtuousBlindfold":78,"Rawhide":103,"Hammer of Thor":0,"Replay:Multitool":103,"Burning Blood":0,"Replay:Rubber Ducky":91,"Shovel":18,"hubris:Backtick":43,"SpikesRelics:ToyHorsey":64,"Philosopher\u0027s Stone":43,"hubris:IronBody":43,"hubris:DuctTape":113,"Replay:Grab Bag":43,"hubris:HollowSoul":43,"PreservedInsect":84,"Pen Nib":103,"infinitespire:Beetle Shell":103,"Seething Fire":0,"Mercury Hourglass":99,"Strange Spoon":52,"CaptainsWheel":64,"Anvil of the Gods":0,"infinitespire:Broken Mirror":108,"infinitespire:Satchel":20,"Durian":30,"Coffee Dripper":43,"hubris:TenFootPole":84,"Grinning Jar":99,"Toy Ornithopter":73}],"Burning Blood":181,"Toy Ornithopter":15,"Mercury Hourglass":[60]},"card_choices":[{"not_picked":["Impervious","Bludgeon"],"picked":"Demon Form","floor":0.0},{"not_picked":["Warcry","Fire Breathing"],"picked":"Run Through","floor":1.0},{"not_picked":["Warcry","Fire Breathing"],"picked":"Run Through","floor":1.0},{"not_picked":["Headbutt","Wild Strike","True Grit"],"picked":"SKIP","floor":2.0},{"not_picked":["Ghostly Armor","Dual Wield"],"picked":"Iron Wave","floor":3.0},{"not_picked":["hubris:SharpeningStone","hubris:ReadiedAction"],"picked":"Cleave","floor":4.0},{"not_picked":["Headbutt","hubris:ReadiedAction"],"picked":"Spot Weakness","floor":5.0},{"not_picked":["Havoc","Power Through","Replay:Undeath\u0027s Touch"],"picked":"SKIP","floor":6.0},{"not_picked":["Heavy Blade","Fire Breathing"],"picked":"ReplayTheSpireMod:Muscle Training","floor":7.0},{"not_picked":["Clothesline","Wild Strike"],"picked":"Cleave","floor":10.0},{"not_picked":["Wild Strike","hubris:CleavingFinish"],"picked":"Thunderclap","floor":11.0},{"not_picked":["Seeing Red","Battle Trance"],"picked":"Perfected Strike","floor":12.0},{"not_picked":["Armaments","Invigoration"],"picked":"Body Slam","floor":13.0},{"not_picked":["hubris:ReadiedAction","Shrug It Off"],"picked":"Clash","floor":14.0},{"not_picked":["hubris:StunningStrike","Exhume"],"picked":"Feed","floor":16.0},{"not_picked":["Whirlwind","Wild Strike+1"],"picked":"BarbarianYell","floor":18.0},{"not_picked":["hubris:ReadiedAction","Headbutt+1","Dark Embrace"],"picked":"SKIP","floor":20.0},{"not_picked":["Anger","Run Through+1"],"picked":"Infernal Blade","floor":21.0},{"not_picked":["Anger","Warcry","ReplayTheSpireMod:Strike From Hell"],"picked":"SKIP","floor":23.0},{"not_picked":["Run Through","Life Link","Bloodletting+1"],"picked":"SKIP","floor":24.0},{"not_picked":["Feed","Pommel Strike"],"picked":"Thunderclap","floor":25.0},{"not_picked":["Uppercut","Clothesline+1"],"picked":"Run Through","floor":29.0},{"not_picked":["Warcry","hubris:SharpeningStone+1"],"picked":"Iron Wave+1","floor":30},{"not_picked":["Dual Wield+1","Anger"],"picked":"Pummel","floor":31},{"not_picked":["True Grit","Havoc"],"picked":"BarbarianYell","floor":35},{"not_picked":["Carnage+1","Run Through+1"],"picked":"Entrench+1","floor":36},{"not_picked":["Armaments+1","Fire Breathing+1"],"picked":"Clash+1","floor":38},{"not_picked":["Seeing Red+1","Clothesline"],"picked":"Pummel","floor":39},{"not_picked":["Reaper","Armaments"],"picked":"Body Slam+1","floor":41},{"not_picked":["Rupture+1","Abandon+1"],"picked":"Shrug It Off+1","floor":42},{"not_picked":["Feel No Pain","Rage+1"],"picked":"Heavy Blade","floor":45},{"not_picked":["Clash+1","Shrug It Off+1"],"picked":"Iron Wave","floor":54}],"player_experience":683516,"relics_obtained":[{"floor":6.0,"key":"Shovel"},{"floor":12.0,"key":"Durian"},{"floor":23.0,"key":"Gremlin Horn"},{"floor":26.0,"key":"SpikesRelics:ToyHorsey"},{"floor":32,"key":"Toy Ornithopter"},{"floor":40,"key":"Replay:Rubber Ducky"},{"floor":42,"key":"Mercury Hourglass"},{"floor":43,"key":"Grinning Jar"},{"floor":45,"key":"Pen Nib"},{"floor":47,"key":"Rawhide"},{"floor":48,"key":"Replay:Multitool"},{"floor":49,"key":"infinitespire:Beetle Shell"},{"floor":52,"key":"infinitespire:Broken Mirror"},{"floor":54,"key":"hubris:DuctTape"}],"event_choices":[{"damage_healed":0.0,"max_hp_gain":0.0,"max_hp_loss":0.0,"gold_gain":0.0,"event_name":"betterThird:BetterScrap","player_choice":"Relic ","floor":8.0,"gold_loss":0.0,"damage_taken":3.0,"cards_obtained":["BattleHymn"]},{"damage_healed":0.0,"max_hp_gain":0.0,"max_hp_loss":0.0,"gold_gain":0.0,"event_name":"Duplicator","player_choice":"Copied","floor":19.0,"gold_loss":0.0,"damage_taken":0.0,"cards_obtained":["Demon Form"]}],"is_beta":false,"boss_relics":[{"not_picked":["Runic Pyramid","Ooze Armor"],"picked":"Replay:Grab Bag"},{"not_picked":["hubris:GrandSneckoEye","Mark of Pain"],"picked":"Philosopher\u0027s Stone"},{"not_picked":["energizedSpire:NeverEndingSparkler","energizedSpire:OgreHead"],"picked":"Coffee Dripper"},{"not_picked":["Astrolabe","Snecko Eye"],"picked":"hubris:HollowSoul"},{"not_picked":["Ring of Chaos","Replay:Drink Me"],"picked":"hubris:Backtick"},{"not_picked":["Runic Dome","energizedSpire:TabascoSauce"],"picked":"hubris:VirtuousBlindfold"}],"items_purged_floors":[],"is_endless":false,"potions_floor_spawned":[3,4,6,11,12,13,14,21,29,30,31,36,38,42],"ascension_level":1}}