{"host":"nb3r5a3er9rrnn3n","time":1608809687,"event":{"mods":["BaseMod","Colored Map","Downfall","Minty Spire (QoL Compilation)","StSLib"],"gold_per_floor":[99,99,199,199,199,199,269,303,303,303,329,429,11,28,46,46,46,46],"floor_reached":16,"playtime":820,"items_purged":[],"score":130,"play_id":"3a2a7b2e-3687-4c18-8ad0-c94958e01de4","local_time":"20201224223447","is_ascension_mode":true,"campfire_choices":[{"data":"champ:Taunt","floor":1,"key":"SMITH"},{"data":"champ:EndlessRage","floor":9,"key":"SMITH"}],"circlet_count":0,"master_deck":["champ:Strike","champ:Strike","champ:Strike","champ:Strike","champ:Defend","champ:Defend","champ:Defend","champ:Defend","champ:Execute","champ:Taunt+1","champ:AdrenalArmor","Pain","champ:RecklessLeap","champ:EndlessRage+1","champ:RisingSlash","champ:BerserkersShout","champ:Backstep","champ:LastStand"],"relics":["champ:ChampionCrown","downfall:HeartsMalice","WarpedTongs","Bottled Lightning","StoneCalendar","Pocketwatch","Du-Vu Doll","Potion Belt","Anchor","Sling"],"acts_visited":["Exordium"],"potions_floor_usage":[12,13,14,14,14,14,14,15,16,16],"damage_taken":[{"damage":0,"enemies":"2 Louse","floor":2,"turns":1},{"damage":0,"enemies":"Cultist","floor":5,"turns":1},{"damage":0,"enemies":"Jaw Worm","floor":6,"turns":1},{"damage":78,"enemies":"Gremlin Nob","floor":8,"turns":5},{"damage":38,"enemies":"Lagavulin","floor":11,"turns":7},{"damage":51,"enemies":"downfall:LadyInBlue","floor":12,"turns":5},{"damage":2,"enemies":"downfall:FleeingMerchant","floor":13,"turns":4},{"damage":7,"enemies":"Blue Slaver","floor":14,"turns":3},{"damage":9,"enemies":"Lots of Slimes","floor":15,"turns":3},{"damage":4,"enemies":"downfall:Ironclad","floor":16,"turns":2}],"seed_played":"7290955248406429036","potions_obtained":[{"floor":8,"key":"DuplicationPotion"},{"floor":12,"key":"champ:UltimateStancePotion"},{"floor":12,"key":"champ:UltimateStancePotion"},{"floor":12,"key":"DistilledChaos"},{"floor":14,"key":"Dexterity Potion"}],"is_trial":false,"path_per_floor":["R","M","?","?","M","M","T","E","R","T","E","?","$","M","M","B"],"character_chosen":"THE_CHAMP","items_purchased":["EntropicBrew","Anchor","Sling"],"campfire_rested":0,"item_purchase_floors":[13,13,13],"current_hp_per_floor":[90,90,90,90,90,90,90,39,39,39,29,3,3,7,4,0,0,0],"gold":46,"neow_bonus":"THREE_ENEMY_KILL","is_daily":false,"chose_seed":false,"campfire_upgraded":2,"win_rate":0.0,"timestamp":1608809687,"path_taken":["R","M","?","?","?","?","T","E","R","?","E","?","$","M","M","BOSS"],"items_purchased_type":["Potion","Relic","Relic"],"build_version":"2020-12-22","purchased_purges":0,"victory":false,"max_hp_per_floor":[90,90,90,90,90,90,90,90,90,90,90,90,90,90,90,90,90,90],"card_choices":[{"not_picked":["champ:RageSigil","champ:Haymaker"],"picked":"champ:AdrenalArmor","floor":2},{"not_picked":["champ:FightOn","champ:GutPunch"],"picked":"champ:RecklessLeap","floor":5},{"not_picked":["champ:AdrenalArmor","champ:FanOfKnives"],"picked":"champ:EndlessRage","floor":6},{"not_picked":["champ:Lariat","champ:CrookedStrike"],"picked":"champ:RisingSlash","floor":8},{"not_picked":["champ:GutPunch","champ:EnragedBash"],"picked":"champ:BerserkersShout","floor":11},{"not_picked":["champ:HeartStrike","champ:RageSigil"],"picked":"champ:Backstep","floor":13},{"not_picked":["champ:Backstep","champ:ShieldSigil"],"picked":"champ:LastStand","floor":14},{"not_picked":["champ:DefensiveShout","champ:BerserkersShout","champ:ShieldWall"],"picked":"SKIP","floor":15}],"player_experience":1891333,"relics_obtained":[{"floor":7,"key":"Bottled Lightning"},{"floor":8,"key":"StoneCalendar"},{"floor":10,"key":"Pocketwatch"},{"floor":11,"key":"Du-Vu Doll"},{"floor":12,"key":"Potion Belt"}],"event_choices":[{"damage_healed":0,"gold_gain":0,"player_choice":"Rummage","damage_taken":0,"relics_obtained":["WarpedTongs"],"max_hp_gain":0,"max_hp_loss":0,"event_name":"Accursed Blacksmith","floor":4,"gold_loss":0,"cards_obtained":["Pain"]}],"is_beta":false,"boss_relics":[],"items_purged_floors":[],"is_endless":false,"potions_floor_spawned":[8,14],"killed_by":"downfall:Ironclad","ascension_level":5}}