{"host":"3m7kwbdmvdgbilll","time":1608832816,"event":{"mods":["2.2 Compatiblity","AchievementEnabler","Aspiration","BaseMod","Beaked The Cultist","Better Match","Better Sensory Stone","Better Skull","Better Third Choice","BetterRewards","CCEM","Colored Map","Colored Powertips","Conspire","Custom Start","Downfall","Energized Spire","GifTheSpireLib","Halation","Highlight Path","Hubris","Infinite Spire","Jedi Mod","Marisa????????","Mimic Mod","Minty Spire (QoL Compilation)","Permanent Neow","Quick Restart","Rare Cards Sparkle","Replay The Spire","Shop Mod","Small Relic Pack","Spicy Shops","StSLib","Stuff the Spire","The Construct","The Servant 0.9.4","Unceasing Turn Reminder","Wandering Minibosses"],"gold_per_floor":[118,138,138,138,149,181,216,265,265,326,356,18,67,67,67,220,220,252,27,27,84,126,187,187,237,237,300,300,334,395,395,395,542,542,584,614,22,22,122,186,186,245,245,305,305,305,360,410,410,543,543,567,567,667,703,751,787,787,849,922,974,997,1061,1061,1061,1061,1206,1206,1247,1247,1247,1387,1206,1225,1222,1232,1232],"floor_reached":76,"playtime":6620,"items_purged":["Injury","jedi:unlimitedpower","FloweringNight","Shrug It Off+1","Tools of the Trade"],"score":1949,"play_id":"df85d3b2-1711-4bbc-a2e4-c9e835136b4c","local_time":"20201224130016","daily_mods":["DeadlyEvents","Elite Swarm"],"is_ascension_mode":false,"campfire_choices":[{"data":"Defy","floor":15,"key":"SMITH"},{"data":"Defy+1","floor":24,"key":"SMITH"},{"data":"KillingDoll","floor":28,"key":"SMITH"},{"data":"Cloak And Dagger+1","floor":28,"key":"SMITH"},{"data":"Barricade","floor":32,"key":"SMITH"},{"data":"SilverBlades+1","floor":32,"key":"SMITH"},{"data":"SilverBlades+2","floor":41,"key":"SMITH"},{"data":"SilverBlades+3","floor":41,"key":"SMITH"},{"data":"SilverBlades+4","floor":41,"key":"SMITH"},{"data":"SilverBlades+5","floor":41,"key":"SMITH"},{"data":"SilverBlades+6","floor":45,"key":"SMITH"},{"data":"SilverBlades+7","floor":45,"key":"SMITH"},{"data":"SilverBlades+8","floor":45,"key":"SMITH"},{"data":"SilverBlades+9","floor":45,"key":"SMITH"},{"data":"Luminosity","floor":49,"key":"SMITH"},{"data":"Luminosity+1","floor":49,"key":"SMITH"},{"data":"Luminosity+2","floor":49,"key":"SMITH"},{"data":"Luminosity+3","floor":49,"key":"SMITH"},{"data":"Sword Boomerang","floor":58,"key":"PURGE"},{"data":"Defy+2","floor":64,"key":"SMITH"},{"data":"Defy+3","floor":64,"key":"SMITH"},{"data":"Phantasmal Killer+1","floor":64,"key":"PURGE"},{"data":"infinitespire:Collect+1","floor":66,"key":"SMITH"},{"data":"hubris:DuctTapeCard","floor":66,"key":"SMITH"},{"data":"Cloak And Dagger+2","floor":66,"key":"PURGE"}],"circlet_count":0,"master_deck":["CasketOfStar","OortCloud","hubris:DuctTapeCard+13","Dilation+1","Luminosity+4","Barricade+1","FlawlessForm","ShatteredReality","Adrenaline+1","ShatteredReality","infinitespire:Collect+2","Ricochet","Defy+4","Exchange","KidneyShot","Defend_S","Defend_S","Defend_S","Defend_S","Strike_S","Strike_S","Strike_S","Strike_S"],"relics":["Uniform","jedi:maincommand","BewitchedHakkero","aspiration:IroncladSkillbook","m_TsuchinokoRing","Shuriken","Pondfish Scales","Toxic Egg 2","Replay:Bandana","jedi:heavyjacket","Onion Ring","halation:Pancakes","Sling","CCEMRelics:Sandal","StuffTheSpire:DarkSteelAnvil","SplendidAttire","hubris:HollowSoul","Red Mask","conspire:InfiniteJournal","aspiration:TrustyKnives","StuffTheSpire:ForceGauntlet","halation:PenCase","Lantern","Ninja Scroll","conspire:RoyalGoblet","MerchantsRug","Replay:Arrowhead","halation:PapillonHeart","Shuriken","Shuriken","hubris:IronBody","StuffTheSpire:DarkSteelAnvil","conspire:DeflatedDodgeball","hubris:DuctTape","aspiration:MarisaSkillbook","jedi:maincommand","Peace Pipe","Replay:PocketPolymizer","halation:PromiseList","Bottled Flame","hubris:CuriousFeather","hubris:Zylophone","aspiration:TrustyKnives","Gambling Chip","hubris:Backtick","Replay:Ringing Soul"],"acts_visited":["Exordium","TheCity","TheBeyond","Exordium","TheCity"],"potions_floor_usage":[10,10,23,33,33,44,50,67],"damage_taken":[{"damage":0,"enemies":"Small Slimes","floor":1,"turns":4},{"damage":0,"enemies":"2 Louse","floor":2,"turns":3},{"damage":4,"enemies":"Cultist","floor":5,"turns":4},{"damage":2,"enemies":"Lagavulin","floor":6,"turns":7},{"damage":12,"enemies":"Large Slime","floor":7,"turns":1},{"damage":24,"enemies":"Gremlin Nob","floor":8,"turns":2},{"damage":18,"enemies":"3 Sentries","floor":10,"turns":1},{"damage":2,"enemies":"Lots of Slimes","floor":11,"turns":1},{"damage":0,"enemies":"Gremlin Nob","floor":13,"turns":2},{"damage":36,"enemies":"Fading Forest","floor":16,"turns":7},{"damage":0,"enemies":"2 Thieves","floor":18,"turns":2},{"damage":0,"enemies":"Masked Bandits","floor":21,"turns":1},{"damage":0,"enemies":"conspire:FuzzyDice","floor":22,"turns":3},{"damage":0,"enemies":"Book of Stabbing","floor":23,"turns":2},{"damage":1,"enemies":"Replay:Snechameleon","floor":25,"turns":6},{"damage":0,"enemies":"Book of Stabbing","floor":27,"turns":3},{"damage":0,"enemies":"Centurion and Healer","floor":29,"turns":2},{"damage":0,"enemies":"Nightmare","floor":30,"turns":3},{"damage":16,"enemies":"Champ","floor":33,"turns":4},{"damage":12,"enemies":"3 Shapes","floor":35,"turns":2},{"damage":0,"enemies":"Orb Walker","floor":36,"turns":2},{"damage":0,"enemies":"beaked:SuperParasite","floor":40,"turns":3},{"damage":0,"enemies":"Nemesis","floor":42,"turns":3},{"damage":0,"enemies":"Giant Head","floor":44,"turns":3},{"damage":0,"enemies":"R_Hoarder","floor":47,"turns":2},{"damage":0,"enemies":"Maw","floor":48,"turns":1},{"damage":0,"enemies":"Donu and Deca","floor":50,"turns":2},{"damage":0,"enemies":"2 Louse","floor":52,"turns":1},{"damage":0,"enemies":"Small Slimes","floor":55,"turns":1},{"damage":0,"enemies":"3 Sentries","floor":56,"turns":1},{"damage":0,"enemies":"Gremlin Nob","floor":57,"turns":1},{"damage":0,"enemies":"Lagavulin","floor":59,"turns":1},{"damage":0,"enemies":"Gremlin Nob","floor":61,"turns":1},{"damage":0,"enemies":"Jaw Worm","floor":62,"turns":1},{"damage":0,"enemies":"Lagavulin","floor":63,"turns":1},{"damage":0,"enemies":"The Guardian","floor":67,"turns":2},{"damage":0,"enemies":"Shell Parasite","floor":69,"turns":1},{"damage":0,"enemies":"Gremlin Leader","floor":72,"turns":1},{"damage":2,"enemies":"Shell Parasite","floor":74,"turns":10},{"damage":0,"enemies":"Chosen","floor":75,"turns":8},{"damage":13,"enemies":"Masked Bandits","floor":76,"turns":2}],"seed_played":"-2647528838007151802","potions_obtained":[{"floor":6,"key":"FearPotion"},{"floor":8,"key":"BlessingOfTheForge"},{"floor":10,"key":"Swift Potion"},{"floor":16,"key":"CultistPotion"},{"floor":25,"key":"ColorlessPotion"},{"floor":29,"key":"Dexterity Potion"},{"floor":30,"key":"champ:CounterPotion"},{"floor":33,"key":"Flashbang"},{"floor":42,"key":"Venom Potion"},{"floor":44,"key":"Explosive Potion"},{"floor":56,"key":"Dexterity Potion"},{"floor":63,"key":"BlessingOfTheForge"},{"floor":69,"key":"BlessingOfTheForge"}],"is_trial":true,"path_per_floor":["M","M","?","?","M","E","M","E","T","E","M","$","E","T","R","B",null,"M","$","AVR","?","M","E","R","E","T","E","R","M","NM","T","R","B",null,"M","M","$","?","?","E","R","E","T","E","R","AVR","E","M","R","B",null,"M","?","?","M","E","E","R","E","T","E","M","E","R","?","R","B",null,"M","?","?","E","$","M","M","?"],"character_chosen":"THE_SERVANT","items_purchased":["Cloak And Dagger+1","jedi:command_shop","MerchantsRug","jedi:command_rare","jedi:command_shop"],"campfire_rested":0,"item_purchase_floors":[12,12,37,37,73],"current_hp_per_floor":[65,65,65,49,49,51,43,23,23,51,53,53,57,57,57,35,65,65,65,65,65,65,65,65,65,65,65,65,65,65,65,65,53,65,57,61,61,61,61,62,62,62,62,62,62,62,62,62,62,62,62,62,62,62,62,62,62,62,62,62,62,62,62,62,47,47,51,62,62,62,62,62,42,42,42,0,0],"gold":1232,"neow_bonus":"","is_daily":false,"chose_seed":false,"campfire_upgraded":22,"win_rate":0.0,"timestamp":1608832816,"path_taken":["M","M","?","?","M","E","?","E","T","E","M","$","?","?","R","BOSS","M","?","AVR","?","M","E","R","E","T","E","R","M","NM","?","R","BOSS","M","M","$","?","?","E","R","E","T","E","R","AVR","E","M","R","BOSS","M","?","?","M","?","E","R","E","T","E","?","E","R","?","R","BOSS","M","?","?","?","$","M","M","?"],"items_purchased_type":["Card","Relic","Relic","Relic","Relic"],"build_version":"2020-12-22","purchased_purges":5,"victory":false,"max_hp_per_floor":[65,65,65,65,65,65,65,65,65,65,65,65,65,65,65,65,65,65,65,65,65,65,65,65,65,65,65,65,65,65,65,65,65,65,65,65,65,62,62,62,62,62,62,62,62,62,62,62,62,62,62,62,62,62,62,62,62,62,62,62,62,62,62,62,62,62,62,62,62,62,62,62,42,42,42,42,42],"card_choices":[{"not_picked":["Dagger Spray","Rewind","MoonPhase"],"picked":"Defy","floor":1},{"not_picked":["Rupture","Havoc","Accuracy"],"picked":"Ricochet","floor":2},{"not_picked":["infinitespire:TheBestDefense","infinitespire:Menacing"],"picked":"infinitespire:Collect","floor":4},{"not_picked":["Power Through+1","Flying Knee","Pommel Strike"],"picked":"Sword Boomerang","floor":5},{"not_picked":["Fiend Fire","jedi:strikingstrike","TheWorld+1"],"picked":"jedi:unlimitedpower","floor":6},{"not_picked":["Alleviate+1","StuffTheSpire:Slingshot","Twin Strike"],"picked":"ShatteredReality","floor":7},{"not_picked":["jedi:unlimitedpower","Barricade","Immolate"],"picked":"Phantasmal Killer+1","floor":8},{"not_picked":["Dilation+1","Duplication+1","Storm of Steel+1"],"picked":"Adrenaline+1","floor":10},{"not_picked":["Headbutt","StuffTheSpire:BloodClot+1","ReplayTheSpireMod:Strike From Hell"],"picked":"ShatteredReality","floor":11},{"not_picked":["Impervious+1","StuffTheSpire:TitanForm","Juggernaut"],"picked":"Tools of the Trade","floor":13},{"not_picked":["Bullet Time+1","FlawlessForm","Corruption"],"picked":"FloweringNight","floor":16},{"not_picked":["ReplayTheSpireMod:Stacked+1","Anger+1","DoubleEdge"],"picked":"Shrug It Off+1","floor":18},{"not_picked":["DoubleEdge+1","Deny+1","Thunderclap"],"picked":"SilverBlades+1","floor":22},{"not_picked":["SoulSculpture","Feed","Hemogenesis","hubris:StunningStrike"],"picked":"SKIP","floor":23},{"not_picked":["Bludgeon","Brutality","LightFlow"],"picked":"KillingDoll","floor":25},{"not_picked":["StuffTheSpire:TitanForm","Embodiment","Demonic Infusion+1"],"picked":"FlawlessForm","floor":27},{"not_picked":["Havoc+1","Pummel+1","Replace+1","Twin Strike"],"picked":"SKIP","floor":29},{"not_picked":["LightFlow","Reaper","Double Tap+1"],"picked":"Barricade","floor":30},{"not_picked":["Thunderclap","ReplayReversal+1","jedi:controlledanger+1","Rupture+1"],"picked":"SKIP","floor":35},{"not_picked":["Warcry+1","ReplayTheSpireMod:Corrosion Curse+1","Shrug It Off+1"],"picked":"Luminosity","floor":36},{"not_picked":["Brutality","Corruption","FloweringNight","TheWorld+1"],"picked":"SKIP","floor":40},{"not_picked":["Demon Form","Barricade","jedi:harder+1","Fiend Fire"],"picked":"SKIP","floor":42},{"not_picked":["Impervious+1","FloweringNight","Reaper","jedi:bloodyhammer+1"],"picked":"SKIP","floor":44},{"not_picked":["LightFlow","Brutality","Demon Form"],"picked":"Dilation+1","floor":47},{"not_picked":["StuffTheSpire:Resist+1","Thunderclap","Reset+1","Rage+1"],"picked":"SKIP","floor":48},{"not_picked":["StarChef","Alleviate+1","TimeWarp","Entrench+1","Sword Boomerang"],"picked":"SKIP","floor":52},{"not_picked":["ReplayTheSpireMod:Limb From Limb","DoubleSpark","Twin Strike","Limit Break+1"],"picked":"OortCloud","floor":55},{"not_picked":["Impervious+1","Fiend Fire","BlazingStar","hubris:StunningStrike"],"picked":"CasketOfStar","floor":56},{"not_picked":["MaximisePower+1","Embodiment","FlawlessForm","jedi:strikingstrike","CollectingQuirk"],"picked":"SKIP","floor":57},{"not_picked":["FlawlessForm","Solidify+1","UltimateShortwave+1","CasketOfStar","Demonic Infusion+1"],"picked":"SKIP","floor":59},{"not_picked":["BigCrunch+1","jedi:harder+1","SoulSculpture","Double Tap+1","Solidify+1"],"picked":"SKIP","floor":61},{"not_picked":["DualDimension+1","ReplayTheSpireMod:Strike From Hell","Perfected Strike","Dark Embrace","FastForward+1"],"picked":"SKIP","floor":62},{"not_picked":["Immolate","Limit Break+1","BinaryStars+1","jedi:bloodyhammer+1","Offering+1"],"picked":"SKIP","floor":63},{"not_picked":["Sabotage","Rearm+1","Rewind+1","SilverBlades+1","WitchOfGreed+1"],"picked":"SKIP","floor":69},{"not_picked":["EscapeVelocity","Exhume+1","AbsoluteMagnitude","StarDustReverie+1","KillingDoll"],"picked":"SKIP","floor":72},{"not_picked":["OrrerysSun+1","ChargingUp+1","Flex+1","Wild Strike+1","Spin"],"picked":"SKIP","floor":74},{"not_picked":["StuffTheSpire:RockThrow","ManaConvection+1","StarlightTyphoon+1","StuffTheSpire:Incineration+1","DoubleSpark"],"picked":"SKIP","floor":75}],"player_experience":27591,"relics_obtained":[{"floor":6,"key":"jedi:command_common"},{"floor":8,"key":"jedi:command_uncommon"},{"floor":9,"key":"jedi:command_uncommon"},{"floor":10,"key":"jedi:command_common"},{"floor":13,"key":"jedi:command_uncommon"},{"floor":14,"key":"jedi:command_rare"},{"floor":21,"key":"Red Mask"},{"floor":23,"key":"jedi:command_rare"},{"floor":25,"key":"jedi:command_common"},{"floor":26,"key":"jedi:command_uncommon"},{"floor":27,"key":"jedi:command_rare"},{"floor":30,"key":"jedi:command_common"},{"floor":31,"key":"jedi:command_uncommon"},{"floor":40,"key":"jedi:command_uncommon"},{"floor":42,"key":"jedi:command_uncommon"},{"floor":43,"key":"jedi:command_uncommon"},{"floor":44,"key":"jedi:command_rare"},{"floor":47,"key":"jedi:command_uncommon"},{"floor":56,"key":"jedi:command_rare"},{"floor":57,"key":"jedi:command_rare"},{"floor":59,"key":"jedi:command_common"},{"floor":60,"key":"jedi:command_uncommon"},{"floor":61,"key":"jedi:command_rare"},{"floor":63,"key":"jedi:command_rare"},{"floor":70,"key":"jedi:command_common"},{"floor":72,"key":"jedi:command_uncommon"}],"event_choices":[{"damage_healed":0,"gold_gain":0,"player_choice":"Fought Bandits","damage_taken":0,"max_hp_gain":0,"max_hp_loss":0,"event_name":"Masked Bandits","floor":21,"gold_loss":0},{"damage_healed":0,"gold_gain":100,"player_choice":"Pray","damage_taken":0,"max_hp_gain":0,"max_hp_loss":0,"event_name":"Golden Shrine","floor":39,"gold_loss":0},{"damage_healed":0,"gold_gain":0,"player_choice":"Ignored","damage_taken":567,"max_hp_gain":0,"max_hp_loss":0,"event_name":"betterThird:BetterSerpent","floor":53,"gold_loss":0},{"damage_healed":0,"gold_gain":100,"player_choice":"Pray","damage_taken":0,"max_hp_gain":0,"max_hp_loss":0,"event_name":"Golden Shrine","floor":54,"gold_loss":0},{"damage_healed":0,"gold_gain":1,"player_choice":"Relic Relic ","damage_taken":15,"max_hp_gain":0,"max_hp_loss":0,"event_name":"betterThird:BetterScrap","floor":65,"gold_loss":0,"cards_obtained":["Intimidate"]},{"damage_healed":0,"gold_gain":0,"player_choice":"Forge","damage_taken":0,"max_hp_gain":0,"max_hp_loss":0,"event_name":"Accursed Blacksmith","floor":71,"gold_loss":0,"cards_upgraded":["OortCloud"]},{"damage_healed":0,"gold_gain":0,"player_choice":"Fought Bandits","damage_taken":0,"max_hp_gain":0,"max_hp_loss":0,"event_name":"Masked Bandits","floor":76,"gold_loss":0}],"is_beta":false,"boss_relics":[{"not_picked":["jedi:command_boss","jedi:command_boss"],"picked":"jedi:command_boss"},{"not_picked":["jedi:command_boss","jedi:command_boss"],"picked":"jedi:command_boss"},{"not_picked":["jedi:command_boss","jedi:command_boss"],"picked":"jedi:command_boss"},{"not_picked":["jedi:command_boss","jedi:command_boss"],"picked":"jedi:command_boss"}],"items_purged_floors":[12,19,19,37,46],"is_endless":true,"potions_floor_spawned":[6,8,10,16,25,29,30,33,42,44,48,56,59,61,63,69,74],"killed_by":"Masked Bandits","ascension_level":0}}