{"host":"reretk0dz0kj8f1n","time":1608823244,"event":{"mods":["Arknights The Spire","BaseMod","Colored Map","Minty Spire (QoL Compilation)","StSLib"],"gold_per_floor":[114,133,133,58,76,110,110,110,110],"floor_reached":8,"playtime":212,"items_purged":["Regret"],"score":56,"play_id":"a12039bb-6aa4-4cd6-bf9e-3af496651fc3","local_time":"20201225002044","is_ascension_mode":false,"campfire_choices":[],"circlet_count":0,"master_deck":["ats:Strike C","ats:Strike G","ats:Strike S","ats:Strike V+1","ats:Armor Crushing Shot","ats:Defend","ats:Defend","ats:Defend+1","ats:Defend","ats:Emotion Absorption","ats:Guardian Obelisk","ats:Leaping Hammer+1"],"relics":["ats:Sanity","NeowsBlessing","Molten Egg 2","ats:Originium","MealTicket"],"acts_visited":["Exordium"],"potions_floor_usage":[6,6,6],"damage_taken":[{"damage":0,"enemies":"Small Slimes","floor":1,"turns":1},{"damage":0,"enemies":"Jaw Worm","floor":2,"turns":1},{"damage":0,"enemies":"2 Louse","floor":5,"turns":1},{"damage":31,"enemies":"Lagavulin","floor":6,"turns":8},{"damage":0,"enemies":"3 Sentries","floor":8,"turns":1}],"seed_played":"3199284872710176025","potions_obtained":[{"floor":1,"key":"ColorlessPotion"},{"floor":2,"key":"EssenceOfSteel"},{"floor":5,"key":"LiquidMemories"},{"floor":6,"key":"SkillPotion"}],"is_trial":false,"path_per_floor":["M","M","?","$","M","E","?","E"],"character_chosen":"DOCTOR_CLASS","items_purchased":[],"campfire_rested":0,"item_purchase_floors":[],"current_hp_per_floor":[72,72,72,72,72,41,27,27,27],"gold":110,"neow_bonus":"THREE_ENEMY_KILL","is_daily":false,"chose_seed":false,"campfire_upgraded":0,"win_rate":0.0,"timestamp":1608823244,"path_taken":["M","M","?","$","M","E","?","E"],"items_purchased_type":[],"build_version":"2020-12-22","purchased_purges":1,"victory":false,"max_hp_per_floor":[72,72,72,72,72,72,72,72,72],"card_choices":[{"not_picked":["ats:Explosion Area Strengthen","ats:Hammer On"],"picked":"ats:Guardian Obelisk","floor":1},{"not_picked":["ats:Automatic Cover","ats:Hammer On","ats:Poison Spread"],"picked":"SKIP","floor":2},{"not_picked":["ats:Encircling Forest","ats:Childhood Dance"],"picked":"ats:Leaping Hammer+1","floor":5},{"not_picked":["ats:Hook Shot","ats:Apocalypse","ats:Durian"],"picked":"SKIP","floor":6}],"player_experience":235862,"relics_obtained":[{"floor":6,"key":"ats:Originium"},{"floor":6,"key":"MealTicket"}],"event_choices":[{"damage_healed":0,"gold_gain":0,"player_choice":"Box","damage_taken":0,"relics_obtained":["Molten Egg 2"],"max_hp_gain":0,"max_hp_loss":0,"event_name":"Big Fish","floor":3,"gold_loss":0,"cards_obtained":["Regret"]},{"damage_healed":0,"gold_gain":0,"player_choice":"Entered Light","damage_taken":14,"max_hp_gain":0,"max_hp_loss":0,"event_name":"Shining Light","floor":7,"gold_loss":0,"cards_upgraded":["ats:Defend","ats:Strike V"]}],"is_beta":false,"boss_relics":[],"items_purged_floors":[4],"is_endless":false,"potions_floor_spawned":[1,2,5,6],"killed_by":"3 Sentries","ascension_level":0}}