{"host":"z5ys1wbqpsyqmecy","time":1608846371,"event":{"mods":["BaseMod","Colored Map","Colored Powertips","Minty Spire (QoL Compilation)","Relic Stats"],"gold_per_floor":[116,127,140,140,151,182,201,220,220,238,265,281,296,314,314,409,459,477,477,492,492,507,507,507],"floor_reached":23,"playtime":1904,"items_purged":[],"score":211,"play_id":"24ed4ac7-4428-437d-9f93-cb3df287612d","local_time":"20201224134611","is_ascension_mode":false,"campfire_choices":[{"data":"Night Terror","floor":15,"key":"SMITH"}],"circlet_count":0,"master_deck":["Strike_G","Strike_G","Strike_G","Strike_G","Strike_G","Defend_G","Defend_G+1","Defend_G","Defend_G","Defend_G","Survivor","Neutralize","All Out Attack","Sucker Punch","Masterful Stab","Dagger Throw","Poisoned Stab","Poisoned Stab","Noxious Fumes","Night Terror+1","Endless Agony","Deadly Poison","Backflip","Prepared","Glass Knife","Quick Slash","Underhanded Strike","Swift Strike","Dark Shackles","Dramatic Entrance","Flash of Steel","Dodge and Roll","Backflip+1"],"relics":["Velvet Choker","Meat on the Bone","Ice Cream","HornCleat","Tiny House","StoneCalendar"],"acts_visited":["Exordium","TheCity"],"potions_floor_usage":[6,11,16,16,16,16,20,22],"damage_taken":[{"damage":0,"enemies":"2 Louse","floor":1,"turns":4},{"damage":0,"enemies":"Cultist","floor":2,"turns":4},{"damage":0,"enemies":"Small Slimes","floor":3,"turns":3},{"damage":0,"enemies":"Red Slaver","floor":5,"turns":3},{"damage":37,"enemies":"Lagavulin","floor":6,"turns":7},{"damage":0,"enemies":"Blue Slaver","floor":7,"turns":3},{"damage":5,"enemies":"3 Louse","floor":8,"turns":2},{"damage":0,"enemies":"Looter","floor":10,"turns":2},{"damage":14,"enemies":"Gremlin Nob","floor":11,"turns":4},{"damage":11,"enemies":"Gremlin Gang","floor":12,"turns":4},{"damage":0,"enemies":"Large Slime","floor":13,"turns":4},{"damage":0,"enemies":"Blue Slaver","floor":14,"turns":4},{"damage":22,"enemies":"Hexaghost","floor":16,"turns":8},{"damage":2,"enemies":"Chosen","floor":18,"turns":4},{"damage":2,"enemies":"Shell Parasite","floor":20,"turns":4},{"damage":28,"enemies":"Snake Plant","floor":22,"turns":3},{"damage":45,"enemies":"Slavers","floor":23,"turns":4}],"seed_played":"7225946409106000256","potions_obtained":[{"floor":3,"key":"Ancient Potion"},{"floor":8,"key":"SteroidPotion"},{"floor":11,"key":"Energy Potion"},{"floor":13,"key":"EntropicBrew"},{"floor":14,"key":"FearPotion"},{"floor":16,"key":"BlessingOfTheForge"},{"floor":17,"key":"Block Potion"}],"is_trial":false,"path_per_floor":["M","M","M","?","M","E","M","M","T","M","E","M","M","M","R","B",null,"M","?","M","?","M","E"],"character_chosen":"THE_SILENT","items_purchased":[],"campfire_rested":0,"item_purchase_floors":[],"current_hp_per_floor":[70,70,70,70,70,33,45,40,40,40,38,39,39,39,39,29,75,73,37,47,47,31,0,0],"gold":507,"neow_bonus":"BOSS_RELIC","is_daily":false,"chose_seed":false,"campfire_upgraded":1,"win_rate":0.0,"timestamp":1608846371,"path_taken":["M","M","M","?","M","E","M","M","T","M","E","M","M","?","R","BOSS","M","?","?","?","M","E"],"items_purchased_type":[],"build_version":"2020-12-22","purchased_purges":0,"victory":false,"max_hp_per_floor":[70,70,70,70,70,70,70,70,70,70,70,70,70,70,70,70,75,75,75,75,75,75,75,75],"relic_stats":{"counters":[17,67],"StoneCalendar":[0],"obtain_stats":[{"Ice Cream":9,"HornCleat":11,"Tiny House":17,"Velvet Choker":0,"StoneCalendar":21,"Ring of the Snake":0,"Meat on the Bone":6},{"Ice Cream":7,"HornCleat":9,"Tiny House":13,"Velvet Choker":0,"StoneCalendar":15,"Ring of the Snake":0,"Meat on the Bone":5},{"Ice Cream":26,"HornCleat":32,"Tiny House":52,"Velvet Choker":0,"StoneCalendar":60,"Ring of the Snake":0,"Meat on the Bone":21}],"Meat on the Bone":72},"card_choices":[{"not_picked":["Quick Slash","Backflip"],"picked":"All Out Attack","floor":1},{"not_picked":["Blade Dance","Slice"],"picked":"Sucker Punch","floor":2},{"not_picked":["Dodge and Roll","Riddle With Holes"],"picked":"Masterful Stab","floor":3},{"not_picked":["Footwork","Bane"],"picked":"Dagger Throw","floor":5},{"not_picked":["Escape Plan","Predator"],"picked":"Poisoned Stab","floor":6},{"not_picked":["Choke","Dodge and Roll"],"picked":"Poisoned Stab","floor":7},{"not_picked":["Acrobatics","Backflip"],"picked":"Noxious Fumes","floor":8},{"not_picked":["Well Laid Plans","Dagger Throw"],"picked":"Night Terror","floor":10},{"not_picked":["Acrobatics","A Thousand Cuts"],"picked":"Endless Agony","floor":11},{"not_picked":["Flying Knee","Deflect"],"picked":"Deadly Poison","floor":12},{"not_picked":["Outmaneuver","All Out Attack"],"picked":"Backflip","floor":13},{"not_picked":["Terror","Flying Knee"],"picked":"Prepared","floor":14},{"not_picked":["Malaise","Bullet Time"],"picked":"Glass Knife","floor":16},{"not_picked":["Infinite Blades","Skewer"],"picked":"Quick Slash","floor":17},{"not_picked":["Prepared","Dodge and Roll"],"picked":"Underhanded Strike","floor":18},{"not_picked":["A Thousand Cuts","Prepared"],"picked":"Dodge and Roll","floor":20},{"not_picked":["Prepared+1","Bane+1"],"picked":"Backflip+1","floor":22}],"player_experience":17644,"relics_obtained":[{"floor":6,"key":"Meat on the Bone"},{"floor":9,"key":"Ice Cream"},{"floor":11,"key":"HornCleat"}],"event_choices":[{"damage_healed":0,"gold_gain":0,"player_choice":"Ignored","damage_taken":0,"max_hp_gain":0,"max_hp_loss":0,"event_name":"Purifier","floor":4,"gold_loss":0},{"damage_healed":0,"gold_gain":0,"player_choice":"CARD CARD CARD CARD ","damage_taken":36,"max_hp_gain":0,"max_hp_loss":0,"event_name":"Knowing Skull","floor":19,"potions_obtained":[],"gold_loss":0,"cards_obtained":["Swift Strike","Dark Shackles","Dramatic Entrance","Flash of Steel"]},{"damage_healed":0,"gold_gain":0,"player_choice":"Opened","damage_taken":0,"relics_obtained":["StoneCalendar"],"max_hp_gain":0,"max_hp_loss":0,"event_name":"The Mausoleum","floor":21,"gold_loss":0}],"is_beta":false,"boss_relics":[{"not_picked":["Sozu","Fusion Hammer"],"picked":"Tiny House"}],"items_purged_floors":[],"is_endless":false,"potions_floor_spawned":[3,8,11,13,14,16,18],"killed_by":"Slavers","ascension_level":0}}