{"host":"k85tjwrh7mjrrc9a","time":1608772243,"event":{"mods":["AchievementEnabler","BaseMod","Colored Powertips","Highlight Path","Minty Spire (QoL Compilation)","Rare Cards Sparkle","StSLib"],"gold_per_floor":[117,133,133,144,4,32,32,49,49,84,84,98,98,118,118,222,222,241,98,116,64,64,64,74,74,74,173,187,200,220,233,233,333,333,344,344,355,355,367,367,379,379,379,379,46,46,59,70,70,70],"floor_reached":51,"playtime":3810,"items_purged":["Strike_R"],"score":663,"play_id":"3ed5e49e-8434-4a45-be89-cb86307148ed","local_time":"20201223201043","is_ascension_mode":false,"campfire_choices":[{"data":"Limit Break","floor":7,"key":"SMITH"},{"floor":11,"key":"REST"},{"data":"Inflame","floor":13,"key":"SMITH"},{"data":"Heavy Blade","floor":15,"key":"SMITH"},{"data":"Shockwave","floor":23,"key":"SMITH"},{"floor":25,"key":"REST"},{"floor":32,"key":"REST"},{"floor":40,"key":"REST"},{"data":"Barricade","floor":42,"key":"SMITH"},{"data":"Double Tap","floor":44,"key":"SMITH"},{"data":"Spot Weakness","floor":46,"key":"SMITH"},{"floor":49,"key":"REST"}],"circlet_count":0,"master_deck":["Strike_R","Strike_R","Strike_R","Strike_R","Defend_R","Defend_R","Defend_R","Defend_R","Heavy Blade+1","Inflame+1","Shockwave+1","Limit Break+1","Spot Weakness+1","Shrug It Off","Shrug It Off","Pommel Strike+1","Shrug It Off","Barricade+1","Shrug It Off","Heavy Blade+1","Heavy Blade+1","Double Tap+1","Madness","Madness","Ghostly Armor","Pommel Strike+1","Injury","Body Slam+1"],"relics":["Burning Blood","Oddly Smooth Stone","Incense Burner","Molten Egg 2","Kunai","Runic Cube","Nunchaku","MutagenicStrength","Meat on the Bone","Cursed Key","Frozen Egg 2","Self Forming Clay"],"acts_visited":["Exordium","TheCity","TheBeyond"],"potions_floor_usage":[16,20,28,29,30,33,50,50],"damage_taken":[{"damage":0,"enemies":"Cultist","floor":1,"turns":3},{"damage":0,"enemies":"Small Slimes","floor":2,"turns":3},{"damage":6,"enemies":"Jaw Worm","floor":4,"turns":3},{"damage":26,"enemies":"Gremlin Nob","floor":6,"turns":5},{"damage":10,"enemies":"2 Fungi Beasts","floor":8,"turns":4},{"damage":30,"enemies":"3 Sentries","floor":10,"turns":7},{"damage":1,"enemies":"Red Slaver","floor":12,"turns":2},{"damage":6,"enemies":"Exordium Thugs","floor":14,"turns":5},{"damage":26,"enemies":"Slime Boss","floor":16,"turns":8},{"damage":18,"enemies":"Spheric Guardian","floor":18,"turns":5},{"damage":25,"enemies":"2 Thieves","floor":20,"turns":4},{"damage":27,"enemies":"3 Cultists","floor":24,"turns":5},{"damage":7,"enemies":"Chosen and Byrds","floor":28,"turns":5},{"damage":20,"enemies":"Centurion and Healer","floor":29,"turns":5},{"damage":9,"enemies":"Shelled Parasite and Fungi","floor":30,"turns":5},{"damage":27,"enemies":"3 Cultists","floor":31,"turns":5},{"damage":28,"enemies":"Automaton","floor":33,"turns":7},{"damage":0,"enemies":"Orb Walker","floor":35,"turns":3},{"damage":60,"enemies":"3 Shapes","floor":37,"turns":5},{"damage":10,"enemies":"Sphere and 2 Shapes","floor":39,"turns":5},{"damage":20,"enemies":"Spire Growth","floor":41,"turns":5},{"damage":18,"enemies":"4 Shapes","floor":47,"turns":6},{"damage":36,"enemies":"3 Darklings","floor":48,"turns":5},{"damage":55,"enemies":"Donu and Deca","floor":50,"turns":10}],"seed_played":"4664794443701695458","potions_obtained":[{"floor":1,"key":"EssenceOfSteel"},{"floor":4,"key":"SmokeBomb"},{"floor":10,"key":"FairyPotion"},{"floor":16,"key":"Explosive Potion"},{"floor":18,"key":"Weak Potion"},{"floor":24,"key":"Weak Potion"},{"floor":28,"key":"Explosive Potion"},{"floor":30,"key":"SkillPotion"},{"floor":31,"key":"Dexterity Potion"},{"floor":39,"key":"Fire Potion"},{"floor":48,"key":"SteroidPotion"}],"is_trial":false,"path_per_floor":["M","M","$","M","$","E","R","M","T","E","R","M","R","M","R","B",null,"M","$","M","$","?","R","M","R","T","?","M","M","M","M","R","B",null,"M","?","M","?","M","R","M","R","T","R","$","R","M","M","R","B",null],"character_chosen":"IRONCLAD","items_purchased":["Limit Break","Nunchaku","Heavy Blade+1","Self Forming Clay"],"campfire_rested":5,"item_purchase_floors":[5,19,21,45],"current_hp_per_floor":[80,80,80,80,80,60,60,56,56,32,56,61,61,61,61,41,80,68,68,49,49,49,49,28,52,52,52,51,49,58,49,73,51,80,80,70,28,28,36,60,58,58,58,58,58,58,58,40,64,27],"gold":70,"neow_bonus":"RANDOM_COMMON_RELIC","is_daily":false,"chose_seed":false,"campfire_upgraded":7,"win_rate":0.0,"timestamp":1608772243,"path_taken":["M","M","$","M","$","E","R","M","T","E","R","M","R","M","R","BOSS","M","$","M","?","?","R","M","R","T","?","M","M","M","M","R","BOSS","M","?","M","?","M","R","M","R","T","R","$","R","M","M","R","BOSS"],"items_purchased_type":["Card","Relic","Card","Relic"],"build_version":"2020-12-22","purchased_purges":1,"victory":true,"max_hp_per_floor":[80,80,80,80,80,80,80,80,80,80,80,80,80,80,80,80,80,80,80,80,80,80,80,80,80,80,80,80,80,80,80,80,80,80,80,80,80,80,80,80,80,80,80,80,80,80,80,80,80,80],"card_choices":[{"not_picked":["Rage","Twin Strike"],"picked":"Heavy Blade","floor":1},{"not_picked":["Battle Trance","Pummel"],"picked":"Inflame","floor":2},{"not_picked":["Armaments","Thunderclap"],"picked":"Shockwave","floor":4},{"not_picked":["Feel No Pain","Clothesline"],"picked":"Spot Weakness","floor":6},{"not_picked":["Hemokinesis","Rampage"],"picked":"Shrug It Off","floor":8},{"not_picked":["Iron Wave+1","Bludgeon+1"],"picked":"Shrug It Off","floor":10},{"not_picked":["Inflame","True Grit"],"picked":"Pommel Strike+1","floor":12},{"not_picked":["Infernal Blade","Thunderclap+1"],"picked":"Shrug It Off","floor":14},{"not_picked":["Juggernaut","Offering"],"picked":"Barricade","floor":16},{"not_picked":["Clash+1","Spot Weakness+1"],"picked":"Shrug It Off","floor":18},{"not_picked":["Armaments+1","Body Slam+1"],"picked":"Heavy Blade+1","floor":20},{"not_picked":["Reckless Charge+1","Anger+1","Armaments"],"picked":"SKIP","floor":24},{"not_picked":["Reckless Charge+1","Iron Wave+1","Anger+1"],"picked":"SKIP","floor":28},{"not_picked":["Clash+1","Hemokinesis+1","Twin Strike+1"],"picked":"SKIP","floor":29},{"not_picked":["Sword Boomerang+1","Dropkick+1","Reckless Charge+1"],"picked":"SKIP","floor":30},{"not_picked":["Sever Soul+1","Reckless Charge+1","Rupture+1"],"picked":"SKIP","floor":31},{"not_picked":["Berserk","Immolate+1"],"picked":"Double Tap","floor":33},{"not_picked":["Flex+1","Uppercut+1","Intimidate+1"],"picked":"SKIP","floor":35},{"not_picked":["Flex","Clothesline+1","Dual Wield"],"picked":"SKIP","floor":37},{"not_picked":["Bloodletting","Sword Boomerang+1"],"picked":"Ghostly Armor","floor":39},{"not_picked":["Spot Weakness+1","Entrench+1"],"picked":"Pommel Strike+1","floor":41},{"not_picked":["Combust+1","True Grit+1","Clash+1"],"picked":"SKIP","floor":47},{"not_picked":["Reaper+1","Clothesline+1"],"picked":"Body Slam+1","floor":48}],"player_experience":29488,"relics_obtained":[{"floor":6,"key":"Incense Burner"},{"floor":9,"key":"Molten Egg 2"},{"floor":10,"key":"Kunai"},{"floor":26,"key":"Meat on the Bone"},{"floor":43,"key":"Frozen Egg 2"}],"event_choices":[{"damage_healed":0,"gold_gain":0,"player_choice":"Inject Mutagens","damage_taken":0,"relics_obtained":["MutagenicStrength"],"max_hp_gain":0,"max_hp_loss":0,"event_name":"Drug Dealer","floor":22,"gold_loss":0},{"damage_healed":0,"gold_gain":99,"player_choice":"Stole From Cult","damage_taken":0,"max_hp_gain":0,"max_hp_loss":0,"event_name":"Nest","floor":27,"gold_loss":0},{"damage_healed":0,"gold_gain":0,"player_choice":"Embrace Madness","damage_taken":10,"max_hp_gain":0,"max_hp_loss":0,"event_name":"Winding Halls","floor":36,"gold_loss":0,"cards_obtained":["Madness","Madness"]},{"cards_removed":["Bash"],"damage_healed":0,"gold_gain":0,"player_choice":"Removed Attack","damage_taken":0,"max_hp_gain":0,"max_hp_loss":0,"event_name":"Falling","floor":38,"gold_loss":0}],"is_beta":false,"boss_relics":[{"not_picked":["Runic Pyramid","Astrolabe"],"picked":"Runic Cube"},{"not_picked":["Philosopher\u0027s Stone","Runic Dome"],"picked":"Cursed Key"}],"items_purged_floors":[45],"is_endless":false,"potions_floor_spawned":[1,4,10,16,18,24,28,30,31,39,48],"ascension_level":0}}