{"host":"cjhtzh7tp54jdfyv","time":1608833522,"event":{"mods":["AchievementEnabler","BaseMod","Colored Map","Colored Powertips","Curses Come First","DeckTracker","Filter the Spire","Minty Spire (QoL Compilation)","RNG Fix","Relic Sorter","Relic Stats","StSLib","The Cursed","Waifu the Spire","ojb\u0027s Better Paths Mod","ojb\u0027s Info Mod"],"gold_per_floor":[109,109,123,123,143,143,186,186,212,248,0,16,40,73,73,164,164,184,197,32,82,82,82,82],"floor_reached":23,"playtime":1344,"items_purged":["TheCursedMod:Strike_TheCursed"],"score":443,"play_id":"d1c281e1-207a-4b4d-a663-ecaa3402aa99","local_time":"20201224131202","is_ascension_mode":true,"campfire_choices":[{"data":"TheCursedMod:CursedBlade","floor":6.0,"key":"SMITH"},{"floor":8.0,"key":"REST"},{"data":"TheCursedMod:NeowsMight","floor":15,"key":"SMITH"}],"circlet_count":0,"master_deck":["AscendersBane","TheCursedMod:Strike_TheCursed","TheCursedMod:Strike_TheCursed","TheCursedMod:Defend_TheCursed","TheCursedMod:Defend_TheCursed","TheCursedMod:Defend_TheCursed","TheCursedMod:Defend_TheCursed","TheCursedMod:CursedWand","TheCursedMod:CleanUpWorkshop+1","TheCursedMod:Dregs","TheCursedMod:CursedShiv","TheCursedMod:CursedBlade+1","TheCursedMod:RapidMovement","TheCursedMod:SpitefulPray","TheCursedMod:Wield","TheCursedMod:ReleasedStrength","TheCursedMod:Wield","TheCursedMod:NeowsMight+1","TheCursedMod:ParallelWorld","TheCursedMod:Wield","TheCursedMod:Wield","TheCursedMod:SpitefulPlan","TheCursedMod:PrepareRite"],"relics":["TheCursedMod:FourLeafCloverCharm","Golden Idol","Gremlin Horn","Meat on the Bone","ClockworkSouvenir","Darkstone Periapt","Cursed Key"],"acts_visited":["Exordium","TheCity"],"potions_floor_usage":[16,23,23],"damage_taken":[{"damage":1.0,"enemies":"Small Slimes","floor":1.0,"turns":4.0},{"damage":2.0,"enemies":"Jaw Worm","floor":3.0,"turns":4.0},{"damage":1.0,"enemies":"Cultist","floor":5.0,"turns":4.0},{"damage":20.0,"enemies":"Gremlin Nob","floor":7.0,"turns":4.0},{"damage":32.0,"enemies":"Lagavulin","floor":10.0,"turns":8.0},{"damage":3,"enemies":"Blue Slaver","floor":12,"turns":2},{"damage":5,"enemies":"Looter","floor":13,"turns":3},{"damage":10,"enemies":"3 Sentries","floor":14,"turns":4},{"damage":18,"enemies":"Slime Boss","floor":16,"turns":7},{"damage":29,"enemies":"2 Thieves","floor":18,"turns":4},{"damage":3,"enemies":"Chosen","floor":19,"turns":3},{"damage":36,"enemies":"Book of Stabbing","floor":23,"turns":5}],"seed_played":"1790519556539338270","potions_obtained":[{"floor":3.0,"key":"SkillPotion"},{"floor":5.0,"key":"SpeedPotion"},{"floor":12,"key":"SteroidPotion"},{"floor":18,"key":"FearPotion"}],"is_trial":false,"path_per_floor":["M","?","M","?","M","R","E","R","T","E","$","M","M","E","R","B",null,"M","M","$","?","?","E"],"character_chosen":"THE_CURSED","items_purchased":["ClockworkSouvenir","TheCursedMod:SpitefulPlan","TheCursedMod:PrepareRite","Weak Potion"],"campfire_rested":1,"item_purchase_floors":[11,20,20,20],"current_hp_per_floor":[63,63,61,61,60,60,40,59,59,27,27,36,43,33,33,27,55,38,35,35,35,35,0,0],"gold":82,"neow_bonus":"BOSS_RELIC","is_daily":false,"chose_seed":false,"campfire_upgraded":2,"win_rate":0.0,"timestamp":1608833522,"path_taken":["M","?","M","?","M","R","E","R","T","E","?","M","M","E","R","BOSS","M","M","$","?","?","E"],"items_purchased_type":["Relic","Card","Card","Potion"],"build_version":"2020-12-22","purchased_purges":1,"victory":false,"max_hp_per_floor":[71,71,71,64,64,64,64,64,64,64,64,64,64,64,64,64,64,64,64,64,64,64,64,64],"relic_stats":{"Darkstone Periapt":0,"Gremlin Horn":[6,6],"counters":[12,52],"Golden Idol":60,"Cursed Key":0,"obtain_stats":[{"Darkstone Periapt":14,"TheCursedMod:BlackMagic101":0,"TheCursedMod:FourLeafCloverCharm":0,"Gremlin Horn":7,"Golden Idol":4,"Cursed Key":17,"Meat on the Bone":10,"ClockworkSouvenir":11},{"Darkstone Periapt":8,"TheCursedMod:BlackMagic101":0,"TheCursedMod:FourLeafCloverCharm":0,"Gremlin Horn":4,"Golden Idol":2,"Cursed Key":9,"Meat on the Bone":5,"ClockworkSouvenir":5},{"Darkstone Periapt":33,"TheCursedMod:BlackMagic101":0,"TheCursedMod:FourLeafCloverCharm":0,"Gremlin Horn":16,"Golden Idol":8,"Cursed Key":40,"Meat on the Bone":24,"ClockworkSouvenir":24}],"Meat on the Bone":48},"card_choices":[{"not_picked":["TheCursedMod:SmokeScreen","TheCursedMod:ManaBullet"],"picked":"TheCursedMod:CursedShiv","floor":1.0},{"not_picked":["TheCursedMod:TacticalStrike","TheCursedMod:FleshFromBone"],"picked":"TheCursedMod:CursedBlade","floor":3.0},{"not_picked":["TheCursedMod:CircleOfFocus","TheCursedMod:SpitefulPray"],"picked":"TheCursedMod:RapidMovement","floor":5.0},{"not_picked":["TheCursedMod:Stigma","TheCursedMod:TroublousMinions"],"picked":"TheCursedMod:SpitefulPray","floor":7.0},{"not_picked":["TheCursedMod:CircleOfFlame","TheCursedMod:AbyssShockwave"],"picked":"TheCursedMod:Wield","floor":10.0},{"not_picked":["TheCursedMod:TroublousMinions","TheCursedMod:CursedBoomerang"],"picked":"TheCursedMod:ReleasedStrength","floor":12},{"not_picked":["TheCursedMod:CircleOfFocus","TheCursedMod:FleshFromBone"],"picked":"TheCursedMod:Wield","floor":13},{"not_picked":["TheCursedMod:FuryStrike","TheCursedMod:HellsGateOpen"],"picked":"TheCursedMod:NeowsMight","floor":14},{"not_picked":["TheCursedMod:AntiAging","TheCursedMod:DemonSword"],"picked":"TheCursedMod:ParallelWorld","floor":16},{"not_picked":["TheCursedMod:Stigma","TheCursedMod:RapidMovement"],"picked":"TheCursedMod:Wield","floor":18},{"not_picked":["TheCursedMod:Stigma+1","TheCursedMod:CursedShiv"],"picked":"TheCursedMod:Wield","floor":19}],"player_experience":4396706,"relics_obtained":[{"floor":7.0,"key":"Gremlin Horn"},{"floor":10.0,"key":"Meat on the Bone"},{"floor":14,"key":"Darkstone Periapt"}],"event_choices":[{"damage_healed":0.0,"max_hp_gain":0.0,"max_hp_loss":0.0,"gold_gain":0.0,"event_name":"Upgrade Shrine","player_choice":"Upgraded","floor":2.0,"gold_loss":0.0,"damage_taken":0.0,"cards_upgraded":["TheCursedMod:CleanUpWorkshop"]},{"damage_healed":0.0,"max_hp_gain":0.0,"max_hp_loss":7.0,"gold_gain":0.0,"event_name":"Golden Idol","player_choice":"Lose Max HP","floor":4.0,"gold_loss":0.0,"damage_taken":0.0,"relics_obtained":["Golden Idol"]},{"damage_healed":0,"gold_gain":50,"player_choice":"Stole From Cult","damage_taken":0,"max_hp_gain":0,"max_hp_loss":0,"event_name":"Nest","floor":21,"gold_loss":0},{"cards_removed":["TheCursedMod:Strike_TheCursed"],"damage_healed":0,"gold_gain":0,"player_choice":"Purged","damage_taken":0,"max_hp_gain":0,"max_hp_loss":0,"event_name":"Purifier","floor":22,"gold_loss":0}],"is_beta":false,"boss_relics":[{"not_picked":["Ectoplasm","Pandora\u0027s Box"],"picked":"Cursed Key"}],"items_purged_floors":[11],"is_endless":false,"potions_floor_spawned":[3,5,12,18],"killed_by":"Book of Stabbing","ascension_level":20}}