{"host":"baymyijz6sxaqj5s","time":1608800400,"event":{"mods":["AchievementEnabler","BaseMod","Colored Map","Colored Powertips","DeckTracker","KOR Keyword Fix","Keyboard Shortcuts","Minty Spire (QoL Compilation)","Quick Restart","StSLib","SuperFastMode"],"gold_per_floor":[111,127,127,138,150,150,165,165,190,204,204,279,279,29,29,29,29],"floor_reached":16,"playtime":444,"items_purged":[],"score":97,"play_id":"8965a0ef-7610-4b28-b436-4de08ad03d82","local_time":"20201224180000","is_ascension_mode":true,"campfire_choices":[{"data":"Ghostly Armor","floor":6,"key":"SMITH"},{"data":"Shrug It Off","floor":8,"key":"SMITH"},{"data":"Impervious","floor":15,"key":"SMITH"}],"circlet_count":0,"master_deck":["Strike_R","Strike_R","Strike_R","Strike_R","Strike_R","Defend_R","Defend_R","Defend_R","Defend_R","Bash","Heavy Blade","Power Through","Ghostly Armor+1","Shrug It Off+1","Impervious+1"],"relics":["Burning Blood","PreservedInsect","Oddly Smooth Stone","Regal Pillow","Darkstone Periapt"],"acts_visited":["Exordium"],"potions_floor_usage":[10,10],"damage_taken":[{"damage":11,"enemies":"Jaw Worm","floor":1,"turns":5},{"damage":5,"enemies":"Cultist","floor":2,"turns":4},{"damage":3,"enemies":"Small Slimes","floor":4,"turns":4},{"damage":15,"enemies":"Exordium Wildlife","floor":5,"turns":7},{"damage":5,"enemies":"Looter","floor":7,"turns":4},{"damage":4,"enemies":"Large Slime","floor":10,"turns":9},{"damage":64,"enemies":"Hexaghost","floor":16,"turns":16}],"seed_played":"-3553039360367996717","potions_obtained":[{"floor":2,"key":"LiquidMemories"},{"floor":5,"key":"SpeedPotion"},{"floor":7,"key":"DistilledChaos"}],"is_trial":false,"path_per_floor":["M","M","?","M","M","R","M","R","T","M","$","?","?","$","R","B"],"character_chosen":"IRONCLAD","items_purchased":["Darkstone Periapt"],"campfire_rested":0,"item_purchase_floors":[14],"current_hp_per_floor":[83,84,84,87,78,78,79,79,79,81,81,70,63,63,63,0,0],"gold":29,"neow_bonus":"TEN_PERCENT_HP_BONUS","is_daily":false,"chose_seed":false,"campfire_upgraded":3,"win_rate":0.0,"timestamp":1608800400,"path_taken":["M","M","?","M","M","R","?","R","T","M","$","?","?","?","R","BOSS"],"items_purchased_type":["Relic"],"build_version":"2020-12-22","purchased_purges":0,"victory":false,"max_hp_per_floor":[88,88,88,88,88,88,88,88,88,88,88,88,88,88,88,88,88],"card_choices":[{"not_picked":["Cleave","Perfected Strike"],"picked":"Heavy Blade","floor":1},{"not_picked":["Carnage","Fire Breathing"],"picked":"Power Through","floor":2},{"not_picked":["Cleave","Pummel","Headbutt"],"picked":"SKIP","floor":4},{"not_picked":["Armaments","Sword Boomerang"],"picked":"Ghostly Armor","floor":5},{"not_picked":["Dark Embrace","Clothesline"],"picked":"Shrug It Off","floor":7},{"not_picked":["Power Through","Dual Wield"],"picked":"Impervious","floor":10}],"player_experience":219203,"relics_obtained":[{"floor":9,"key":"Oddly Smooth Stone"}],"event_choices":[{"damage_healed":0,"gold_gain":0,"player_choice":"Gave Potion","damage_taken":0,"relics_obtained":["PreservedInsect"],"max_hp_gain":0,"max_hp_loss":0,"event_name":"WeMeetAgain","floor":3,"gold_loss":0},{"damage_healed":0,"gold_gain":75,"player_choice":"Gather Gold","damage_taken":11,"max_hp_gain":0,"max_hp_loss":0,"event_name":"World of Goop","floor":12,"gold_loss":0},{"damage_healed":0,"gold_gain":0,"player_choice":"Success","damage_taken":7,"relics_obtained":["Regal Pillow"],"max_hp_gain":0,"max_hp_loss":0,"event_name":"Scrap Ooze","floor":13,"gold_loss":0}],"is_beta":false,"boss_relics":[],"items_purged_floors":[],"is_endless":false,"potions_floor_spawned":[2,5,7],"killed_by":"Hexaghost","ascension_level":1}}