{"host":"h5acbxt0wmjo1kpm","time":1608812093,"event":{"mods":["2.2 Compatiblity","Act Like it!","AlwaysNeverKeys","Aspiration","Bartender","BaseMod","Better Third Choice","Colored Map","Elementarium","Gensokyo","GifTheSpireLib","Hallownest","Marisa????????","Minty Spire (QoL Compilation)","Permanent Neow","Potionbrewer","Relic Filter","Replay The Spire","Robot Space Explorer","RumiaBox-????????","Shade Mod","Spicy Shops","StSLib","Strawberry Spire","The Blackbeard","The Dragon Tamer","The Forsaken","The Gatherer","The Problem Sleuth","The Servant 0.9.4","Wandering Minibosses","vexMod"],"gold_per_floor":[109,102,3,101,113,141,136,136],"floor_reached":7,"playtime":508,"items_purged":[],"score":72,"play_id":"adc18b41-147e-4739-a617-bb29c04f3b05","local_time":"20201224041453","is_ascension_mode":true,"campfire_choices":[],"circlet_count":0,"master_deck":["AscendersBane","Strike_G","Strike_G","Strike_G","Strike_G","Strike_G","Defend_G","Defend_G","Defend_G","Defend_G","Defend_G","Survivor","Neutralize","Escape Plan","Backstab","Gensokyo:BlemishedSteel","Gensokyo:RustyChest","ReplayTheSpireMod:Splinters","Poison Darts","Cloak And Dagger","Flying Knee","Catalyst"],"relics":["Ring of the Snake","aspiration:Nostalgia","potionbrewer:PotionKit","Baka","WingedGreaves","ReplayTheSpireMod:Lightbulb","Replay:Arrowhead"],"acts_visited":["Gensokyo:Gensokyo"],"potions_floor_usage":[2,7,7,7,7],"damage_taken":[{"damage":7,"enemies":"Gensokyo:2_Kodama","floor":1,"turns":5},{"damage":9,"enemies":"Gensokyo:Gryphon","floor":2,"turns":6},{"damage":2,"enemies":"Gensokyo:Python","floor":5,"turns":2},{"damage":14,"enemies":"Gensokyo:Aya","floor":6,"turns":3},{"damage":17,"enemies":"Gensokyo:Cirno","floor":7,"turns":5}],"seed_played":"-3298718967859892675","potions_obtained":[{"floor":2,"key":"SkillPotion"},{"floor":5,"key":"potionbrewer:SplittingPotion"},{"floor":6,"key":"Swift Potion"}],"is_trial":false,"path_per_floor":["M","M","COS","?","M","E","E"],"character_chosen":"THE_SILENT","items_purchased":[],"campfire_rested":0,"item_purchase_floors":[],"current_hp_per_floor":[56,47,47,47,45,31,14,14],"gold":136,"neow_bonus":"NOSTALGIA","is_daily":false,"chose_seed":false,"campfire_upgraded":0,"win_rate":0.0,"timestamp":1608812093,"path_taken":["M","M","COS","?","M","E","E"],"items_purchased_type":[],"build_version":"2020-12-22","purchased_purges":0,"victory":false,"max_hp_per_floor":[70,70,70,70,70,70,70,70],"card_choices":[{"not_picked":["Deflect","Underhanded Strike"],"picked":"Escape Plan","floor":1},{"not_picked":["strawberrySpire:Pant","Outmaneuver"],"picked":"Backstab","floor":2},{"not_picked":["Accuracy","Dodge and Roll"],"picked":"Poison Darts","floor":4},{"not_picked":["Masterful Stab","Quick Slash"],"picked":"Cloak And Dagger","floor":4},{"not_picked":["ReplayTheSpireMod:Shiv Toss","Deflect"],"picked":"Flying Knee","floor":5},{"not_picked":["Caltrops","Footwork"],"picked":"Catalyst","floor":6}],"player_experience":1927306,"relics_obtained":[{"floor":1,"key":"Baka"},{"floor":2,"key":"WingedGreaves"},{"floor":4,"key":"ReplayTheSpireMod:Lightbulb"},{"floor":6,"key":"Replay:Arrowhead"}],"event_choices":[],"is_beta":false,"boss_relics":[],"items_purged_floors":[],"is_endless":false,"potions_floor_spawned":[2,5,6],"killed_by":"Gensokyo:Cirno","ascension_level":10}}