{"host":"mxyu30643x34zc6i","time":1608796141,"event":{"mods":["AchievementEnabler","Astrologer","BaseMod","Better Match","Better Note","Better Third Choice","Block Reminder","Colored Map","Colored Powertips","Hermit","Minty Spire (QoL Compilation)","Rare Cards Sparkle","Relic Stats","Replay The Spire","Shade Mod","Spicy Shops","StSLib","The Blackbeard","The Blue Laboratory","The Cursed","The Hierophant","The Mystic","The Runesmith","The Servant 0.9.4","The Spell Scribe"],"gold_per_floor":[109,184,0,20,38,66,76,76,76,90,60,60,60,70,70,167,217,237,250,267,287,88,88,114,114,114,114,384,404,418,430,430,528,528,548,596,646,646,646,671,671,685,710,721,27,27,27,44,44,44],"floor_reached":51,"playtime":3194,"items_purged":["Decay","Voices"],"score":699,"play_id":"99864b69-9442-40de-aa45-906e1e017521","local_time":"20201223234901","daily_mods":["SealedDeck","Vintage","Night Terrors"],"is_ascension_mode":false,"campfire_choices":[{"data":"Terror","floor":8,"key":"SMITH"},{"floor":15,"key":"REST"},{"floor":23,"key":"REST"},{"data":"Footwork","floor":25,"key":"SMITH"},{"floor":32,"key":"REST"},{"data":"Dramatic Entrance","floor":41,"key":"SMITH"},{"data":"A Thousand Cuts","floor":47,"key":"SMITH"},{"floor":49,"key":"REST"}],"circlet_count":0,"master_deck":["Poisoned Stab+1","Backflip+1","Fluid Movement","Deflect","Cloak And Dagger","Backflip+1","Terror+1","Deadly Poison","Sucker Punch","Poisoned Stab+1","Dodge and Roll+1","Skewer","Deadly Poison","Footwork+1","A Thousand Cuts+1","Hidden Blade","Infinite Blades","Backflip","ReplayTheSpireMod:Speed Training","Masterful Stab","Specialist","Flying Knee+1","Dark Shackles+1","Dramatic Entrance+1","Forethought","Replay:Bag of Tricks","Dagger Throw","Madness","Madness","Crippling Poison+1","Bane","Prepared","Skewer+1","Good Instincts","Mind Blast","Secret Technique"],"relics":["Ring of the Snake","Bottled Flame","ReplayTheSpireMod:CursedCoin","Toolbox","Pet Ghost","Chameleon Ring","Snake Skull","Gremlin Food","Quantum Egg","Orichalcum","Iron Hammer","Potion Belt","Tiny House","Runesmith:AutoHammer","Replay:Bottled Eggs","Replay:Bottled Snecko","Akabeko","BargainBundle","Mirror","Bottled Tornado","Nunchaku","Mercury Hourglass","Tingsha","StoneCalendar","Replay:Bronze Core","Darkstone Periapt","Replay:PocketPolymizer","Ring of Chaos","Ring of Greed","Replay:Wax Seal","Smiling Mask","Oddly Smooth Stone","Snack Pack","Strawberry","Bag of Marbles","TheAbacus","Chemical X","Letter Opener","Vajra"],"acts_visited":["Exordium","TheCity","TheBeyond"],"potions_floor_usage":[10,11,16,16,18,20,28,33,33,36,50,50,50,50,50],"damage_taken":[{"damage":0,"enemies":"Jaw Worm","floor":1,"turns":3},{"damage":0,"enemies":"2 Louse","floor":4,"turns":2},{"damage":0,"enemies":"Cultist","floor":5,"turns":3},{"damage":14,"enemies":"Lagavulin","floor":6,"turns":5},{"damage":2,"enemies":"Blue Slaver","floor":7,"turns":4},{"damage":4,"enemies":"Exordium Wildlife","floor":10,"turns":5},{"damage":4,"enemies":"Looter","floor":11,"turns":4},{"damage":0,"enemies":"Blue Slaver","floor":14,"turns":2},{"damage":10,"enemies":"The Guardian","floor":16,"turns":8},{"damage":22,"enemies":"2 Thieves","floor":18,"turns":3},{"damage":17,"enemies":"Shell Parasite","floor":19,"turns":4},{"damage":0,"enemies":"Cultist and Chosen","floor":20,"turns":5},{"damage":6,"enemies":"Chosen and Byrds","floor":21,"turns":6},{"damage":27,"enemies":"Slavers","floor":24,"turns":4},{"damage":0,"enemies":"Sentry and Sphere","floor":29,"turns":4},{"damage":0,"enemies":"Snecko","floor":30,"turns":2},{"damage":7,"enemies":"Snake Plant","floor":31,"turns":3},{"damage":0,"enemies":"Collector","floor":33,"turns":3},{"damage":0,"enemies":"3 Shapes","floor":35,"turns":1},{"damage":4,"enemies":"2 Orb Walkers","floor":36,"turns":3},{"damage":0,"enemies":"R_Hoarder","floor":40,"turns":4},{"damage":0,"enemies":"Orb Walker","floor":42,"turns":3},{"damage":0,"enemies":"3 Darklings","floor":44,"turns":3},{"damage":12,"enemies":"4 Shapes","floor":48,"turns":1},{"damage":0,"enemies":"Replay:Hell Engine","floor":50,"turns":6}],"seed_played":"8673371418029188286","potions_obtained":[{"floor":6,"key":"blueLaboratory:TrueEctoplasm"},{"floor":7,"key":"blueLaboratory:TrueEctoplasm"},{"floor":10,"key":"Fruit Juice"},{"floor":12,"key":"Swift Potion"},{"floor":12,"key":"BlessingOfTheForge"},{"floor":16,"key":"Explosive Potion"},{"floor":17,"key":"blueLaboratory:ForbiddenFruitJuice"},{"floor":18,"key":"blueLaboratory:StoneskinPotion"},{"floor":19,"key":"blueLaboratory:BottleOfRum"},{"floor":33,"key":"blueLaboratory:ArtistsPotion"},{"floor":36,"key":"Cursed Concoction"},{"floor":42,"key":"blueLaboratory:BottleOfVodka"},{"floor":44,"key":"blueLaboratory:Moonshine"},{"floor":48,"key":"blueLaboratory:Moonshine"}],"is_trial":true,"path_per_floor":["M","?","$","M","M","E","M","R","T","M","M","R","$","M","R","B",null,"M","M","M","M","$","R","E","R","T","T","?","M","M","M","R","B",null,"M","?","?","?","?","E","R","M","T","M","$","?","R","M","R","B",null],"character_chosen":"THE_SILENT","items_purchased":["ReplayTheSpireMod:CursedCoin","Toolbox","Dodge and Roll","Skewer","Deadly Poison","BargainBundle","Infinite Blades","Backflip","ReplayTheSpireMod:Speed Training","Quick Slash","Masterful Stab","Specialist","blueLaboratory:StoneskinPotion","blueLaboratory:NinjaPotion","TheAbacus","Chemical X","Bane","Prepared","Letter Opener","Skewer"],"campfire_rested":4,"item_purchase_floors":[3,3,3,3,3,22,22,22,22,22,22,22,22,22,45,45,45,45,45,45],"current_hp_per_floor":[70,63,63,63,63,49,47,47,47,50,46,46,46,46,72,62,77,55,38,38,32,32,72,45,45,45,45,53,53,53,46,62,62,62,62,58,64,64,55,55,55,55,62,64,64,54,54,44,70,70],"gold":44,"neow_bonus":"","is_daily":false,"chose_seed":false,"campfire_upgraded":4,"win_rate":0.0,"timestamp":1608796141,"path_taken":["M","?","$","M","?","E","M","R","T","M","?","R","$","M","R","BOSS","M","?","M","M","$","R","E","R","T","?","?","M","?","M","R","BOSS","M","?","?","?","?","E","R","M","T","M","$","?","R","M","R","BOSS"],"items_purchased_type":["Relic","Relic","Card","Card","Card","Relic","Card","Card","Card","Card","Card","Card","Potion","Potion","Relic","Relic","Card","Card","Relic","Card"],"build_version":"2020-12-22","purchased_purges":2,"victory":true,"max_hp_per_floor":[70,70,70,70,70,70,70,70,70,77,77,77,77,77,72,72,77,77,77,77,77,77,72,72,72,72,72,67,67,67,67,62,62,62,62,62,68,68,68,68,68,68,75,75,75,75,75,75,70,70],"relic_stats":{"Darkstone Periapt":6,"counters":[25,90],"Tingsha":[17],"StoneCalendar":[0],"Snake Skull":[54],"Letter Opener":[6],"Orichalcum":[90],"Smiling Mask":50,"Mercury Hourglass":[143],"Nunchaku":[9],"TheAbacus":[0],"Chemical X":[2],"obtain_stats":[{"Darkstone Periapt":35,"Tiny House":17,"Replay:PocketPolymizer":36,"Vajra":48,"StoneCalendar":31,"Snake Skull":6,"Bottled Tornado":26,"Smiling Mask":37,"Pet Ghost":4,"Nunchaku":27,"Chameleon Ring":5,"TheAbacus":45,"Replay:Bronze Core":34,"Strawberry":43,"Toolbox":3,"Iron Hammer":11,"Replay:Bottled Snecko":20,"Chemical X":45,"Replay:Bottled Eggs":19,"Replay:Wax Seal":37,"Ring of the Snake":0,"Gremlin Food":7,"Potion Belt":14,"BargainBundle":22,"ReplayTheSpireMod:CursedCoin":3,"Quantum Egg":9,"Oddly Smooth Stone":40,"Tingsha":30,"Ring of Chaos":37,"Ring of Greed":37,"Letter Opener":45,"Orichalcum":10,"Akabeko":21,"Mercury Hourglass":29,"Bottled Flame":1,"Snack Pack":42,"Bag of Marbles":44,"Runesmith:AutoHammer":18,"Mirror":24},{"Darkstone Periapt":19,"Tiny House":9,"Replay:PocketPolymizer":20,"Vajra":24,"StoneCalendar":17,"Snake Skull":4,"Bottled Tornado":14,"Smiling Mask":20,"Pet Ghost":2,"Nunchaku":14,"Chameleon Ring":3,"TheAbacus":23,"Replay:Bronze Core":18,"Strawberry":22,"Toolbox":1,"Iron Hammer":7,"Replay:Bottled Snecko":12,"Chemical X":23,"Replay:Bottled Eggs":11,"Replay:Wax Seal":20,"Ring of the Snake":0,"Gremlin Food":5,"Potion Belt":8,"BargainBundle":13,"ReplayTheSpireMod:CursedCoin":1,"Quantum Egg":5,"Oddly Smooth Stone":21,"Tingsha":16,"Ring of Chaos":20,"Ring of Greed":20,"Letter Opener":23,"Orichalcum":6,"Akabeko":13,"Mercury Hourglass":15,"Bottled Flame":1,"Snack Pack":22,"Bag of Marbles":23,"Runesmith:AutoHammer":10,"Mirror":14},{"Darkstone Periapt":70,"Tiny House":36,"Replay:PocketPolymizer":73,"Vajra":84,"StoneCalendar":66,"Snake Skull":13,"Bottled Tornado":58,"Smiling Mask":73,"Pet Ghost":5,"Nunchaku":58,"Chameleon Ring":8,"TheAbacus":83,"Replay:Bronze Core":69,"Strawberry":80,"Toolbox":3,"Iron Hammer":26,"Replay:Bottled Snecko":48,"Chemical X":83,"Replay:Bottled Eggs":43,"Replay:Wax Seal":73,"Ring of the Snake":0,"Gremlin Food":17,"Potion Belt":28,"BargainBundle":54,"ReplayTheSpireMod:CursedCoin":3,"Quantum Egg":17,"Oddly Smooth Stone":77,"Tingsha":64,"Ring of Chaos":73,"Ring of Greed":73,"Letter Opener":83,"Orichalcum":22,"Akabeko":54,"Mercury Hourglass":62,"Bottled Flame":3,"Snack Pack":80,"Bag of Marbles":83,"Runesmith:AutoHammer":39,"Mirror":58}],"Ring of the Snake":[50]},"card_choices":[{"not_picked":["Dagger Spray","Cloak And Dagger"],"picked":"Footwork","floor":6},{"not_picked":["Burst","Tools of the Trade"],"picked":"A Thousand Cuts","floor":16},{"not_picked":["Skewer","Flechettes"],"picked":"Hidden Blade","floor":17},{"not_picked":["Hidden Blade","ReplayTheSpireMod:Exploit Weakness+1"],"picked":"Flying Knee+1","floor":24},{"not_picked":["Poison Darts","Atom Bomb"],"picked":"Replay:Bag of Tricks","floor":33},{"not_picked":["Dagger Spray","Hidden Blade+1"],"picked":"Dagger Throw","floor":36},{"not_picked":["Replay:Bag of Tricks","Blade Dance+1"],"picked":"Crippling Poison+1","floor":40},{"not_picked":["Blind","Finesse"],"picked":"Good Instincts","floor":46},{"not_picked":["Good Instincts","Dark Shackles"],"picked":"Mind Blast","floor":46},{"not_picked":["Finesse","Discovery"],"picked":"Secret Technique","floor":46}],"player_experience":365228,"relics_obtained":[{"floor":1,"key":"Bottled Flame"},{"floor":4,"key":"Pet Ghost"},{"floor":5,"key":"Chameleon Ring"},{"floor":6,"key":"Snake Skull"},{"floor":7,"key":"Gremlin Food"},{"floor":9,"key":"Quantum Egg"},{"floor":10,"key":"Orichalcum"},{"floor":11,"key":"Iron Hammer"},{"floor":14,"key":"Potion Belt"},{"floor":18,"key":"Runesmith:AutoHammer"},{"floor":19,"key":"Replay:Bottled Eggs"},{"floor":20,"key":"Replay:Bottled Snecko"},{"floor":21,"key":"Akabeko"},{"floor":24,"key":"Mirror"},{"floor":26,"key":"Bottled Tornado"},{"floor":27,"key":"Nunchaku"},{"floor":29,"key":"Mercury Hourglass"},{"floor":30,"key":"Tingsha"},{"floor":31,"key":"StoneCalendar"},{"floor":35,"key":"Darkstone Periapt"},{"floor":36,"key":"Replay:PocketPolymizer"},{"floor":37,"key":"Ring of Chaos"},{"floor":37,"key":"Ring of Greed"},{"floor":37,"key":"Replay:Wax Seal"},{"floor":37,"key":"Smiling Mask"},{"floor":40,"key":"Oddly Smooth Stone"},{"floor":42,"key":"Snack Pack"},{"floor":43,"key":"Strawberry"},{"floor":44,"key":"Bag of Marbles"},{"floor":48,"key":"Vajra"}],"event_choices":[{"damage_healed":0,"gold_gain":75,"player_choice":"Touch","damage_taken":7,"max_hp_gain":0,"max_hp_loss":0,"event_name":"FaceTrader","floor":2,"gold_loss":0},{"damage_healed":0,"gold_gain":270,"player_choice":"CARD GOLD GOLD CARD GOLD CARD ","damage_taken":48,"max_hp_gain":0,"max_hp_loss":0,"event_name":"Knowing Skull","floor":28,"potions_obtained":[],"gold_loss":0,"cards_obtained":["Dark Shackles","Dramatic Entrance","Forethought"]},{"damage_healed":0,"gold_gain":0,"player_choice":"Fight","damage_taken":0,"max_hp_gain":0,"max_hp_loss":0,"event_name":"Mysterious Sphere","floor":36,"gold_loss":0},{"cards_removed":["Quick Slash"],"damage_healed":0,"gold_gain":0,"player_choice":"Removed Attack","damage_taken":0,"max_hp_gain":0,"max_hp_loss":0,"event_name":"Falling","floor":38,"gold_loss":0},{"damage_healed":0,"gold_gain":0,"player_choice":"Embrace Madness","damage_taken":9,"max_hp_gain":0,"max_hp_loss":0,"event_name":"Winding Halls","floor":39,"gold_loss":0,"cards_obtained":["Madness","Madness"]},{"damage_healed":0,"gold_gain":0,"player_choice":"Memory 3","damage_taken":10,"max_hp_gain":0,"max_hp_loss":0,"event_name":"SensoryStone","floor":46,"gold_loss":0}],"is_beta":false,"boss_relics":[{"not_picked":["WristBlade","Ring of the Serpent"],"picked":"Tiny House"},{"not_picked":["Snecko Eye","Velvet Choker"],"picked":"Replay:Bronze Core"}],"items_purged_floors":[22,45],"is_endless":false,"potions_floor_spawned":[6,7,10,16,18,19,33,36,42,44,48],"ascension_level":0}}