{"host":"6yklbc9za0aylqsj","time":1608809884,"event":{"mods":["AchievementEnabler","BaseMod","Bestiary","Colored Map","Colored Powertips","Minty Spire (QoL Compilation)","Rare Cards Sparkle","Relic Stats","Slay-I","StSLib"],"gold_per_floor":[112,127,127,52,68,94,114,114,114],"floor_reached":8,"playtime":256,"items_purged":[],"score":116,"play_id":"2d0701bc-8ed6-4352-ba28-d9ce67d55432","local_time":"20201224123804","is_ascension_mode":true,"campfire_choices":[],"circlet_count":0,"master_deck":["AscendersBane","Strike_G","Strike_G","Strike_G","Strike_G+1","Defend_G","Defend_G","Defend_G","Defend_G","Defend_G+1","Survivor","Neutralize","Blade Dance","Poisoned Stab","Dagger Throw","Finisher","Dash"],"relics":["Ring of the Snake","MealTicket"],"acts_visited":["Exordium"],"potions_floor_usage":[6,8],"damage_taken":[{"damage":4,"enemies":"Small Slimes","floor":1,"turns":5},{"damage":1,"enemies":"2 Louse","floor":2,"turns":3},{"damage":0,"enemies":"Cultist","floor":5,"turns":3},{"damage":15,"enemies":"Gremlin Nob","floor":6,"turns":4},{"damage":5,"enemies":"2 Fungi Beasts","floor":7,"turns":3},{"damage":19,"enemies":"3 Sentries","floor":8,"turns":6}],"seed_played":"-5260598441560018116","potions_obtained":[{"floor":5,"key":"Poison Potion"},{"floor":6,"key":"LiquidBronze"}],"is_trial":false,"path_per_floor":["M","M","?","?","M","E","M","E"],"character_chosen":"THE_SILENT","items_purchased":[],"campfire_rested":0,"item_purchase_floors":[],"current_hp_per_floor":[61,60,38,38,38,23,18,0,0],"gold":114,"neow_bonus":"TEN_PERCENT_HP_BONUS","is_daily":false,"chose_seed":false,"campfire_upgraded":0,"win_rate":0.0,"timestamp":1608809884,"path_taken":["M","M","?","?","M","E","M","E"],"items_purchased_type":[],"build_version":"2020-12-22","purchased_purges":0,"victory":false,"max_hp_per_floor":[72,72,72,72,72,72,72,72,72],"relic_stats":{"counters":[6,24],"MealTicket":0,"obtain_stats":[{"MealTicket":6,"Ring of the Snake":0},{"MealTicket":4,"Ring of the Snake":0},{"MealTicket":15,"Ring of the Snake":0}],"Ring of the Snake":[12]},"card_choices":[{"not_picked":["Prepared","Quick Slash"],"picked":"Blade Dance","floor":1},{"not_picked":["Predator","Sucker Punch"],"picked":"Poisoned Stab","floor":2},{"not_picked":["Calculated Gamble","Tactician"],"picked":"Dagger Throw","floor":5},{"not_picked":["Bane","Blade Dance"],"picked":"Finisher","floor":6},{"not_picked":["Backflip","Prepared"],"picked":"Dash","floor":7}],"player_experience":682102,"relics_obtained":[{"floor":6,"key":"MealTicket"}],"event_choices":[{"damage_healed":0,"gold_gain":0,"player_choice":"Entered Light","damage_taken":22,"max_hp_gain":0,"max_hp_loss":0,"event_name":"Shining Light","floor":3,"gold_loss":0,"cards_upgraded":["Defend_G","Strike_G"]},{"cards_removed":["Strike_G"],"damage_healed":0,"gold_gain":0,"player_choice":"Card Removal","damage_taken":0,"max_hp_gain":0,"max_hp_loss":0,"event_name":"The Cleric","floor":4,"gold_loss":75}],"is_beta":false,"boss_relics":[],"items_purged_floors":[],"is_endless":false,"potions_floor_spawned":[5,6],"killed_by":"3 Sentries","ascension_level":20}}