{"host":"Charlie","time":1608803627,"event":{"mods":["Aspiration","BaseMod","Better Match","Better Skull","Better Third Choice","BetterRewards","ChefMod","Colored Map","Colored Powertips","Conspire","Curses Come First","Downfall","Ekko","Friendly Minions","Halation","Hermit","Hubris","Infinite Spire","Luminous","Melee Mod","Minty Spire (QoL Compilation)","Quick Restart","Rare Cards Sparkle","Relic Stats","Robot Space Explorer","Shade Mod","Spicy Shops","StSLib","SuperFastMode","Synergy Search","The Animator","The Blue Laboratory","The Cursed","The Dragon Tamer","The Factory","The Gatherer","The Jungle","The Marked","The Necromancer","Unceasing Turn Reminder","vexMod"],"gold_per_floor":[118,43,43,54,54,54,121,121,121,156,156,188,225,225,225,409,409,415,434,434,466,119,158,158,158],"floor_reached":24,"playtime":1060,"items_purged":["Shame","hermit:Gambit+1"],"score":244,"play_id":"b84caf10-1cad-48ce-baa1-cad5a092276a","local_time":"20201224015347","is_ascension_mode":true,"campfire_choices":[{"data":"hermit:DeadOrAlive","floor":6,"key":"SMITH"},{"data":"hermit:FatalDesire","floor":8,"key":"SMITH"},{"data":"hermit:GoldenBullet","floor":11,"key":"SMITH"},{"data":"hermit:Gambit","floor":15,"key":"SMITH"}],"circlet_count":0,"master_deck":["hermit:Strike_Hermit","hermit:Strike_Hermit","hermit:Strike_Hermit","hermit:Defend_Hermit","hermit:Defend_Hermit","hermit:Defend_Hermit","hermit:Defend_Hermit","hermit:Snapshot","hermit:Covet","hermit:GoldenBullet+1","hermit:DeadOrAlive+1","hermit:FatalDesire+1","hermit:Scavenge","hermit:Adapt","Decay","hermit:ShadowCloak"],"relics":["hermit:Momento","hermit:RedScarf","halation:PinkSoulGem","halation:PrussianBluePaint","infinitespire:Bottled Soul","Boot","halation:Risk","aspiration:FrozenJewel","Nunchaku"],"acts_visited":["Exordium","TheCity"],"potions_floor_usage":[10,10,10,16,16,16],"damage_taken":[{"damage":0,"enemies":"2 Louse","floor":1,"turns":2},{"damage":0,"enemies":"Cultist","floor":4,"turns":3},{"damage":26,"enemies":"3 Sentries","floor":7,"turns":9},{"damage":10,"enemies":"Lagavulin","floor":10,"turns":7},{"damage":2,"enemies":"Jaw Worm","floor":12,"turns":2},{"damage":4,"enemies":"Gremlin Nob","floor":13,"turns":3},{"damage":31,"enemies":"Hexaghost","floor":16,"turns":11},{"damage":16,"enemies":"2 Thieves","floor":18,"turns":4},{"damage":26,"enemies":"3 Byrds","floor":19,"turns":6},{"damage":11,"enemies":"Cultist and Chosen","floor":21,"turns":5},{"damage":8,"enemies":"conspire:Head Lice","floor":23,"turns":5},{"damage":21,"enemies":"Shelled Parasite and Fungi","floor":24,"turns":2}],"seed_played":"2121511330756526859","potions_obtained":[{"floor":7,"key":"EntropicBrew"},{"floor":10,"key":"Block Potion"},{"floor":13,"key":"blueLaboratory:PyrophylliteBrew"},{"floor":16,"key":"blueLaboratory:TrueEctoplasm"}],"is_trial":false,"path_per_floor":["M","$","?","M","?","R","E","R","T","E","R","M","E","?","R","B",null,"M","M","?","M","$","E","M"],"character_chosen":"HERMIT","items_purchased":["aspiration:FrozenJewel"],"campfire_rested":0,"item_purchase_floors":[22],"current_hp_per_floor":[75,75,75,75,75,75,49,49,49,41,41,39,35,35,35,4,77,61,35,35,24,24,16,0,0],"gold":158,"neow_bonus":"ONE_RARE_RELIC","is_daily":false,"chose_seed":false,"campfire_upgraded":4,"win_rate":0.0,"timestamp":1608803627,"path_taken":["M","$","?","M","?","R","E","R","T","E","R","?","E","?","R","BOSS","M","?","?","M","$","E","M"],"items_purchased_type":["Relic"],"build_version":"2020-12-18","purchased_purges":2,"victory":false,"max_hp_per_floor":[75,75,75,75,75,75,75,75,75,77,77,77,77,77,77,77,77,77,77,77,77,77,77,77,77],"relic_stats":{"Nunchaku":[17],"counters":[36,200],"Boot":[12],"obtain_stats":[{"Darkstone Periapt":44,"vexMod:PlasmaPancake":31,"Singing Bowl":40,"conspire:SpecialSausage":17,"Juzu Bracelet":37,"hubris:EmptyBottle":29,"Empty Cage":34,"Boot":13,"Nunchaku":9,"Dream Catcher":26,"Matryoshka":6,"halation:PrussianBluePaint":7,"infinitespire:Bottled Soul":10,"halation:Toothbrush":29,"Kunai":9,"hermit:RedScarf":0,"conspire:Dentures":26,"NeowsBlessing":0,"infinitespire:CheckeredPen":23,"Letter Opener":43,"aspiration:FrozenJewel":22,"Molten Egg 2":3,"infinitespire:EmpoweringShard":28,"halation:PinkSoulGem":3,"hermit:Momento":0,"hubris:Potato":11,"hubris:Reverence":29,"halation:Risk":17},{"Darkstone Periapt":22,"vexMod:PlasmaPancake":18,"Singing Bowl":21,"conspire:SpecialSausage":10,"Juzu Bracelet":20,"hubris:EmptyBottle":17,"Empty Cage":19,"Boot":30,"Nunchaku":5,"Dream Catcher":15,"Matryoshka":3,"halation:PrussianBluePaint":27,"infinitespire:Bottled Soul":28,"halation:Toothbrush":17,"Kunai":5,"hermit:RedScarf":24,"conspire:Dentures":15,"NeowsBlessing":0,"infinitespire:CheckeredPen":15,"Letter Opener":21,"aspiration:FrozenJewel":34,"Molten Egg 2":1,"infinitespire:EmpoweringShard":17,"halation:PinkSoulGem":25,"hermit:Momento":0,"hubris:Potato":6,"hubris:Reverence":17,"halation:Risk":31},{"Darkstone Periapt":135,"vexMod:PlasmaPancake":99,"Singing Bowl":129,"conspire:SpecialSausage":41,"Juzu Bracelet":118,"hubris:EmptyBottle":92,"Empty Cage":111,"Boot":167,"Nunchaku":13,"Dream Catcher":77,"Matryoshka":4,"halation:PrussianBluePaint":155,"infinitespire:Bottled Soul":162,"halation:Toothbrush":92,"Kunai":13,"hermit:RedScarf":141,"conspire:Dentures":77,"NeowsBlessing":0,"infinitespire:CheckeredPen":77,"Letter Opener":129,"aspiration:FrozenJewel":193,"Molten Egg 2":1,"infinitespire:EmpoweringShard":92,"halation:PinkSoulGem":143,"hermit:Momento":0,"hubris:Potato":25,"hubris:Reverence":92,"halation:Risk":178}]},"card_choices":[{"not_picked":["hermit:Ricochet","hermit:FlashPowder","hermit:Manifest"],"picked":"SKIP","floor":1},{"not_picked":["hermit:LoneWolf","hermit:Deadeye"],"picked":"hermit:GoldenBullet","floor":4},{"not_picked":["hermit:FlashPowder","hermit:Deadeye"],"picked":"hermit:FatalDesire","floor":7},{"not_picked":["hermit:Virtue","hermit:Glare"],"picked":"hermit:Scavenge","floor":10},{"not_picked":["hermit:TrackingShot","hermit:Feint","hermit:SprayPray"],"picked":"SKIP","floor":12},{"not_picked":["hermit:Glare","hermit:CursedWeapon"],"picked":"hermit:Gambit","floor":13},{"not_picked":["hermit:DeadOrAlive","hermit:Dissolve"],"picked":"hermit:Adapt","floor":16},{"not_picked":["hermit:HoleUp","hermit:Vantage","hermit:ItchyTrigger+1"],"picked":"SKIP","floor":18},{"not_picked":["hermit:LoneWolf","hermit:HoleUp","hermit:Snipe"],"picked":"SKIP","floor":19},{"not_picked":["hermit:Enervate+1","hermit:Desperado","hermit:Headshot"],"picked":"SKIP","floor":21},{"not_picked":["hermit:LowProfile+1","hermit:FlashPowder"],"picked":"hermit:ShadowCloak","floor":23}],"player_experience":445237,"relics_obtained":[{"floor":7,"key":"halation:PrussianBluePaint"},{"floor":10,"key":"infinitespire:Bottled Soul"},{"floor":13,"key":"Boot"},{"floor":23,"key":"Nunchaku"}],"event_choices":[{"damage_healed":0,"gold_gain":0,"cards_transformed":["hermit:Strike_Hermit"],"player_choice":"Transformed","damage_taken":0,"max_hp_gain":0,"max_hp_loss":0,"event_name":"Transmorgrifier","floor":5,"gold_loss":0,"cards_obtained":["hermit:DeadOrAlive"]},{"damage_healed":0,"gold_gain":0,"player_choice":"Bought 0 Potions","damage_taken":0,"max_hp_gain":0,"max_hp_loss":0,"event_name":"The Woman in Blue","floor":14,"gold_loss":0},{"damage_healed":0,"gold_gain":0,"player_choice":"Smashed Altar","damage_taken":0,"max_hp_gain":0,"max_hp_loss":0,"event_name":"Forgotten Altar","floor":20,"gold_loss":0,"cards_obtained":["Decay"]}],"is_beta":true,"boss_relics":[{"not_picked":["vexMod:NewClearReactor","vexMod:FluxCapacitor"],"picked":"halation:Risk"}],"items_purged_floors":[2,22],"is_endless":false,"potions_floor_spawned":[7,10,13,16],"killed_by":"Shelled Parasite and Fungi","ascension_level":1}}