{"host":"t7mx8yfj1no5p62f","time":1608788894,"event":{"mods":["BaseMod","Colored Map","Colored Powertips","Minty Spire (QoL Compilation)","Relic Stats","StSLib"],"gold_per_floor":[109,120,195,29,45,45,45,88,138,138,138,157,193,212,212,308,308,323,341,341,341,341,341,374,395,474,64,64,84,108,127,127,223,223,241,1240,1240,396,410,410,448,448,474,513,536,572,626,626,626,626,626,626,626,140,174,174],"floor_reached":57,"playtime":3748,"items_purged":["Strike_G","Normality","Defend_G"],"score":2761,"play_id":"a3c62916-2c52-4ada-88e5-cacc00f55c5d","local_time":"20201224004814","is_ascension_mode":true,"campfire_choices":[{"data":"Dagger Throw","floor":6.0,"key":"SMITH"},{"data":"Poisoned Stab","floor":10,"key":"SMITH"},{"data":"Poisoned Stab","floor":15,"key":"SMITH"},{"data":"Blade Dance","floor":23,"key":"SMITH"},{"data":"After Image","floor":28,"key":"SMITH"},{"data":"Footwork","floor":32,"key":"SMITH"},{"data":"Malaise","floor":40,"key":"SMITH"},{"data":"Accuracy","floor":42,"key":"SMITH"},{"floor":49,"key":"RECALL"},{"data":"Calculated Gamble","floor":53,"key":"SMITH"}],"circlet_count":0,"master_deck":["AscendersBane","Defend_G","Defend_G","Defend_G","Defend_G","Survivor","Neutralize","Blade Dance+1","Dagger Throw+1","Poisoned Stab+1","PiercingWail","Poisoned Stab+1","Bane","After Image+1","Skewer+1","Dagger Throw+1","Concentrate+1","Choke+1","Calculated Gamble+1","PiercingWail","Footwork+1","Blade Dance","Malaise+1","Blade Dance+1","Acrobatics","Venomology","Sucker Punch+1","Leg Sweep","Acrobatics","PanicButton","Accuracy+1","Cloak And Dagger+1","PiercingWail+1","Dark Shackles","Prepared+1"],"relics":["Coffee Dripper","Akabeko","Golden Idol","Potion Belt","Omamori","Smiling Mask","Astrolabe","Lantern","Nilry\u0027s Codex","Molten Egg 2","Toy Ornithopter","Paper Crane","Runic Pyramid","Kunai","Lee\u0027s Waffle","Mercury Hourglass","Dream Catcher","Bottled Tornado","PreservedInsect","Medical Kit","Bag of Marbles","Centennial Puzzle"],"acts_visited":["Exordium","TheCity","TheBeyond","TheEnding"],"potions_floor_usage":[13,16,24,25,30,30,33,39,41,44,45,46,50,51,55,56,56,56,56],"damage_taken":[{"damage":3.0,"enemies":"Cultist","floor":1.0,"turns":5.0},{"damage":0.0,"enemies":"2 Louse","floor":2.0,"turns":2.0},{"damage":2.0,"enemies":"Small Slimes","floor":5.0,"turns":2.0},{"damage":7.0,"enemies":"3 Sentries","floor":8.0,"turns":8.0},{"damage":1,"enemies":"Exordium Thugs","floor":12,"turns":4},{"damage":4,"enemies":"Lagavulin","floor":13,"turns":6},{"damage":0,"enemies":"Looter","floor":14,"turns":2},{"damage":20,"enemies":"Hexaghost","floor":16,"turns":9},{"damage":9,"enemies":"2 Thieves","floor":18,"turns":4},{"damage":0,"enemies":"3 Byrds","floor":19,"turns":6},{"damage":9,"enemies":"Book of Stabbing","floor":24,"turns":6},{"damage":0,"enemies":"Centurion and Healer","floor":25,"turns":5},{"damage":0,"enemies":"3 Cultists","floor":29,"turns":6},{"damage":12,"enemies":"Snecko","floor":30,"turns":6},{"damage":0,"enemies":"Snake Plant","floor":31,"turns":4},{"damage":29,"enemies":"Automaton","floor":33,"turns":12},{"damage":12,"enemies":"3 Shapes","floor":35,"turns":8},{"damage":0,"enemies":"3 Darklings","floor":39,"turns":5},{"damage":2,"enemies":"Giant Head","floor":41,"turns":9},{"damage":3,"enemies":"Nemesis","floor":44,"turns":7},{"damage":12,"enemies":"Spire Growth","floor":45,"turns":7},{"damage":4,"enemies":"Reptomancer","floor":46,"turns":9},{"damage":30,"enemies":"Donu and Deca","floor":50,"turns":8},{"damage":8,"enemies":"Awakened One","floor":51,"turns":24},{"damage":42,"enemies":"Shield and Spear","floor":55,"turns":7},{"damage":37,"enemies":"The Heart","floor":56,"turns":12}],"seed_played":"8442822682383333438","potions_obtained":[{"floor":2.0,"key":"Swift Potion"},{"floor":5.0,"key":"CunningPotion"},{"floor":8,"key":"ColorlessPotion"},{"floor":13,"key":"Swift Potion"},{"floor":24,"key":"Poison Potion"},{"floor":25,"key":"Weak Potion"},{"floor":31,"key":"DistilledChaos"},{"floor":44,"key":"SteroidPotion"},{"floor":46,"key":"DuplicationPotion"},{"floor":48,"key":"DistilledChaos"},{"floor":55,"key":"PowerPotion"}],"is_trial":false,"path_per_floor":["M","M","?","$","M","R","?","E","T","R","?","M","E","M","R","B",null,"M","M","?","?","T","R","E","M","T","$","R","M","M","M","R","B",null,"M","?","?","$","M","R","E","R","T","E","M","E","T","?","R","B","B",null,"R","$","E","B",null],"character_chosen":"THE_SILENT","items_purchased":["Akabeko","Regen Potion","Footwork","DuplicationPotion","Blade Dance","SkillPotion","Kunai","Lee\u0027s Waffle","Leg Sweep","Acrobatics","PowerPotion","PanicButton","Accuracy","Medical Kit","Bag of Marbles","Dark Shackles"],"campfire_rested":0,"item_purchase_floors":[4,27,27,27,27,27,38,38,38,38,38,38,38,54,54,54],"current_hp_per_floor":[56,56,45,45,43,43,43,36,36,36,36,35,31,31,31,11,48,39,39,39,18,18,18,9,14,14,14,14,14,27,27,27,3,46,34,34,34,67,67,67,65,65,65,67,60,61,61,61,61,36,33,59,59,59,22,5],"gold":174,"neow_bonus":"BOSS_RELIC","is_daily":false,"chose_seed":false,"campfire_upgraded":9,"win_rate":0.0,"timestamp":1608788894,"path_taken":["M","M","?","$","M","R","?","E","T","R","?","M","E","M","R","BOSS","M","M","?","?","?","R","E","M","T","?","R","M","?","M","R","BOSS","M","?","?","$","?","R","E","R","T","E","M","E","?","?","R","BOSS","BOSS","R","$","E","BOSS"],"items_purchased_type":["Relic","Potion","Card","Potion","Card","Potion","Relic","Relic","Card","Card","Potion","Card","Card","Relic","Relic","Card"],"build_version":"2020-12-22","purchased_purges":3,"victory":true,"max_hp_per_floor":[66,66,66,66,66,66,60,60,60,60,60,60,60,60,60,60,60,60,60,60,60,60,60,60,60,60,60,60,60,60,60,60,60,60,60,60,60,67,67,67,67,67,67,67,67,67,67,67,67,67,67,67,67,67,67,67],"relic_stats":{"Lee\u0027s Waffle":33,"counters":[26,183],"Golden Idol":200,"Astrolabe":["Skewer","Dagger Throw","Concentrate"],"PreservedInsect":77,"Smiling Mask":150,"Medical Kit":[4],"Mercury Hourglass":[264],"Dream Catcher":0,"Centennial Puzzle":[3],"Kunai":[67],"obtain_stats":[{"Potion Belt":8,"Lantern":20,"Lee\u0027s Waffle":38,"Golden Idol":7,"Nilry\u0027s Codex":21,"Astrolabe":17,"PreservedInsect":47,"Omamori":9,"Paper Crane":26,"Bottled Tornado":46,"Smiling Mask":13,"Medical Kit":54,"Akabeko":4,"Mercury Hourglass":41,"Dream Catcher":44,"Centennial Puzzle":55,"Molten Egg 2":22,"Coffee Dripper":0,"Bag of Marbles":54,"Kunai":38,"Toy Ornithopter":24,"Ring of the Snake":0,"Runic Pyramid":34},{"Potion Belt":4,"Lantern":10,"Lee\u0027s Waffle":17,"Golden Idol":3,"Nilry\u0027s Codex":10,"Astrolabe":8,"PreservedInsect":22,"Omamori":4,"Paper Crane":12,"Bottled Tornado":22,"Smiling Mask":6,"Medical Kit":24,"Akabeko":2,"Mercury Hourglass":19,"Dream Catcher":20,"Centennial Puzzle":25,"Molten Egg 2":10,"Coffee Dripper":0,"Bag of Marbles":24,"Kunai":17,"Toy Ornithopter":11,"Ring of the Snake":0,"Runic Pyramid":16},{"Potion Belt":17,"Lantern":48,"Lee\u0027s Waffle":95,"Golden Idol":9,"Nilry\u0027s Codex":48,"Astrolabe":38,"PreservedInsect":132,"Omamori":17,"Paper Crane":59,"Bottled Tornado":132,"Smiling Mask":27,"Medical Kit":164,"Akabeko":7,"Mercury Hourglass":109,"Dream Catcher":116,"Centennial Puzzle":171,"Molten Egg 2":48,"Coffee Dripper":0,"Bag of Marbles":164,"Kunai":95,"Toy Ornithopter":54,"Ring of the Snake":0,"Runic Pyramid":87}],"Toy Ornithopter":70},"card_choices":[{"not_picked":["Endless Agony","Deflect"],"picked":"Blade Dance","floor":1.0},{"not_picked":["Cloak And Dagger","Blade Dance"],"picked":"Dagger Throw","floor":2.0},{"not_picked":["Crippling Poison","Dagger Spray"],"picked":"Poisoned Stab","floor":5.0},{"not_picked":["Distraction","Tactician","Bane"],"picked":"SKIP","floor":8},{"not_picked":["Acrobatics","Dagger Spray"],"picked":"PiercingWail","floor":12},{"not_picked":["Underhanded Strike","Deflect"],"picked":"Poisoned Stab","floor":13},{"not_picked":["Doppelganger","Flying Knee"],"picked":"Bane","floor":14},{"not_picked":["Unload","Bullet Time"],"picked":"After Image","floor":16},{"not_picked":["Blur","Distraction"],"picked":"Choke+1","floor":18},{"not_picked":["Outmaneuver","Deflect"],"picked":"Calculated Gamble","floor":19},{"not_picked":["All Out Attack+1","Deflect","Sucker Punch+1"],"picked":"SKIP","floor":24},{"not_picked":["Bane+1","Poisoned Stab+1"],"picked":"PiercingWail","floor":25},{"not_picked":["Catalyst+1","Dagger Spray+1"],"picked":"Malaise","floor":29},{"not_picked":["Dodge and Roll","Dagger Throw+1"],"picked":"Blade Dance+1","floor":30},{"not_picked":["Dagger Throw+1","Footwork"],"picked":"Acrobatics","floor":31},{"not_picked":["Corpse Explosion","Envenom"],"picked":"Venomology","floor":33},{"not_picked":["Cloak And Dagger+1","Dodge and Roll"],"picked":"Sucker Punch+1","floor":35},{"not_picked":["Acrobatics","Caltrops"],"picked":"Cloak And Dagger+1","floor":39},{"not_picked":["Eviscerate+1","Infinite Blades","Bouncing Flask"],"picked":"SKIP","floor":41},{"not_picked":["Poisoned Stab+1","Well Laid Plans","Deflect"],"picked":"SKIP","floor":44},{"not_picked":["Backstab+1","Underhanded Strike+1","Acrobatics"],"picked":"SKIP","floor":45},{"not_picked":["Flechettes+1","Dodge and Roll"],"picked":"PiercingWail+1","floor":46},{"not_picked":["Backstab+1","Tactician"],"picked":"Prepared+1","floor":55}],"player_experience":1580442,"relics_obtained":[{"floor":8,"key":"Potion Belt"},{"floor":9,"key":"Omamori"},{"floor":13,"key":"Smiling Mask"},{"floor":21,"key":"Nilry\u0027s Codex"},{"floor":22,"key":"Molten Egg 2"},{"floor":24,"key":"Toy Ornithopter"},{"floor":26,"key":"Paper Crane"},{"floor":41,"key":"Mercury Hourglass"},{"floor":44,"key":"Dream Catcher"},{"floor":46,"key":"Bottled Tornado"},{"floor":47,"key":"PreservedInsect"},{"floor":55,"key":"Centennial Puzzle"}],"event_choices":[{"damage_healed":0.0,"max_hp_gain":0.0,"max_hp_loss":0.0,"gold_gain":75.0,"event_name":"World of Goop","player_choice":"Gather Gold","floor":3.0,"gold_loss":0.0,"damage_taken":11.0},{"damage_healed":0.0,"max_hp_gain":0.0,"max_hp_loss":6.0,"gold_gain":0.0,"event_name":"Golden Idol","player_choice":"Lose Max HP","floor":7.0,"gold_loss":0.0,"damage_taken":0.0,"relics_obtained":["Golden Idol"]},{"cards_removed":["Strike_G"],"damage_healed":0,"gold_gain":0,"player_choice":"Purged","damage_taken":0,"max_hp_gain":0,"max_hp_loss":0,"event_name":"Purifier","floor":11,"gold_loss":0},{"damage_healed":0,"gold_gain":0,"player_choice":"Opened","damage_taken":0,"relics_obtained":["Lantern"],"max_hp_gain":0,"max_hp_loss":0,"event_name":"The Mausoleum","floor":20,"gold_loss":0,"cards_obtained":["Writhe"]},{"damage_healed":0,"gold_gain":0,"player_choice":"Obtained Book","damage_taken":21,"max_hp_gain":0,"max_hp_loss":0,"event_name":"Cursed Tome","floor":21,"gold_loss":0},{"damage_healed":0,"gold_gain":999,"player_choice":"Gold","damage_taken":0,"max_hp_gain":0,"max_hp_loss":0,"event_name":"MindBloom","floor":36,"gold_loss":0,"cards_obtained":["Normality","Normality"]},{"damage_healed":0,"gold_gain":0,"player_choice":"Ignored","damage_taken":0,"max_hp_gain":0,"max_hp_loss":0,"event_name":"SecretPortal","floor":37,"gold_loss":0},{"damage_healed":0,"gold_gain":0,"player_choice":"Got Potions","damage_taken":0,"max_hp_gain":0,"max_hp_loss":0,"event_name":"Lab","floor":48,"gold_loss":0}],"is_beta":false,"boss_relics":[{"not_picked":["Busted Crown","SlaversCollar"],"picked":"Astrolabe"},{"not_picked":["Pandora\u0027s Box","Fusion Hammer"],"picked":"Runic Pyramid"}],"items_purged_floors":[27,38,54],"is_endless":false,"potions_floor_spawned":[2,5,8,13,24,25,31,44,46,55],"ascension_level":20}}