{"host":"6to8m083wj0ro91z","time":1608819104,"event":{"mods":["BaseMod","Better Third Choice","BetterRewards","CatGirl Mod","Friendly Minions","Hubris","Mad Scientist","Marisa????????","Minty Spire (QoL Compilation)","Reimu??????","Shade Mod","Spicy Shops","StSLib","The Blackbeard","The Caster","The Death Knight","The Gatherer","The Mystic","The Necromancer","The Servant 0.9.4","TheVacant"],"gold_per_floor":[109,109,0,10,28,55,55,55,79,105,65,65,65,85,85,186,186,111,111,111,111,111,111,111,111,111,111,111,111,111,111,111,111,111],"floor_reached":33,"playtime":2359,"items_purged":["caster:strike","caster:strike"],"score":418,"play_id":"311ca16f-1299-49a9-b548-3f962348d3c0","local_time":"20201224151144","is_ascension_mode":false,"campfire_choices":[{"data":"caster:EchoingVoice","floor":7,"key":"SMITH"},{"data":"caster:ManaOverflow","floor":12,"key":"SMITH"},{"data":"caster:BurnItDown","floor":15,"key":"SMITH"},{"data":"caster:WallOfThorns","floor":30,"key":"SMITH"},{"data":"caster:AlternatingCurrent","floor":32,"key":"SMITH"}],"circlet_count":0,"master_deck":["caster:Meteor","caster:DivertFocus","caster:strike","caster:defend","caster:defend","caster:defend","caster:defend","caster:defend","caster:Eruption","caster:EchoingVoice+1","caster:BurnItDown+1","Enlightenment","caster:Rectify+1","caster:Fira+1","caster:ManaOverflow+1","caster:WallOfRocks","caster:Focusyn+1","caster:AlternatingCurrent","caster:WallOfThorns+1","caster:AlternatingCurrent+1"],"relics":["caster:MagicBook","Omamori","Toy Ornithopter","Dream Catcher","hubris:ToyBattleship","Bag of Preparation","PaintedHorse:ReiMu","Ectoplasm","Anchor","hubris:64BitClover","Vajra","Meat on the Bone","hubris:TenFootPole"],"acts_visited":["Exordium","TheCity"],"potions_floor_usage":[6,10,20,20,23,33,33,33],"damage_taken":[{"damage":0,"enemies":"2 Louse","floor":1,"turns":3},{"damage":0,"enemies":"Small Slimes","floor":4,"turns":3},{"damage":0,"enemies":"Cultist","floor":5,"turns":3},{"damage":32,"enemies":"Gremlin Nob","floor":6,"turns":5},{"damage":5,"enemies":"Lagavulin","floor":10,"turns":7},{"damage":4,"enemies":"Exordium Wildlife","floor":14,"turns":4},{"damage":10,"enemies":"The Guardian","floor":16,"turns":10},{"damage":7,"enemies":"2 Thieves","floor":18,"turns":4},{"damage":3,"enemies":"3 Byrds","floor":19,"turns":6},{"damage":0,"enemies":"Snake Plant","floor":20,"turns":4},{"damage":36,"enemies":"Gremlin Leader","floor":23,"turns":6},{"damage":2,"enemies":"Centurion and Healer","floor":24,"turns":6},{"damage":6,"enemies":"3 Cultists","floor":29,"turns":5},{"damage":0,"enemies":"Book of Stabbing","floor":31,"turns":5},{"damage":41,"enemies":"Champ","floor":33,"turns":9}],"seed_played":"-4635763825513992046","potions_obtained":[{"floor":4,"key":"Regen Potion"},{"floor":5,"key":"DuplicationPotion"},{"floor":6,"key":"Fire Potion"},{"floor":16,"key":"Swift Potion"},{"floor":19,"key":"DeathKnight:RimePotion"},{"floor":23,"key":"GamblersBrew"},{"floor":24,"key":"Swift Potion"},{"floor":29,"key":"ColorlessPotion"}],"is_trial":false,"path_per_floor":["M","?","?","M","M","E","R","?","T","E","?","R","?","M","R","B",null,"M","M","M","?","T","E","M","?","T","?","?","M","R","E","R","B"],"character_chosen":"THE_CASTER","items_purchased":["caster:Eruption","Omamori","Toy Ornithopter","caster:EchoingVoice"],"campfire_rested":0,"item_purchase_floors":[0,0,0,0],"current_hp_per_floor":[46,46,52,52,52,25,25,25,25,40,40,40,40,36,36,26,70,63,60,70,63,63,32,30,30,30,30,30,36,36,36,36,22,22],"gold":111,"neow_bonus":"","is_daily":false,"chose_seed":false,"campfire_upgraded":5,"win_rate":0.0,"timestamp":1608819104,"path_taken":["M","?","?","M","M","E","R","?","T","E","?","R","?","M","R","BOSS","M","?","M","?","?","E","?","?","T","?","?","M","R","E","R","BOSS"],"items_purchased_type":["Card","Relic","Relic","Card"],"build_version":"2020-12-22","purchased_purges":2,"victory":false,"max_hp_per_floor":[64,64,70,70,70,70,70,70,70,70,70,70,70,70,70,70,70,70,70,70,70,70,70,70,70,70,70,70,70,70,70,70,70,70],"card_choices":[{"not_picked":["caster:Enfeeble","caster:IcicleLance"],"picked":"caster:BurnItDown","floor":1},{"not_picked":["caster:Sandstorm","caster:BloodRitual","caster:Unearth"],"picked":"SKIP","floor":4},{"not_picked":["caster:Sandstorm","caster:BloodRitual","caster:Unearth"],"picked":"SKIP","floor":4},{"not_picked":["caster:JupitelThunder","caster:MagicResonance","caster:Illusion"],"picked":"SKIP","floor":5},{"not_picked":["caster:Surge","caster:AshesToAshes"],"picked":"caster:Rectify","floor":6},{"not_picked":["caster:BookThrow","caster:Elementalize"],"picked":"caster:ManaOverflow","floor":10},{"not_picked":["caster:FrigidBeam","caster:PyroclasticTide"],"picked":"caster:WallOfRocks","floor":14},{"not_picked":["caster:Susanoo","caster:Explosion"],"picked":"caster:Focusyn","floor":16},{"not_picked":["caster:FrostDriver","caster:JupitelThunder+1"],"picked":"caster:AlternatingCurrent","floor":18},{"not_picked":["caster:FireWall","caster:BookThrow"],"picked":"caster:WallOfThorns","floor":19},{"not_picked":["caster:JupitelThunder","caster:LAZER+1","caster:Enfeeble+1"],"picked":"SKIP","floor":20},{"not_picked":["caster:LAZER+1","caster:Charge","caster:MagicResonance"],"picked":"SKIP","floor":23},{"not_picked":["caster:Sultry","caster:Elementalize","caster:Discharge"],"picked":"SKIP","floor":24},{"not_picked":["caster:FlashFrost","caster:ShivasGrace","caster:LAZER"],"picked":"SKIP","floor":29},{"not_picked":["caster:Sandstorm","caster:LAZER"],"picked":"caster:AlternatingCurrent","floor":31}],"player_experience":1033004,"relics_obtained":[{"floor":6,"key":"Dream Catcher"},{"floor":9,"key":"hubris:ToyBattleship"},{"floor":10,"key":"Bag of Preparation"},{"floor":23,"key":"hubris:64BitClover"},{"floor":26,"key":"Meat on the Bone"},{"floor":31,"key":"hubris:TenFootPole"}],"event_choices":[{"cards_removed":["caster:strike"],"damage_healed":0,"gold_gain":0,"player_choice":"Forget","damage_taken":0,"max_hp_gain":0,"max_hp_loss":0,"event_name":"Living Wall","floor":2,"gold_loss":0},{"damage_healed":0,"gold_gain":0,"player_choice":"RENOUNCE","damage_taken":109,"max_hp_gain":0,"max_hp_loss":0,"event_name":"betterThird:BetterSerpent","floor":3,"gold_loss":109,"cards_obtained":["Enlightenment"]},{"damage_healed":0,"gold_gain":0,"player_choice":"Donate","damage_taken":0,"relics_obtained":["PaintedHorse:ReiMu"],"max_hp_gain":0,"max_hp_loss":0,"event_name":"yidonshenshe","floor":11,"gold_loss":40},{"damage_healed":0,"gold_gain":0,"player_choice":"Forge","damage_taken":0,"max_hp_gain":0,"max_hp_loss":0,"event_name":"Accursed Blacksmith","floor":13,"gold_loss":0,"cards_upgraded":["caster:Rectify"]},{"damage_healed":0,"gold_gain":0,"player_choice":"Anchor","damage_taken":0,"relics_obtained":["Anchor"],"max_hp_gain":0,"max_hp_loss":0,"event_name":"blackbeard:ShipwreckEvent","floor":21,"gold_loss":0}],"is_beta":false,"boss_relics":[{"not_picked":["Runic Pyramid","Empty Cage"],"picked":"Ectoplasm"}],"items_purged_floors":[0,0],"is_endless":false,"potions_floor_spawned":[4,5,6,16,19,23,24,29],"killed_by":"Champ","ascension_level":0}}