{"host":"hspm0s97xpvpwopl","time":1608850597,"event":{"mods":["BaseMod","Better Third Choice","Colored Map","Colored Powertips","Curses Come First","Downfall","Hermit","Minty Spire (QoL Compilation)","Relic Stats","Robot Space Explorer","Shop Mod","Spicy Shops","StSLib","The Alterego","The Cursed","The Runesmith"],"gold_per_floor":[118,135,135,135,155,155,188,202,202,216,235,250,93,112,112,217,217,232,81,81,81,98,129,129,146,146,146,164,196,196,223,223,325,325,339,6,0,0,18,46,57,5,5,5,18,37,64,81,81,81,81],"floor_reached":50,"playtime":4409,"items_purged":[],"score":621,"play_id":"f8761d87-25a2-44ef-ae4a-247b90805305","local_time":"20201224165637","is_ascension_mode":false,"campfire_choices":[{"data":"RobotSpaceExplorer:TurboDodge","floor":6,"key":"SMITH"},{"floor":15,"key":"REST"},{"floor":24,"key":"REST"},{"floor":30,"key":"REST"},{"floor":32,"key":"REST"},{"floor":49,"key":"REST"}],"circlet_count":0,"master_deck":["RobotSpaceExplorer:Strike","RobotSpaceExplorer:Strike","RobotSpaceExplorer:Strike","RobotSpaceExplorer:Strike","RobotSpaceExplorer:Defend","RobotSpaceExplorer:Defend","RobotSpaceExplorer:Defend","RobotSpaceExplorer:Defend","RobotSpaceExplorer:Scan","RobotSpaceExplorer:MiniLasers","RobotSpaceExplorer:TurboDodge+1","RobotSpaceExplorer:LaserBurst","RobotSpaceExplorer:RigExplosive","RobotSpaceExplorer:ScrapMissile","RobotSpaceExplorer:Arsenal","RobotSpaceExplorer:SurgingStrike","RobotSpaceExplorer:Pulsar","RobotSpaceExplorer:FreezingShield","RobotSpaceExplorer:DoubleFind","RobotSpaceExplorer:ShockMissile","RobotSpaceExplorer:MetalStrike","RobotSpaceExplorer:MetalStrike+1","RobotSpaceExplorer:FreezeRay","RobotSpaceExplorer:Probe+1","RobotSpaceExplorer:Jetpack+1","RobotSpaceExplorer:RigExplosive","RobotSpaceExplorer:Multitool","RobotSpaceExplorer:ImprovisedAttack+1","Writhe","RobotSpaceExplorer:ShockKick+1","RobotSpaceExplorer:MiniDrones+1","RobotSpaceExplorer:ScrapMissile+1","RobotSpaceExplorer:ShockMissile","RobotSpaceExplorer:Probe+1","RobotSpaceExplorer:Electropulse","RobotSpaceExplorer:Electroshield+1"],"relics":["RobotSpaceExplorer:TurboCore","Omamori","Oddly Smooth Stone","Tiny Chest","Calling Bell","Ancient Tea Set","InkBottle","Ginger","PreservedInsect","Necronomicon","Runesmith:Nanobots","Sundial","Peace Pipe","RobotSpaceExplorer:FoglandsKnife","Akabeko","Vajra","Red Mask","Bottled Tornado","Pear","Darkstone Periapt","Pen Nib"],"acts_visited":["Exordium","TheCity","TheBeyond"],"potions_floor_usage":[7,8,10,14,16,16,16,16,18,22,23,23,25,28,29,33,33,33,39,40,40,40,41,45,45,46,46,47,48,50,50,50,50,50],"damage_taken":[{"damage":0,"enemies":"Cultist","floor":1,"turns":5},{"damage":0,"enemies":"2 Louse","floor":2,"turns":3},{"damage":0,"enemies":"Small Slimes","floor":5,"turns":2},{"damage":38,"enemies":"Gremlin Nob","floor":7,"turns":6},{"damage":0,"enemies":"2 Fungi Beasts","floor":8,"turns":3},{"damage":10,"enemies":"Exordium Thugs","floor":10,"turns":4},{"damage":0,"enemies":"Blue Slaver","floor":11,"turns":3},{"damage":4,"enemies":"Looter","floor":12,"turns":3},{"damage":0,"enemies":"3 Louse","floor":14,"turns":4},{"damage":16,"enemies":"Slime Boss","floor":16,"turns":7},{"damage":4,"enemies":"3 Byrds","floor":18,"turns":7},{"damage":6,"enemies":"Shell Parasite","floor":22,"turns":8},{"damage":47,"enemies":"Slavers","floor":23,"turns":5},{"damage":4,"enemies":"Snake Plant","floor":25,"turns":4},{"damage":14,"enemies":"Cultist and Chosen","floor":28,"turns":5},{"damage":10,"enemies":"Gremlin Leader","floor":29,"turns":6},{"damage":69,"enemies":"Collector","floor":33,"turns":12},{"damage":1,"enemies":"Orb Walker","floor":35,"turns":4},{"damage":0,"enemies":"3 Shapes","floor":39,"turns":4},{"damage":0,"enemies":"Reptomancer","floor":40,"turns":2},{"damage":0,"enemies":"Jaw Worm Horde","floor":41,"turns":3},{"damage":7,"enemies":"Maw","floor":45,"turns":7},{"damage":12,"enemies":"3 Darklings","floor":46,"turns":5},{"damage":23,"enemies":"Nemesis","floor":47,"turns":5},{"damage":1,"enemies":"Jaw Worm Horde","floor":48,"turns":4},{"damage":89,"enemies":"Time Eater","floor":50,"turns":7}],"seed_played":"-3269786609628238712","potions_obtained":[{"floor":2,"key":"ColorlessPotion"},{"floor":11,"key":"champ:CounterPotion"},{"floor":14,"key":"CultistPotion"},{"floor":16,"key":"LiquidMemories"},{"floor":18,"key":"BlessingOfTheForge"},{"floor":29,"key":"sneckomod:MuddlingPotion"},{"floor":45,"key":"Energy Potion"},{"floor":46,"key":"PowerPotion"},{"floor":47,"key":"Energy Potion"},{"floor":48,"key":"Ancient Potion"}],"is_trial":false,"path_per_floor":["M","M","?","?","M","R","E","M","T","M","M","M","$","M","R","B",null,"M","$","?","?","M","E","R","M","T","?","M","E","R","T","R","B",null,"M","$","?","?","M","E","M","$","T","T","M","M","E","M","R","B"],"character_chosen":"RobotSpaceExplorer","items_purchased":["Tiny Chest","PreservedInsect","Akabeko","Vajra","Fire Potion","Block Potion"],"campfire_rested":5,"item_purchase_floors":[13,19,36,36,36,42],"current_hp_per_floor":[82,82,87,87,87,87,49,49,49,39,39,35,35,35,61,45,87,83,83,83,67,61,14,40,36,36,65,51,41,67,67,87,18,87,86,86,86,87,87,87,87,87,97,97,90,78,55,54,83,0,0],"gold":81,"neow_bonus":"TEN_PERCENT_HP_BONUS","is_daily":false,"chose_seed":false,"campfire_upgraded":1,"win_rate":0.0,"timestamp":1608850597,"path_taken":["M","?","?","?","M","R","E","M","T","M","M","?","$","M","R","BOSS","M","$","?","?","M","E","R","M","T","?","M","E","R","?","R","BOSS","M","$","?","?","?","E","M","$","T","?","M","M","E","M","R","BOSS"],"items_purchased_type":["Relic","Relic","Relic","Relic","Potion","Potion"],"build_version":"2020-12-22","purchased_purges":0,"victory":false,"max_hp_per_floor":[82,82,87,87,87,87,87,87,87,87,87,87,87,87,87,87,87,87,87,87,87,87,87,87,87,87,87,87,87,87,87,87,87,87,87,87,87,87,87,87,87,87,97,97,97,97,97,97,97,97,97],"relic_stats":{"Peace Pipe":0,"Darkstone Periapt":0,"counters":[26,128],"Sundial":[4],"Tiny Chest":2,"PreservedInsect":190,"Pen Nib":[3],"Necronomicon":[15],"Ginger":[25],"obtain_stats":[{"Darkstone Periapt":44,"Runesmith:Nanobots":23,"Pear":43,"Oddly Smooth Stone":9,"Vajra":36,"RobotSpaceExplorer:RoboCore":0,"PreservedInsect":19,"Pen Nib":47,"Omamori":7,"Ginger":17,"Bottled Tornado":40,"Ancient Tea Set":17,"RobotSpaceExplorer:TurboCore":34,"Akabeko":36,"Calling Bell":17,"Peace Pipe":29,"RobotSpaceExplorer:FoglandsKnife":31,"Sundial":26,"Tiny Chest":13,"Necronomicon":21,"Red Mask":37,"InkBottle":17},{"Darkstone Periapt":21,"Runesmith:Nanobots":13,"Pear":21,"Oddly Smooth Stone":5,"Vajra":18,"RobotSpaceExplorer:RoboCore":0,"PreservedInsect":11,"Pen Nib":24,"Omamori":4,"Ginger":10,"Bottled Tornado":20,"Ancient Tea Set":10,"RobotSpaceExplorer:TurboCore":17,"Akabeko":18,"Calling Bell":10,"Peace Pipe":16,"RobotSpaceExplorer:FoglandsKnife":16,"Sundial":14,"Tiny Chest":8,"Necronomicon":11,"Red Mask":18,"InkBottle":10},{"Darkstone Periapt":100,"Runesmith:Nanobots":60,"Pear":100,"Oddly Smooth Stone":19,"Vajra":91,"RobotSpaceExplorer:RoboCore":0,"PreservedInsect":47,"Pen Nib":117,"Omamori":16,"Ginger":40,"Bottled Tornado":97,"Ancient Tea Set":40,"RobotSpaceExplorer:TurboCore":87,"Akabeko":91,"Calling Bell":40,"Peace Pipe":75,"RobotSpaceExplorer:FoglandsKnife":75,"Sundial":64,"Tiny Chest":29,"Necronomicon":47,"Red Mask":91,"InkBottle":40}],"InkBottle":[36]},"card_choices":[{"not_picked":["RobotSpaceExplorer:Counterblock","RobotSpaceExplorer:ShovelStrike"],"picked":"RobotSpaceExplorer:TurboDodge","floor":1},{"not_picked":["RobotSpaceExplorer:SwiftStep","RobotSpaceExplorer:JunkDive"],"picked":"RobotSpaceExplorer:LaserBurst","floor":2},{"not_picked":["RobotSpaceExplorer:FrostMissile","RobotSpaceExplorer:GlueShot"],"picked":"RobotSpaceExplorer:RigExplosive","floor":5},{"not_picked":["RobotSpaceExplorer:SwiftStep","RobotSpaceExplorer:ImprovisedAttack"],"picked":"RobotSpaceExplorer:ScrapMissile","floor":7},{"not_picked":["RobotSpaceExplorer:Ammunition","RobotSpaceExplorer:Probe"],"picked":"RobotSpaceExplorer:Arsenal","floor":8},{"not_picked":["RobotSpaceExplorer:PowerGlove","RobotSpaceExplorer:FranticSearch"],"picked":"RobotSpaceExplorer:SurgingStrike","floor":10},{"not_picked":["RobotSpaceExplorer:Counterblock","RobotSpaceExplorer:SurgingStrike"],"picked":"RobotSpaceExplorer:Pulsar","floor":11},{"not_picked":["RobotSpaceExplorer:MetalStrike","RobotSpaceExplorer:Reload"],"picked":"RobotSpaceExplorer:FreezingShield","floor":12},{"not_picked":["RobotSpaceExplorer:StarDust","RobotSpaceExplorer:ShovelStrike"],"picked":"RobotSpaceExplorer:DoubleFind","floor":14},{"not_picked":["RobotSpaceExplorer:Arsenal","RobotSpaceExplorer:TrailblazerForm"],"picked":"RobotSpaceExplorer:ShockMissile","floor":16},{"not_picked":["RobotSpaceExplorer:Ammunition","RobotSpaceExplorer:StunGrenade"],"picked":"RobotSpaceExplorer:MetalStrike","floor":18},{"not_picked":["RobotSpaceExplorer:FranticSearch","RobotSpaceExplorer:ShovelStrike"],"picked":"RobotSpaceExplorer:MetalStrike+1","floor":22},{"not_picked":["RobotSpaceExplorer:FrostMissile","RobotSpaceExplorer:Smokescreen"],"picked":"RobotSpaceExplorer:FreezeRay","floor":23},{"not_picked":["RobotSpaceExplorer:MetalStrike","RobotSpaceExplorer:ShovelStrike+1"],"picked":"RobotSpaceExplorer:Probe+1","floor":25},{"not_picked":["RobotSpaceExplorer:DualCore","RobotSpaceExplorer:FranticSearch"],"picked":"RobotSpaceExplorer:Jetpack+1","floor":28},{"not_picked":["RobotSpaceExplorer:SurgingStrike","RobotSpaceExplorer:Probe"],"picked":"RobotSpaceExplorer:RigExplosive","floor":29},{"not_picked":["RobotSpaceExplorer:BlastShield","RobotSpaceExplorer:Autoloader"],"picked":"RobotSpaceExplorer:Multitool","floor":33},{"not_picked":["RobotSpaceExplorer:JunkDive","RobotSpaceExplorer:SurgingStrike"],"picked":"RobotSpaceExplorer:ImprovisedAttack+1","floor":35},{"not_picked":["RobotSpaceExplorer:StunGrenade+1","RobotSpaceExplorer:PowerGlove"],"picked":"RobotSpaceExplorer:ShockKick+1","floor":39},{"not_picked":["RobotSpaceExplorer:ScrapToss","RobotSpaceExplorer:StunGrenade+1"],"picked":"RobotSpaceExplorer:MiniDrones+1","floor":40},{"not_picked":["RobotSpaceExplorer:StunGrenade","RobotSpaceExplorer:ExhaustFan+1"],"picked":"RobotSpaceExplorer:ScrapMissile+1","floor":41},{"not_picked":["RobotSpaceExplorer:ShovelStrike","RobotSpaceExplorer:SurgingStrike+1"],"picked":"RobotSpaceExplorer:ShockMissile","floor":45},{"not_picked":["RobotSpaceExplorer:ImprovisedAttack","RobotSpaceExplorer:FreezingShield"],"picked":"RobotSpaceExplorer:Probe+1","floor":46},{"not_picked":["RobotSpaceExplorer:SlimeMissile","RobotSpaceExplorer:ShovelStrike+1"],"picked":"RobotSpaceExplorer:Electropulse","floor":47},{"not_picked":["RobotSpaceExplorer:DualCore","RobotSpaceExplorer:ScrapMissile"],"picked":"RobotSpaceExplorer:Electroshield+1","floor":48}],"player_experience":227863,"relics_obtained":[{"floor":7,"key":"Omamori"},{"floor":9,"key":"Oddly Smooth Stone"},{"floor":17,"key":"Ancient Tea Set"},{"floor":17,"key":"InkBottle"},{"floor":17,"key":"Ginger"},{"floor":21,"key":"Necronomicon"},{"floor":23,"key":"Runesmith:Nanobots"},{"floor":26,"key":"Sundial"},{"floor":29,"key":"Peace Pipe"},{"floor":31,"key":"RobotSpaceExplorer:FoglandsKnife"},{"floor":40,"key":"Bottled Tornado"},{"floor":43,"key":"Pear"},{"floor":44,"key":"Darkstone Periapt"},{"floor":47,"key":"Pen Nib"}],"event_choices":[{"damage_healed":0,"gold_gain":0,"player_choice":"Donut","damage_taken":0,"max_hp_gain":5,"max_hp_loss":0,"event_name":"Big Fish","floor":3,"gold_loss":0},{"damage_healed":0,"gold_gain":0,"player_choice":"Ignored","damage_taken":0,"max_hp_gain":0,"max_hp_loss":0,"event_name":"Purifier","floor":4,"gold_loss":0},{"damage_healed":0,"gold_gain":0,"player_choice":"Ignored","damage_taken":0,"max_hp_gain":0,"max_hp_loss":0,"event_name":"Vampires","floor":20,"gold_loss":0},{"damage_healed":0,"gold_gain":0,"player_choice":"Obtained Book","damage_taken":16,"max_hp_gain":0,"max_hp_loss":0,"event_name":"Cursed Tome","floor":21,"gold_loss":0},{"damage_healed":29,"gold_gain":0,"player_choice":"Heal","damage_taken":0,"max_hp_gain":0,"max_hp_loss":0,"event_name":"The Library","floor":27,"gold_loss":0},{"damage_healed":0,"gold_gain":0,"player_choice":"Paid","damage_taken":0,"relics_obtained":["Red Mask"],"max_hp_gain":0,"max_hp_loss":0,"event_name":"Tomb of Lord Red Mask","floor":37,"gold_loss":6},{"damage_healed":22,"gold_gain":0,"player_choice":"Writhe","damage_taken":0,"max_hp_gain":0,"max_hp_loss":0,"event_name":"Winding Halls","floor":38,"gold_loss":0,"cards_obtained":["Writhe"]}],"is_beta":false,"boss_relics":[{"not_picked":["Runic Dome","Astrolabe"],"picked":"Calling Bell"},{"not_picked":["Empty Cage","Busted Crown"],"picked":"RobotSpaceExplorer:TurboCore"}],"items_purged_floors":[],"is_endless":false,"potions_floor_spawned":[2,11,14,16,18,29,45,46,47,48],"killed_by":"Time Eater","ascension_level":0}}