{"host":"6ve8qn5s1am4lo6s","time":1608847030,"event":{"mods":["AchievementEnabler","Arknights The Spire","BaseMod","BetterRewards","Friendly Minions","GifTheSpireLib","Minty Spire (QoL Compilation)","Permanent Neow","Relic Stats","StSLib"],"gold_per_floor":[116,66,19,19,35,35,35],"floor_reached":6,"playtime":586,"items_purged":[],"score":34,"play_id":"84d469f8-71bc-4220-93e1-394d1ca6db3c","local_time":"20201224165710","is_ascension_mode":false,"campfire_choices":[],"circlet_count":0,"master_deck":["ats:Strike G","ats:Strike S","ats:Strike V","ats:Armor Crushing Shot","ats:Defend","ats:Defend","ats:Defend","ats:Defend","ats:Emotion Absorption","ats:Wolf Pack","ats:Hammer On+1","ats:Shell Defense+1"],"relics":["ats:Sanity"],"acts_visited":["Exordium"],"potions_floor_usage":[],"damage_taken":[{"damage":0,"enemies":"2 Louse","floor":1,"turns":4},{"damage":1,"enemies":"Jaw Worm","floor":5,"turns":5},{"damage":68,"enemies":"Gremlin Nob","floor":6,"turns":7}],"seed_played":"-5787791982572238203","potions_obtained":[],"is_trial":false,"path_per_floor":["M","?","$","?","M","E"],"character_chosen":"DOCTOR_CLASS","items_purchased":["ats:Shell Defense"],"campfire_rested":0,"item_purchase_floors":[3],"current_hp_per_floor":[65,65,65,52,53,0,0],"gold":35,"neow_bonus":"THREE_RARE_CARDS","is_daily":false,"chose_seed":false,"campfire_upgraded":0,"win_rate":0.0,"timestamp":1608847030,"path_taken":["M","?","$","?","M","E"],"items_purchased_type":["Card"],"build_version":"2020-12-22","purchased_purges":0,"victory":false,"max_hp_per_floor":[65,65,65,65,65,65,65],"relic_stats":{"counters":[3,16],"obtain_stats":[{"ats:Sanity":0},{"ats:Sanity":0},{"ats:Sanity":0}]},"card_choices":[{"not_picked":["ats:Durian","ats:Volcano"],"picked":"ats:Wolf Pack","floor":0},{"not_picked":["ats:Curse Doll","ats:Steam Pump"],"picked":"ats:Hammer On","floor":1},{"not_picked":["ats:Hammer On","ats:Ignite","ats:Apocalypse"],"picked":"SKIP","floor":5}],"player_experience":234260,"relics_obtained":[],"event_choices":[{"cards_removed":["ats:Strike C"],"damage_healed":0,"gold_gain":0,"player_choice":"Card Removal","damage_taken":0,"max_hp_gain":0,"max_hp_loss":0,"event_name":"The Cleric","floor":2,"gold_loss":50},{"damage_healed":0,"gold_gain":0,"player_choice":"Entered Light","damage_taken":13,"max_hp_gain":0,"max_hp_loss":0,"event_name":"Shining Light","floor":4,"gold_loss":0,"cards_upgraded":["ats:Hammer On","ats:Shell Defense"]}],"is_beta":false,"boss_relics":[],"items_purged_floors":[],"is_endless":false,"potions_floor_spawned":[],"killed_by":"Gremlin Nob","ascension_level":0}}