{"host":"yp47u74hk6n79vj1","time":1608841294,"event":{"mods":["BaseMod","Minty Spire (QoL Compilation)"],"gold_per_floor":[114,125,137,62,78,109,185,227,265,293,305,217,217,92,92,192,192,206,49,0,99,24,24,44,44,44,94,94,113,113,113],"floor_reached":30,"playtime":1240,"items_purged":["Strike_B","Strike_B","Defend_B"],"score":226,"play_id":"5b997f97-e9a4-4470-9c51-96de6405d0cd","local_time":"20201224152134","is_ascension_mode":false,"campfire_choices":[{"data":"Steam","floor":11,"key":"SMITH"},{"floor":13,"key":"REST"},{"data":"Conserve Battery","floor":15,"key":"SMITH"},{"floor":23,"key":"RECALL"},{"floor":28,"key":"DIG"}],"circlet_count":0,"master_deck":["Strike_B","Defend_B","Defend_B","Defend_B","Zap","Dualcast","Leap","Streamline","Force Field","Amplify","Conserve Battery+1","Steam+1","Reboot","Hologram+1","Hologram+1","White Noise","Force Field","Conserve Battery","Glacier"],"relics":["Cracked Core","MawBank","Potion Belt","Odd Mushroom","Coffee Dripper","Orrery","Shovel","Art of War","DataDisk"],"acts_visited":["Exordium","TheCity"],"potions_floor_usage":[6,16,16,18],"damage_taken":[{"damage":0,"enemies":"Small Slimes","floor":1,"turns":3},{"damage":11,"enemies":"2 Louse","floor":2,"turns":3},{"damage":1,"enemies":"Cultist","floor":3,"turns":3},{"damage":3,"enemies":"Exordium Wildlife","floor":5,"turns":6},{"damage":18,"enemies":"3 Sentries","floor":6,"turns":7},{"damage":36,"enemies":"Lagavulin Event","floor":7,"turns":6},{"damage":8,"enemies":"The Mushroom Lair","floor":8,"turns":5},{"damage":3,"enemies":"Lots of Slimes","floor":10,"turns":5},{"damage":8,"enemies":"The Guardian","floor":16,"turns":12},{"damage":0,"enemies":"Chosen","floor":18,"turns":4},{"damage":8,"enemies":"Shell Parasite","floor":24,"turns":15},{"damage":3,"enemies":"Shelled Parasite and Fungi","floor":29,"turns":9},{"damage":74,"enemies":"Gremlin Leader","floor":30,"turns":8}],"seed_played":"4487025154995327676","potions_obtained":[{"floor":2,"key":"Explosive Potion"},{"floor":8,"key":"PotionOfCapacity"},{"floor":10,"key":"GamblersBrew"},{"floor":16,"key":"DuplicationPotion"},{"floor":24,"key":"Energy Potion"}],"is_trial":false,"path_per_floor":["M","M","M","$","M","E","?","?","T","M","R","$","R","$","R","B",null,"M","$","?","?","?","R","M","?","T","T","R","M","E"],"character_chosen":"DEFECT","items_purchased":["Orrery"],"campfire_rested":1,"item_purchase_floors":[19],"current_hp_per_floor":[82,71,70,70,67,49,13,5,5,2,2,2,26,26,26,18,82,82,82,82,82,82,82,74,74,74,74,74,71,0,0],"gold":113,"neow_bonus":"TEN_PERCENT_HP_BONUS","is_daily":false,"chose_seed":false,"campfire_upgraded":2,"win_rate":0.0,"timestamp":1608841294,"path_taken":["M","M","M","$","M","E","?","?","T","M","R","$","R","$","R","BOSS","M","$","?","?","?","R","M","?","T","?","R","M","E"],"items_purchased_type":["Relic"],"build_version":"2020-12-22","purchased_purges":3,"victory":false,"max_hp_per_floor":[82,82,82,82,82,82,82,82,82,82,82,82,82,82,82,82,82,82,82,82,82,82,82,82,82,82,82,82,82,82,82],"card_choices":[{"not_picked":["Redo","Beam Cell"],"picked":"Leap","floor":1},{"not_picked":["Coolheaded","Compile Driver"],"picked":"Streamline","floor":2},{"not_picked":["Fusion","Hello World","Ball Lightning"],"picked":"SKIP","floor":3},{"not_picked":["Steam","Double Energy"],"picked":"Force Field","floor":5},{"not_picked":["Stack","Thunder Strike"],"picked":"Amplify","floor":6},{"not_picked":["Sweeping Beam","Hologram"],"picked":"Conserve Battery","floor":7},{"not_picked":["Multi-Cast","Stack"],"picked":"Steam","floor":8},{"not_picked":["Skim","Gash","Leap"],"picked":"SKIP","floor":10},{"not_picked":["Thunder Strike","Biased Cognition"],"picked":"Reboot","floor":16},{"not_picked":["Hello World","Leap","Fusion"],"picked":"SKIP","floor":18},{"not_picked":["Skim","Barrage"],"picked":"Hologram+1","floor":19},{"not_picked":["Tempest","Reprogram+1"],"picked":"Hologram+1","floor":19},{"not_picked":["Leap","Tempest"],"picked":"White Noise","floor":19},{"not_picked":["Beam Cell+1","Heatsinks"],"picked":"Force Field","floor":19},{"not_picked":["Leap","Barrage+1"],"picked":"Conserve Battery","floor":19},{"not_picked":["Go for the Eyes+1","Consume"],"picked":"Glacier","floor":24},{"not_picked":["Tempest+1","Go for the Eyes","Rebound"],"picked":"SKIP","floor":29}],"player_experience":504953,"relics_obtained":[{"floor":6,"key":"MawBank"},{"floor":7,"key":"Potion Belt"},{"floor":8,"key":"Odd Mushroom"},{"floor":26,"key":"Shovel"},{"floor":27,"key":"Art of War"},{"floor":28,"key":"DataDisk"}],"event_choices":[{"damage_healed":0,"gold_gain":30,"player_choice":"Searched \u00273\u0027 times","damage_taken":0,"max_hp_gain":0,"max_hp_loss":0,"event_name":"Dead Adventurer","floor":7,"gold_loss":0},{"damage_healed":0,"gold_gain":0,"player_choice":"Fought Mushrooms","damage_taken":0,"max_hp_gain":0,"max_hp_loss":0,"event_name":"Mushrooms","floor":8,"gold_loss":0},{"damage_healed":0,"gold_gain":0,"player_choice":"Paid Fearfully","damage_taken":0,"max_hp_gain":0,"max_hp_loss":0,"event_name":"Masked Bandits","floor":20,"gold_loss":49},{"damage_healed":0,"gold_gain":99,"player_choice":"Stole From Cult","damage_taken":0,"max_hp_gain":0,"max_hp_loss":0,"event_name":"Nest","floor":21,"gold_loss":0},{"cards_removed":["Strike_B"],"damage_healed":0,"gold_gain":0,"player_choice":"Gave Gold","damage_taken":0,"max_hp_gain":0,"max_hp_loss":0,"event_name":"Beggar","floor":22,"gold_loss":75}],"is_beta":false,"boss_relics":[{"not_picked":["Ectoplasm","Calling Bell"],"picked":"Coffee Dripper"}],"items_purged_floors":[4,12,14],"is_endless":false,"potions_floor_spawned":[2,8,10,16,24],"killed_by":"Gremlin Leader","ascension_level":0}}