{"host":"zh52cun1g5egmafn","time":1608830725,"event":{"mods":["AchievementEnabler","Arknights The Spire","BaseMod","DeckTracker","Highlight Path","Minty Spire (QoL Compilation)","StSLib"],"gold_per_floor":[119,135,63,78,96,131,151,151,176,251,263,35,35,50,50,154,154,173,173,173,248,262,262,109,109,154,169,169,169,169],"floor_reached":29,"playtime":733,"items_purged":["ats:Strike V"],"score":225,"play_id":"a72235ab-3e36-459b-841c-f95452c6f51b","local_time":"20201225022525","is_ascension_mode":false,"campfire_choices":[{"data":"ats:Part Time Job","floor":8.0,"key":"SMITH"},{"floor":15.0,"key":"REST"},{"floor":23.0,"key":"REST"},{"data":"ats:Burning Ground","floor":25.0,"key":"SMITH"}],"circlet_count":0,"master_deck":["ats:Strike C+1","ats:Armor Crushing Shot","ats:Defend","ats:Defend","ats:Defend","ats:Emotion Absorption","ats:Volcano+1","ats:Mental Burst","ats:Very Hot Blade","ats:Flexible Camouflage","ats:Part Time Job+1","ats:Childhood Dance","ats:Calcification","ats:Burning Ground+1"],"relics":["ats:Sanity","ats:Originium","Bottled Flame","ats:Rhine Circuitry","Whetstone","Empty Cage","Nunchaku","Blood Vial"],"acts_visited":["Exordium","TheCity"],"potions_floor_usage":[],"damage_taken":[{"damage":10.0,"enemies":"Jaw Worm","floor":1.0,"turns":4.0},{"damage":0.0,"enemies":"2 Louse","floor":2.0,"turns":1.0},{"damage":7.0,"enemies":"Small Slimes","floor":4.0,"turns":3.0},{"damage":7.0,"enemies":"Blue Slaver","floor":5.0,"turns":2.0},{"damage":8.0,"enemies":"Lagavulin","floor":6.0,"turns":3.0},{"damage":0.0,"enemies":"Red Slaver","floor":7.0,"turns":1.0},{"damage":10.0,"enemies":"Exordium Thugs","floor":11.0,"turns":2.0},{"damage":0.0,"enemies":"Large Slime","floor":14.0,"turns":1.0},{"damage":30.0,"enemies":"Hexaghost","floor":16.0,"turns":9.0},{"damage":12.0,"enemies":"Shell Parasite","floor":18.0,"turns":4.0},{"damage":25.0,"enemies":"2 Thieves","floor":22.0,"turns":3.0},{"damage":12.0,"enemies":"Centurion and Healer","floor":27.0,"turns":5.0},{"damage":45.0,"enemies":"Colosseum Slavers","floor":28.0,"turns":5.0},{"damage":5,"enemies":"Shelled Parasite and Fungi","floor":29,"turns":2}],"seed_played":"5643871393302884397","potions_obtained":[{"floor":1.0,"key":"AttackPotion"},{"floor":5.0,"key":"Block Potion"},{"floor":6.0,"key":"SkillPotion"},{"floor":27.0,"key":"LiquidBronze"}],"is_trial":false,"path_per_floor":["M","M","$","M","M","E","M","R","T","?","M","$","?","M","R","B",null,"M","?","$","?","M","R","$","R","T","M","?","M"],"character_chosen":"DOCTOR_CLASS","items_purchased":["ats:Very Hot Blade","Whetstone","Nunchaku"],"campfire_rested":2,"item_purchase_floors":[3,12,24],"current_hp_per_floor":[62,62,62,55,48,40,40,40,40,29,21,21,21,21,42,26,72,66,53,53,46,22,45,45,45,45,44,7,6,6],"gold":169,"neow_bonus":"ONE_RANDOM_RARE_CARD","is_daily":false,"chose_seed":false,"campfire_upgraded":2,"win_rate":0.0,"timestamp":1608830725,"path_taken":["M","M","$","M","M","E","M","R","T","?","M","$","?","M","R","BOSS","M","?","$","?","?","R","$","R","T","M","?","M"],"items_purchased_type":["Card","Relic","Relic"],"build_version":"2020-12-22","purchased_purges":1,"victory":false,"max_hp_per_floor":[72,72,72,72,72,72,72,72,72,72,72,72,72,72,72,72,72,72,77,77,77,77,77,77,77,77,77,77,77,77],"card_choices":[{"not_picked":["ats:Thermite Blade","ats:Steam Pump"],"picked":"ats:Mental Burst","floor":1.0},{"not_picked":["ats:Curse Doll","ats:Support Order","ats:Cat Scratch"],"picked":"SKIP","floor":2.0},{"not_picked":["ats:Poison Spread","ats:Cat Scratch"],"picked":"ats:Flexible Camouflage","floor":4.0},{"not_picked":["ats:Cat Scratch","ats:Chain Hook","ats:Mental Burst"],"picked":"SKIP","floor":5.0},{"not_picked":["ats:Ambush","ats:Shell Defense","ats:Shadow Raid"],"picked":"SKIP","floor":6.0},{"not_picked":["ats:Curse Doll","ats:LN2 Cannon"],"picked":"ats:Part Time Job","floor":7.0},{"not_picked":["ats:Curse Doll","ats:Charging Defense","ats:Part Time Job"],"picked":"SKIP","floor":11.0},{"not_picked":["ats:Consecutive Shot Auto","ats:Powerful Strike"],"picked":"ats:Childhood Dance","floor":14.0},{"not_picked":["ats:Ambush","ats:Durian"],"picked":"ats:Calcification","floor":16.0},{"not_picked":["ats:Sunburst","ats:Childhood Dance"],"picked":"ats:Burning Ground","floor":18.0},{"not_picked":["ats:Revitalization+1","ats:Consecutive Shot Auto","ats:Apocalypse"],"picked":"SKIP","floor":22.0},{"not_picked":["ats:Thermite Blade","ats:Childhood Dance+1","ats:Red Shift"],"picked":"SKIP","floor":27.0}],"player_experience":170160,"relics_obtained":[{"floor":6.0,"key":"ats:Originium"},{"floor":6.0,"key":"Bottled Flame"},{"floor":9.0,"key":"ats:Rhine Circuitry"},{"floor":26.0,"key":"Blood Vial"}],"event_choices":[{"damage_healed":0.0,"max_hp_gain":0.0,"max_hp_loss":0.0,"gold_gain":75.0,"event_name":"World of Goop","player_choice":"Gather Gold","floor":10.0,"gold_loss":0.0,"damage_taken":11.0},{"cards_removed":["ats:Strike S"],"damage_healed":0.0,"max_hp_gain":0.0,"max_hp_loss":0.0,"gold_gain":0.0,"event_name":"Living Wall","player_choice":"Forget","floor":13.0,"gold_loss":0.0,"damage_taken":0.0},{"damage_healed":0.0,"max_hp_gain":5.0,"max_hp_loss":0.0,"gold_gain":0.0,"event_name":"Forgotten Altar","player_choice":"Shed Blood","floor":19.0,"gold_loss":0.0,"damage_taken":18.0},{"damage_healed":0.0,"max_hp_gain":0.0,"max_hp_loss":0.0,"gold_gain":75.0,"event_name":"FaceTrader","player_choice":"Touch","floor":21.0,"gold_loss":0.0,"damage_taken":7.0},{"damage_healed":0.0,"max_hp_gain":0.0,"max_hp_loss":0.0,"gold_gain":0.0,"event_name":"Colosseum","player_choice":"Fight","floor":28.0,"gold_loss":0.0,"damage_taken":0.0},{"damage_healed":0.0,"max_hp_gain":0.0,"max_hp_loss":0.0,"gold_gain":0.0,"event_name":"Colosseum","player_choice":"Fled From Nobs","floor":28.0,"gold_loss":0.0,"damage_taken":0.0}],"is_beta":false,"boss_relics":[{"not_picked":["Snecko Eye","Tiny House"],"picked":"Empty Cage"}],"items_purged_floors":[12],"is_endless":false,"potions_floor_spawned":[1,5,6,27,28],"killed_by":"Shelled Parasite and Fungi","ascension_level":0}}