{"host":"jt62yzdgnrkmwwqv","time":1608821789,"event":{"mods":["AchievementEnabler","BaseMod","CapriCore","Colored Map","Colored Powertips","GungeonMod","Lobotomy","LobotomyExtend","Minty Spire (QoL Compilation)","StSLib","SuperFastMode"],"gold_per_floor":[114,80,95,95,95,125,155,155,230,230,260,275,305,320,320,420,420,435,450,450,300,69,69,99,198,273,288,318,348,348,363,363,463,463,478,493,193,100,11,41,41,41,41,71,71,71,101,131,131,131,131],"floor_reached":52,"playtime":2178,"items_purged":[],"score":1175,"play_id":"cda3f446-8b4a-4c99-9517-ddef3a552d5b","local_time":"20201224235629","daily_mods":["Insanity","Flight","DeadlyEvents"],"is_ascension_mode":false,"campfire_choices":[{"floor":8,"key":"REST"},{"data":"Worship","floor":10,"key":"SMITH"},{"floor":15,"key":"REST"},{"floor":32,"key":"REST"},{"data":"Devotion","floor":41,"key":"SMITH"},{"floor":49,"key":"REST"}],"circlet_count":0,"master_deck":["ClearTheMind","Protect","ThirdEye","Sanctity","FlurryOfBlows","Vengeance","FearNoEvil","Consecrate","Vengeance+1","FearNoEvil","Halt","ClearTheMind","BowlingBash","EmptyBody","EmptyMind","CutThroughFate","ThirdEye","BowlingBash","FollowUp","Halt","SandsOfTime+1","FearNoEvil","CutThroughFate","PathToVictory","TalkToTheHand","ClearTheMind","Worship+1","FollowUp","EmptyMind","CarveReality","ClearTheMind","Nirvana","CutThroughFate","CrushJoints","Halt","CutThroughFate","ReachHeaven","PathToVictory","Protect","FlyingSleeves","Study","PathToVictory","Prostrate","PathToVictory","DeceiveReality","CutThroughFate","Conclude","Halt","Swivel","Indignation","MentalFortress+1","BattleHymn","Wallop","Prostrate","DeceiveReality","TalkToTheHand","Devotion+1","Pray+1","Adaptation","SandsOfTime","Prostrate","Vault","FlurryOfBlows+1","LessonLearned","InnerPeace+1","Flash of Steel","MentalFortress+1","BattleHymn+1"],"relics":["PureWater","LetterFromLob","Bag of Preparation","Regal Pillow","Mummified Hand","Pocketwatch","Ancient Tea Set","DemoMod:WaxWing","Anchor","DemoMod:ClearGuonStone","Mercury Hourglass","Ice Cream","HornCleat","DemoMod:Bottle","DemoMod:GreenGuonStone","MutagenicStrength","Sozu","Lizard Tail","War Paint","DemoMod:Metronome","Darkstone Periapt","Dead Branch","Boot","DemoMod:Relodestone"],"acts_visited":["Exordium","TheCity","TheBeyond"],"potions_floor_usage":[18,44,44],"damage_taken":[{"damage":10,"enemies":"Small Slimes","floor":1,"turns":3},{"damage":0,"enemies":"Jaw Worm","floor":3,"turns":2},{"damage":32,"enemies":"Gremlin Nob","floor":6,"turns":4},{"damage":18,"enemies":"Lagavulin","floor":7,"turns":5},{"damage":10,"enemies":"3 Sentries","floor":11,"turns":5},{"damage":0,"enemies":"Cultist","floor":12,"turns":3},{"damage":0,"enemies":"Lagavulin","floor":13,"turns":3},{"damage":6,"enemies":"Lots of Slimes","floor":14,"turns":3},{"damage":0,"enemies":"Slime Boss","floor":16,"turns":4},{"damage":16,"enemies":"Spheric Guardian","floor":18,"turns":5},{"damage":0,"enemies":"3 Byrds","floor":19,"turns":6},{"damage":3,"enemies":"Book of Stabbing","floor":24,"turns":5},{"damage":0,"enemies":"Snecko","floor":27,"turns":4},{"damage":0,"enemies":"Gremlin Leader","floor":28,"turns":5},{"damage":2,"enemies":"Book of Stabbing","floor":29,"turns":6},{"damage":0,"enemies":"Chosen and Byrds","floor":31,"turns":7},{"damage":12,"enemies":"Automaton","floor":33,"turns":7},{"damage":0,"enemies":"Orb Walker","floor":35,"turns":5},{"damage":8,"enemies":"3 Shapes","floor":36,"turns":5},{"damage":0,"enemies":"Nemesis","floor":40,"turns":9},{"damage":5,"enemies":"Reptomancer","floor":44,"turns":5},{"damage":0,"enemies":"Giant Head","floor":47,"turns":6},{"damage":15,"enemies":"Nemesis","floor":48,"turns":5},{"damage":25,"enemies":"Time Eater","floor":50,"turns":11}],"seed_played":"-4388098555046818604","potions_obtained":[{"floor":7,"key":"Explosive Potion"},{"floor":11,"key":"Explosive Potion"},{"floor":12,"key":"SteroidPotion"},{"floor":16,"key":"BottledMiracle"},{"floor":27,"key":"SkillPotion"},{"floor":28,"key":"BlessingOfTheForge"}],"is_trial":false,"path_per_floor":["M","$","M","?","?","E","E","R","T","R","E","M","E","M","R","B",null,"M","M","?","$","$","E","E","?","T","M","E","E","?","M","R","B",null,"M","M","$","?","$","E","R","$","T","E","?","$","E","E","R","B",null,null],"character_chosen":"WATCHER","items_purchased":["MentalFortress","DemoMod:ClearGuonStone","Adaptation","DemoMod:WeirdEgg","Lizard Tail","Flash of Steel"],"campfire_rested":4,"item_purchase_floors":[2,21,22,22,37,39],"current_hp_per_floor":[62,62,62,62,62,30,12,48,48,48,38,38,38,32,68,68,72,56,56,56,56,56,56,53,53,53,53,53,51,51,51,72,60,72,72,64,64,64,64,64,64,64,64,59,71,71,71,56,72,57,57],"gold":131,"neow_bonus":"","is_daily":true,"chose_seed":false,"campfire_upgraded":2,"win_rate":0.0,"timestamp":1608821789,"path_taken":["M","$","M","?","?","E","E","R","T","R","E","?","?","M","R","BOSS","M","?","?","$","$","E","E","?","T","?","E","?","?","M","R","BOSS","M","M","$","?","$","E","R","$","T","?","?","?","?","?","R","BOSS"],"items_purchased_type":["Card","Relic","Card","Relic","Relic","Card"],"build_version":"2020-12-22","purchased_purges":0,"victory":true,"max_hp_per_floor":[72,72,72,72,72,72,72,72,72,72,72,72,72,72,72,72,72,72,72,72,72,72,72,72,72,72,72,72,72,72,72,72,72,72,72,72,72,72,72,72,72,72,72,72,72,72,72,72,72,72,72],"card_choices":[{"not_picked":["Crescendo","SashWhip"],"picked":"Indignation","floor":1},{"not_picked":["Halt","FollowUp","WindmillStrike"],"picked":"SKIP","floor":3},{"not_picked":["LikeWater","WheelKick"],"picked":"BattleHymn","floor":6},{"not_picked":["Protect","Consecrate","CutThroughFate"],"picked":"SKIP","floor":7},{"not_picked":["Tantrum","Indignation"],"picked":"Wallop","floor":11},{"not_picked":["Consecrate","Alpha"],"picked":"Prostrate","floor":12},{"not_picked":["FlurryOfBlows","JustLucky"],"picked":"DeceiveReality","floor":13},{"not_picked":["Evaluate","Collect"],"picked":"TalkToTheHand","floor":14},{"not_picked":["ConjureBlade","Wish"],"picked":"Devotion","floor":16},{"not_picked":["FlyingSleeves","CrushJoints"],"picked":"Pray+1","floor":18},{"not_picked":["BowlingBash","Prostrate","ReachHeaven"],"picked":"SKIP","floor":19},{"not_picked":["Wireheading","JustLucky+1"],"picked":"SandsOfTime","floor":24},{"not_picked":["Evaluate+1","Consecrate+1"],"picked":"Prostrate","floor":27},{"not_picked":["EmptyBody","FollowUp"],"picked":"Vault","floor":28},{"not_picked":["FearNoEvil","PathToVictory"],"picked":"FlurryOfBlows+1","floor":29},{"not_picked":["Halt","Crescendo","Meditate"],"picked":"SKIP","floor":31},{"not_picked":["Omniscience","Vault"],"picked":"LessonLearned","floor":33},{"not_picked":["Wallop","ThirdEye","EmptyBody+1"],"picked":"SKIP","floor":35},{"not_picked":["WindmillStrike","BowlingBash"],"picked":"InnerPeace+1","floor":36},{"not_picked":["JustLucky","WreathOfFlame","BowlingBash+1"],"picked":"SKIP","floor":40},{"not_picked":["PathToVictory","SandsOfTime"],"picked":"MentalFortress+1","floor":44},{"not_picked":["Fasting2+1","Halt"],"picked":"BattleHymn+1","floor":47},{"not_picked":["FlyingSleeves+1","Conclude","FollowUp"],"picked":"SKIP","floor":48}],"player_experience":166432,"relics_obtained":[{"floor":1,"key":"LetterFromLob"},{"floor":6,"key":"Bag of Preparation"},{"floor":7,"key":"Regal Pillow"},{"floor":9,"key":"Mummified Hand"},{"floor":11,"key":"Pocketwatch"},{"floor":13,"key":"Ancient Tea Set"},{"floor":24,"key":"Ice Cream"},{"floor":26,"key":"HornCleat"},{"floor":28,"key":"DemoMod:Bottle"},{"floor":29,"key":"DemoMod:GreenGuonStone"},{"floor":40,"key":"DemoMod:Metronome"},{"floor":43,"key":"Darkstone Periapt"},{"floor":44,"key":"Dead Branch"},{"floor":47,"key":"Boot"},{"floor":48,"key":"DemoMod:Relodestone"}],"event_choices":[{"damage_healed":0,"gold_gain":0,"player_choice":"Grow","damage_taken":0,"max_hp_gain":0,"max_hp_loss":0,"event_name":"Living Wall","floor":5,"gold_loss":0,"cards_upgraded":["MentalFortress"]},{"damage_healed":0,"gold_gain":0,"player_choice":"Opened","damage_taken":0,"relics_obtained":["Anchor"],"max_hp_gain":0,"max_hp_loss":0,"event_name":"The Mausoleum","floor":20,"gold_loss":0},{"damage_healed":0,"gold_gain":99,"player_choice":"Stole From Cult","damage_taken":0,"max_hp_gain":0,"max_hp_loss":0,"event_name":"Nest","floor":25,"gold_loss":0},{"damage_healed":0,"gold_gain":0,"player_choice":"Inject Mutagens","damage_taken":0,"relics_obtained":["MutagenicStrength"],"max_hp_gain":0,"max_hp_loss":0,"event_name":"Drug Dealer","floor":30,"gold_loss":0},{"damage_healed":0,"gold_gain":0,"player_choice":"Paid Gold","damage_taken":0,"relics_obtained":["War Paint"],"max_hp_gain":0,"max_hp_loss":0,"event_name":"WeMeetAgain","floor":38,"gold_loss":93}],"is_beta":false,"boss_relics":[{"not_picked":["SacredBark","Runic Pyramid"],"picked":"DemoMod:WaxWing"},{"not_picked":["HolyWater","Velvet Choker"],"picked":"Sozu"}],"items_purged_floors":[],"is_endless":false,"potions_floor_spawned":[7,11,12,14,16,27,28,36,40,48],"ascension_level":0}}