{"host":"anox4050deqdcqoh","time":1608832537,"event":{"mods":["BaseMod","Colored Map","Minty Spire (QoL Compilation)","Quick Restart"],"gold_per_floor":[109,124,124,137,137,168,187,187,210,210,222,240,240,250,250,352,352,366,119,131,131,151,177,177,189,189,189,289,317,331,67,67,164,164,183,134,150,150,150],"floor_reached":38,"playtime":3267,"items_purged":[],"score":418,"play_id":"13b83cab-60a7-41a4-9bed-2675b9c4b3ee","local_time":"20201224125537","is_ascension_mode":false,"campfire_choices":[{"floor":8,"key":"RECALL"},{"floor":10,"key":"REST"},{"data":"Zap","floor":13,"key":"SMITH"},{"data":"Capacitor","floor":15,"key":"SMITH"},{"floor":24,"key":"REST"},{"floor":27,"key":"REST"},{"floor":32,"key":"REST"}],"circlet_count":0,"master_deck":["Strike_B","Strike_B","Strike_B","Strike_B+1","Defend_B","Defend_B","Defend_B","Defend_B","Zap+1","Dualcast+1","Chaos","Aggregate","Conserve Battery","BootSequence","Glacier","Capacitor+1","Multi-Cast","Sweeping Beam","Reinforced Body","Barrage","Conserve Battery+1","Sunder+1","Steam","Self Repair","Doom and Gloom+1","Go for the Eyes+1","Creative AI","Stack","Defragment","Amplify","Loop"],"relics":["Cracked Core","PreservedInsect","Anchor","Omamori","Calling Bell","Happy Flower","HornCleat","Girya","Runic Capacitor","Whetstone","TungstenRod","InkBottle","Oddly Smooth Stone","Frozen Eye","SlaversCollar"],"acts_visited":["Exordium","TheCity","TheBeyond"],"potions_floor_usage":[28,28,29,33,38,38],"damage_taken":[{"damage":18,"enemies":"Jaw Worm","floor":1,"turns":3},{"damage":0,"enemies":"Small Slimes","floor":2,"turns":3},{"damage":1,"enemies":"Cultist","floor":4,"turns":3},{"damage":12,"enemies":"Gremlin Nob","floor":6,"turns":4},{"damage":0,"enemies":"Large Slime","floor":7,"turns":7},{"damage":1,"enemies":"2 Fungi Beasts","floor":11,"turns":3},{"damage":0,"enemies":"Blue Slaver","floor":12,"turns":3},{"damage":0,"enemies":"Red Slaver","floor":14,"turns":3},{"damage":39,"enemies":"The Guardian","floor":16,"turns":14},{"damage":12,"enemies":"Shell Parasite","floor":18,"turns":13},{"damage":5,"enemies":"2 Thieves","floor":20,"turns":4},{"damage":8,"enemies":"Snecko","floor":22,"turns":6},{"damage":30,"enemies":"Slavers","floor":23,"turns":5},{"damage":26,"enemies":"Cultist and Chosen","floor":25,"turns":11},{"damage":0,"enemies":"Colosseum Slavers","floor":28,"turns":4},{"damage":15,"enemies":"Colosseum Nobs","floor":28,"turns":4},{"damage":19,"enemies":"Book of Stabbing","floor":29,"turns":8},{"damage":0,"enemies":"Shelled Parasite and Fungi","floor":30,"turns":7},{"damage":16,"enemies":"Collector","floor":33,"turns":14},{"damage":0,"enemies":"Orb Walker","floor":35,"turns":4},{"damage":19,"enemies":"3 Shapes","floor":37,"turns":4},{"damage":85,"enemies":"2 Orb Walkers","floor":38,"turns":6}],"seed_played":"-1146701888220770443","potions_obtained":[{"floor":2,"key":"PotionOfCapacity"},{"floor":4,"key":"Strength Potion"},{"floor":12,"key":"PotionOfCapacity"},{"floor":25,"key":"Strength Potion"},{"floor":28,"key":"Swift Potion"},{"floor":33,"key":"SpeedPotion"},{"floor":35,"key":"Swift Potion"}],"is_trial":false,"path_per_floor":["M","M","?","M","?","E","M","R","T","R","M","M","R","M","R","B",null,"M","$","M","?","M","E","R","M","T","R","?","E","M","$","R","B",null,"M","$","M","?"],"character_chosen":"DEFECT","items_purchased":["Runic Capacitor","Reinforced Body","Barrage","Defragment","Frozen Eye","Block Potion","Weak Potion"],"campfire_rested":4,"item_purchase_floors":[19,19,19,31,31,31,36],"current_hp_per_floor":[57,57,62,61,61,49,49,49,49,73,72,72,72,72,72,33,80,68,68,63,63,55,25,49,30,30,54,46,34,41,41,65,49,80,80,80,61,0,0],"gold":150,"neow_bonus":"RANDOM_COMMON_RELIC","is_daily":false,"chose_seed":false,"campfire_upgraded":2,"win_rate":0.0,"timestamp":1608832537,"path_taken":["M","M","?","M","?","E","M","R","T","R","M","M","R","M","R","BOSS","M","$","?","?","M","E","R","M","T","R","?","E","M","$","R","BOSS","M","$","M","?"],"items_purchased_type":["Relic","Card","Card","Card","Relic","Potion","Potion"],"build_version":"2020-12-22","purchased_purges":0,"victory":false,"max_hp_per_floor":[75,75,80,80,80,80,80,80,80,80,80,80,80,80,80,80,80,80,80,80,80,80,80,80,80,80,80,80,80,80,80,80,80,80,80,80,80,80,80],"card_choices":[{"not_picked":["Gash","Static Discharge"],"picked":"Conserve Battery","floor":1},{"not_picked":["Stack","Storm"],"picked":"Sweeping Beam","floor":2},{"not_picked":["Reprogram","Skim"],"picked":"Chaos","floor":4},{"not_picked":["Cold Snap","Beam Cell"],"picked":"Aggregate","floor":6},{"not_picked":["Sweeping Beam","Redo"],"picked":"Conserve Battery","floor":7},{"not_picked":["Rip and Tear","Streamline"],"picked":"BootSequence","floor":11},{"not_picked":["Recycle","Conserve Battery"],"picked":"Glacier","floor":12},{"not_picked":["Reprogram","White Noise"],"picked":"Capacitor","floor":14},{"not_picked":["Hyperbeam","Fission"],"picked":"Multi-Cast","floor":16},{"not_picked":["Redo","FTL"],"picked":"Sweeping Beam","floor":18},{"not_picked":["Genetic Algorithm+1","Turbo+1"],"picked":"Conserve Battery+1","floor":20},{"not_picked":["Rebound","Ball Lightning","Steam"],"picked":"SKIP","floor":22},{"not_picked":["Aggregate","Redo+1"],"picked":"Self Repair","floor":23},{"not_picked":["Scrape","Turbo"],"picked":"Doom and Gloom+1","floor":25},{"not_picked":["Streamline","Coolheaded"],"picked":"Go for the Eyes+1","floor":28},{"not_picked":["Turbo","Hologram"],"picked":"Creative AI","floor":29},{"not_picked":["Reinforced Body+1","Streamline"],"picked":"Stack","floor":30},{"not_picked":["Hyperbeam","Thunder Strike"],"picked":"Amplify","floor":33},{"not_picked":["Beam Cell","Capacitor+1","Rebound"],"picked":"SKIP","floor":35},{"not_picked":["Ball Lightning","Redo"],"picked":"Loop","floor":37}],"player_experience":170571,"relics_obtained":[{"floor":6,"key":"Anchor"},{"floor":9,"key":"Omamori"},{"floor":17,"key":"Happy Flower"},{"floor":17,"key":"HornCleat"},{"floor":17,"key":"Girya"},{"floor":23,"key":"Whetstone"},{"floor":28,"key":"TungstenRod"},{"floor":28,"key":"InkBottle"},{"floor":29,"key":"Oddly Smooth Stone"}],"event_choices":[{"damage_healed":0,"gold_gain":0,"player_choice":"Donut","damage_taken":0,"max_hp_gain":5,"max_hp_loss":0,"event_name":"Big Fish","floor":3,"gold_loss":0},{"damage_healed":0,"gold_gain":0,"player_choice":"Forge","damage_taken":0,"max_hp_gain":0,"max_hp_loss":0,"event_name":"Accursed Blacksmith","floor":5,"gold_loss":0,"cards_upgraded":["Dualcast"]},{"damage_healed":0,"gold_gain":0,"cards_transformed":["Conserve Battery","Sweeping Beam"],"player_choice":"Became Test Subject","damage_taken":0,"max_hp_gain":0,"max_hp_loss":0,"event_name":"Drug Dealer","floor":21,"gold_loss":0,"cards_obtained":["Sunder","Steam"]},{"damage_healed":0,"gold_gain":0,"player_choice":"Fight","damage_taken":0,"max_hp_gain":0,"max_hp_loss":0,"event_name":"Colosseum","floor":28,"gold_loss":0},{"damage_healed":0,"gold_gain":0,"player_choice":"Fought Nobs","damage_taken":0,"max_hp_gain":0,"max_hp_loss":0,"event_name":"Colosseum","floor":28,"gold_loss":0},{"damage_healed":0,"gold_gain":0,"player_choice":"Fight","damage_taken":0,"max_hp_gain":0,"max_hp_loss":0,"event_name":"Mysterious Sphere","floor":38,"gold_loss":0}],"is_beta":false,"boss_relics":[{"not_picked":["Tiny House","Snecko Eye"],"picked":"Calling Bell"},{"not_picked":["FrozenCore","Nuclear Battery"],"picked":"SlaversCollar"}],"items_purged_floors":[],"is_endless":false,"potions_floor_spawned":[2,4,12,14,16,18,22,25,28,33,35],"killed_by":"2 Orb Walkers","ascension_level":0}}