{"host":"ci7ivtocgfxh0ueo","time":1608849070,"event":{"mods":["BaseMod","GifTheSpireLib","Minty Spire (QoL Compilation)","StSLib"],"gold_per_floor":[111,124,84,84,153,153,167,167,190,219,232,247,247,262,262,339,339,359,359,374,21,34,34,34,34,86,86,86],"floor_reached":27,"playtime":748,"items_purged":[],"score":398,"play_id":"26be2ce3-2cb0-4610-9d32-a0a5164891ee","local_time":"20201225063110","is_ascension_mode":true,"campfire_choices":[{"data":"Sucker Punch","floor":6,"key":"SMITH"},{"data":"Neutralize","floor":8,"key":"SMITH"},{"data":"Distraction","floor":15,"key":"SMITH"},{"floor":23,"key":"REST"},{"data":"Venomology","floor":25,"key":"SMITH"}],"circlet_count":0,"master_deck":["AscendersBane","Strike_G","Strike_G+1","Strike_G","Strike_G","Defend_G","Defend_G","Defend_G","Defend_G","Defend_G","Survivor+1","Neutralize+1","PiercingWail","Predator","Tactician","Sucker Punch+1","Distraction+1","Crippling Poison","Predator","Poisoned Stab","Venomology+1","Tactician","Underhanded Strike","Dash"],"relics":["Ring of the Serpent","Oddly Smooth Stone","Pen Nib","Meat on the Bone","ClockworkSouvenir","MealTicket"],"acts_visited":["Exordium","TheCity"],"potions_floor_usage":[10,12,16,18,18,20,22,24,27,27],"damage_taken":[{"damage":10,"enemies":"Cultist","floor":1,"turns":5},{"damage":0,"enemies":"2 Louse","floor":2,"turns":4},{"damage":3,"enemies":"Jaw Worm","floor":7,"turns":4},{"damage":28,"enemies":"Lagavulin","floor":10,"turns":7},{"damage":1,"enemies":"Blue Slaver","floor":11,"turns":3},{"damage":2,"enemies":"3 Louse","floor":12,"turns":3},{"damage":4,"enemies":"Lots of Slimes","floor":14,"turns":6},{"damage":20,"enemies":"The Guardian","floor":16,"turns":11},{"damage":24,"enemies":"Shell Parasite","floor":18,"turns":6},{"damage":34,"enemies":"Chosen","floor":20,"turns":8},{"damage":12,"enemies":"3 Cultists","floor":22,"turns":3},{"damage":0,"enemies":"Shelled Parasite and Fungi","floor":24,"turns":1},{"damage":42,"enemies":"Book of Stabbing","floor":27,"turns":5}],"seed_played":"-638434064705205565","potions_obtained":[{"floor":1,"key":"CultistPotion"},{"floor":2,"key":"DistilledChaos"},{"floor":11,"key":"Fire Potion"},{"floor":16,"key":"SkillPotion"},{"floor":19,"key":"Block Potion"},{"floor":19,"key":"SteroidPotion"}],"is_trial":false,"path_per_floor":["M","M","$","?","?","R","M","R","T","E","M","M","?","M","R","B",null,"M","?","M","$","M","R","M","R","T","E"],"character_chosen":"THE_SILENT","items_purchased":["Tactician","ClockworkSouvenir","Dash","SmokeBomb"],"campfire_rested":1,"item_purchase_floors":[3,21,21,21],"current_hp_per_floor":[49,49,49,49,49,49,46,46,46,18,29,39,19,27,27,19,54,42,42,20,20,20,39,39,39,39,0,0],"gold":86,"neow_bonus":"RANDOM_COMMON_RELIC","is_daily":false,"chose_seed":false,"campfire_upgraded":4,"win_rate":0.0,"timestamp":1608849070,"path_taken":["M","M","$","?","?","R","M","R","T","E","?","M","?","M","R","BOSS","M","?","?","$","M","R","M","R","T","E"],"items_purchased_type":["Card","Relic","Card","Potion"],"build_version":"2020-12-22","purchased_purges":0,"victory":false,"max_hp_per_floor":[66,66,66,66,66,66,66,66,66,66,66,66,66,66,66,66,66,66,66,66,66,66,66,66,66,66,66,66],"card_choices":[{"not_picked":["Concentrate","Flechettes"],"picked":"PiercingWail","floor":1},{"not_picked":["Blade Dance","Catalyst"],"picked":"Predator","floor":2},{"not_picked":["Dagger Spray","Quick Slash"],"picked":"Distraction","floor":7},{"not_picked":["Concentrate","Predator","Night Terror"],"picked":"SKIP","floor":10},{"not_picked":["Outmaneuver","Deflect"],"picked":"Crippling Poison","floor":11},{"not_picked":["Dagger Spray","PiercingWail"],"picked":"Predator","floor":12},{"not_picked":["Acrobatics","Slice"],"picked":"Poisoned Stab","floor":14},{"not_picked":["Tools of the Trade","Storm of Steel"],"picked":"Venomology","floor":16},{"not_picked":["Dagger Spray","Reflex+1"],"picked":"Tactician","floor":18},{"not_picked":["Dodge and Roll","Calculated Gamble"],"picked":"Underhanded Strike","floor":20},{"not_picked":["Acrobatics","PiercingWail","Sucker Punch"],"picked":"SKIP","floor":22}],"player_experience":1297107,"relics_obtained":[{"floor":9,"key":"Pen Nib"},{"floor":10,"key":"Meat on the Bone"},{"floor":26,"key":"MealTicket"}],"event_choices":[{"damage_healed":0,"gold_gain":0,"cards_transformed":["Strike_G"],"player_choice":"Change","damage_taken":0,"max_hp_gain":0,"max_hp_loss":0,"event_name":"Living Wall","floor":4,"gold_loss":0,"cards_obtained":["Sucker Punch"]},{"damage_healed":0,"gold_gain":69,"player_choice":"Gained Gold","damage_taken":0,"max_hp_gain":0,"max_hp_loss":0,"event_name":"Golden Wing","floor":5,"gold_loss":0},{"damage_healed":0,"gold_gain":0,"player_choice":"Entered Light","damage_taken":20,"max_hp_gain":0,"max_hp_loss":0,"event_name":"Shining Light","floor":13,"gold_loss":0,"cards_upgraded":["Strike_G","Survivor"]},{"damage_healed":0,"gold_gain":0,"player_choice":"Got Potions","damage_taken":0,"max_hp_gain":0,"max_hp_loss":0,"event_name":"Lab","floor":19,"gold_loss":0}],"is_beta":false,"boss_relics":[{"not_picked":["Empty Cage","Philosopher\u0027s Stone"],"picked":"Ring of the Serpent"}],"items_purged_floors":[],"is_endless":false,"potions_floor_spawned":[1,2,11,16,22,24],"killed_by":"Book of Stabbing","ascension_level":17}}