{"host":"ye7dkdlypz0ka1od","time":1608778022,"event":{"mods":["Act Like it!","Aspiration","BaseMod","Better Third Choice","Gensokyo","Hallownest","Hubris","Infinite Spire","Marisa????????","Minty Spire (QoL Compilation)","Replay The Spire","StSLib","The Runesmith"],"gold_per_floor":[111,36,52,52,52,52,71,71,71,87,37,37,106,117,117,215,315,330,346,346,34,48,48,67,67,119,135,155,155,170,203,203,312,312,351,351,391,391,391,443,487,487,511,511,511,511,511,511,511,649,649,703,752,373,373,373,373,401,401,449,461,506,518,530,562,574,700,712,768,740,808,663,675,750,762,774,786,798,880,892,904,971,983,1120,1132,1224,1320,1332,1344,1435,1562,1574,1586,1647,1535,1659,1764,1894,1894,1894,2100,2100,2235,2380,2380,2537,2694,2694,2884,2884,2938,3143,3018,3018,2943,2943,2943,3226,3226,3432,3432,3505,3739,3983,4236,4516,4516,4541,4855,4855,4855,4855,4855,4855,5247,5247,5589,5589,5949,6171,6171,6171,6591,6591,6591,6591,6591,6351,6383,6059,6059,6529,6579,6579,6434,6870,7382],"floor_reached":158,"playtime":12609,"items_purged":["Strike_R","Strike_R","Bash","Demon Form+1","Feed+1","Defend_R+1","Deadly Poison","Envenom","Pot Of Greed+1","Writhe","Dual Wield+1"],"score":4375,"play_id":"178378f6-7726-4768-918c-2e1004d01e45","local_time":"20201223214702","is_ascension_mode":false,"campfire_choices":[{"data":"Body Slam","floor":6.0,"key":"SMITH"},{"data":"Entrench","floor":12.0,"key":"SMITH"},{"data":"Dual Wield","floor":23.0,"key":"SMITH"},{"floor":32.0,"key":"REST"},{"data":"Body Slam","floor":42.0,"key":"SMITH"},{"data":"Demon Form","floor":44.0,"key":"SMITH"},{"floor":49,"key":"REST"},{"data":"ReplayReversal","floor":57,"key":"SMITH"},{"data":"Barricade","floor":59,"key":"SMITH"},{"floor":64,"key":"REST"},{"floor":66,"key":"REST"},{"data":"Shrug It Off","floor":75,"key":"SMITH"},{"data":"infinitespire:Collect","floor":78,"key":"SMITH"},{"data":"infinitespire:TheBestDefense","floor":83,"key":"SMITH"},{"data":"1","floor":100,"key":"LIFT"},{"data":"Shrug It Off","floor":108,"key":"SMITH"},{"data":"Secret Technique","floor":110,"key":"SMITH"},{"data":"Pot Of Greed","floor":127,"key":"SMITH"},{"floor":130,"key":"DIG"},{"floor":134,"key":"DIG"},{"data":"Hallownest:skillGreenpathMap","floor":142,"key":"SMITH"},{"data":"Gensokyo:Dawn","floor":147,"key":"SMITH"},{"data":"2","floor":151,"key":"LIFT"},{"data":"infinitespire:FutureSight","floor":154,"key":"SMITH"}],"circlet_count":0,"master_deck":["Body Slam+1","Entrench+1","Shrug It Off+1","hubris:ReadiedAction+1","Body Slam+1","Shrug It Off+1","ReplayReversal+1","Barricade+1","infinitespire:Collect+1","Offering+1","infinitespire:TheBestDefense+1","StarBarrage","infinitespire:FutureSight+1","Secret Technique+1","Pot Of Greed+1","Pot Of Greed+1","infinitespire:Execution","Hallownest:skillGreenpathMap+1","Gensokyo:Dawn+1","infinitespire:Fortify+1","Flash of Steel","ManaRampage+1","ConjureBlade"],"relics":["Burning Blood","Runesmith:BrokenRuby","Happy Flower","Replay:Wanted Poster","Nloth\u0027s Gift","hubris:Zylophone","aspiration:HiddenCompartment","Empty Cage","Runesmith:AutoHammer","Enchiridion","hubris:DeckOfHolding","infinitespire:EvilPickle","aspiration:PoetsPen_weak","aspiration:HiddenCompartment","Simple Rune","Black Star","ClockworkSouvenir","Medical Kit","hubris:ChampionShield","hubris:Towel","MawBank","hubris:ToyBattleship","Pondfish Scales","Gensokyo:LunaticRedEyes","Bird Faced Urn","WingedGreaves","Another Sword","Replay:Drink Me","PrismaticShard","Durian","infinitespire:Lucky Rock","ReplayTheSpireMod:Ninjato","Replay:Bottled Steam","Centennial Puzzle","Potion Belt","aspiration:SneckoTail","aspiration:MarisaSkillbook","hubris:Icosahedron","ReplayTheSpireMod:Lightbulb","Blue Doll","Omamori","Girya","Oddly Smooth Stone","hubris:MedicalManual","Darkstone Periapt","Lantern","Juzu Bracelet","hubris:HollowSoul","hubris:TenFootPole","Replay:Accelerometer","Grinning Jar","hubris:TinFlute","hubris:MysteriousPyramids","Shuriken","Replay:Grab Bag","Abe\u0027s Treasure","Mark of Pain","infinitespire:Burning Sword","hubris:ScarierMask","Red Mask","Matryoshka","Replay:Multitool","Pet Ghost","hubris:SlimyHat","Bag of Preparation","War Paint","Bag of Marbles","Replay:Bottled Eggs","Replay:PocketPolymizer","Replay:Bronze Core","ReplayTheSpireMod:Spearhead","aspiration:FetidBarrel","Replay:Bottled Flurry","Bottled Tornado","Girya","infinitespire:Satchel","Tiny House","Chemical X","Garlic","Strawberry"],"acts_visited":["Exordium","TheCity","TheBeyond","TheBeyond","Gensokyo:Gensokyo","TheBeyond","TheBeyond","Hallownest:Greenpath","TheBeyond","TheEnding"],"potions_floor_usage":[50,62,98,118,157,157,157],"damage_taken":[{"damage":4.0,"enemies":"2 Louse","floor":1.0,"turns":3.0},{"damage":12.0,"enemies":"Small Slimes","floor":3.0,"turns":3.0},{"damage":0.0,"enemies":"Cultist","floor":7.0,"turns":2.0},{"damage":0.0,"enemies":"Looter","floor":10.0,"turns":3.0},{"damage":0.0,"enemies":"2 Fungi Beasts","floor":14.0,"turns":4.0},{"damage":4.0,"enemies":"Fading Forest","floor":16.0,"turns":11.0},{"damage":9.0,"enemies":"Shell Parasite","floor":18.0,"turns":5.0},{"damage":13.0,"enemies":"Chosen","floor":19.0,"turns":5.0},{"damage":10.0,"enemies":"3 Cultists","floor":22.0,"turns":4.0},{"damage":0.0,"enemies":"Snake Plant","floor":24.0,"turns":1.0},{"damage":0.0,"enemies":"Shelled Parasite and Fungi","floor":27.0,"turns":3.0},{"damage":0.0,"enemies":"3 Cultists","floor":28.0,"turns":6.0},{"damage":29.0,"enemies":"Snake Plant","floor":30.0,"turns":5.0},{"damage":13.0,"enemies":"Nightmare","floor":31.0,"turns":6.0},{"damage":52.0,"enemies":"Pondfish","floor":33.0,"turns":7.0},{"damage":8.0,"enemies":"Orb Walker","floor":35.0,"turns":2.0},{"damage":7.0,"enemies":"3 Shapes","floor":37.0,"turns":6.0},{"damage":0.0,"enemies":"Giant Head","floor":40.0,"turns":5.0},{"damage":29.0,"enemies":"3 Darklings","floor":41.0,"turns":4.0},{"damage":20,"enemies":"Awakened One","floor":50,"turns":5},{"damage":0,"enemies":"Gensokyo:Gryphon","floor":52,"turns":2},{"damage":0,"enemies":"Gensokyo:2_Kodama","floor":53,"turns":1},{"damage":1,"enemies":"Gensokyo:Python","floor":58,"turns":2},{"damage":85,"enemies":"Nightmare","floor":62,"turns":7},{"damage":16,"enemies":"Gensokyo:Cirno","floor":65,"turns":5},{"damage":7,"enemies":"Gensokyo:Yukari","floor":67,"turns":4},{"damage":0,"enemies":"Gensokyo:2_Gloops","floor":69,"turns":2},{"damage":0,"enemies":"Gensokyo:AngelMirror","floor":71,"turns":1},{"damage":6,"enemies":"Nightmare","floor":74,"turns":2},{"damage":4,"enemies":"Gensokyo:Reisen","floor":79,"turns":1},{"damage":4,"enemies":"Gensokyo:Slime_Group","floor":82,"turns":1},{"damage":6,"enemies":"Gensokyo:Kaguya","floor":84,"turns":3},{"damage":7,"enemies":"3 Shapes","floor":86,"turns":2},{"damage":6,"enemies":"Orb Walker","floor":87,"turns":2},{"damage":10,"enemies":"Maw","floor":90,"turns":2},{"damage":6,"enemies":"R_Hoarder","floor":91,"turns":1},{"damage":6,"enemies":"Nightmare","floor":96,"turns":1},{"damage":0,"enemies":"Writhing Mass","floor":97,"turns":2},{"damage":0,"enemies":"Giant Head","floor":98,"turns":1},{"damage":1,"enemies":"Donu and Deca","floor":101,"turns":1},{"damage":6,"enemies":"2_ Uuma","floor":103,"turns":2},{"damage":16,"enemies":"Hallownest:monsterHuskGuard","floor":104,"turns":1},{"damage":0,"enemies":"Hallownest:2_Baldur","floor":106,"turns":1},{"damage":7,"enemies":"Hallownest:2_Tiktiks_1_Baldur_1_Crawlid","floor":107,"turns":3},{"damage":6,"enemies":"Hallownest:eliteVengeflyKing","floor":109,"turns":2},{"damage":6,"enemies":"Hallownest:eliteCrystalGuardian","floor":112,"turns":1},{"damage":0,"enemies":"Hallownest:BossBrokenVessel","floor":118,"turns":1},{"damage":0,"enemies":"Hallownest:3_Youths","floor":120,"turns":2},{"damage":6,"enemies":"Hallownest:2_Mistakes","floor":123,"turns":1},{"damage":0,"enemies":"Hallownest:monsterMisterMushroom","floor":124,"turns":2},{"damage":5,"enemies":"Nightmare_Alpha","floor":125,"turns":4},{"damage":0,"enemies":"Hallownest:3_Mistakes","floor":126,"turns":2},{"damage":6,"enemies":"Hallownest:Nosk","floor":129,"turns":1},{"damage":0,"enemies":"infinitespire:LordOfFortification","floor":135,"turns":2},{"damage":6,"enemies":"Orb Walker","floor":137,"turns":2},{"damage":6,"enemies":"3 Shapes","floor":139,"turns":2},{"damage":6,"enemies":"R_Hoarder","floor":143,"turns":2},{"damage":6,"enemies":"Mind Bloom Boss Battle","floor":149,"turns":2},{"damage":6,"enemies":"infinitespire:LordOfFortification","floor":152,"turns":2},{"damage":6,"enemies":"Shield and Spear","floor":156,"turns":1},{"damage":0,"enemies":"The Heart","floor":157,"turns":5}],"seed_played":"5204317011567081956","potions_obtained":[{"floor":7.0,"key":"AttackPotion"},{"floor":13.0,"key":"Energy Potion"},{"floor":13.0,"key":"Block Potion"},{"floor":18.0,"key":"PowerPotion"},{"floor":28.0,"key":"ColorlessPotion"},{"floor":31.0,"key":"Energy Potion"},{"floor":35.0,"key":"SkillPotion"},{"floor":39.0,"key":"Fruit Juice"},{"floor":39.0,"key":"Milkshake"},{"floor":41.0,"key":"PowerPotion"},{"floor":50,"key":"Elixir"},{"floor":67,"key":"Explosive Potion"},{"floor":79,"key":"Milkshake"},{"floor":86,"key":"Swift Potion"},{"floor":103,"key":"Energy Potion"},{"floor":107,"key":"Milkshake"},{"floor":124,"key":"PowerPotion"},{"floor":137,"key":"Ancient Potion"},{"floor":157,"key":"Energy Potion"}],"is_trial":false,"path_per_floor":["M","$","M","?","?","R","M","?","T","M","?","R","?","M","R","B",null,"M","M","?","$","M","R","M","AVR","T","M","M","?","M","NM","R","B",null,"M","?","M","?","?","E","M","R","T","R","AVR","?","$","?","R","B",null,"M","M","COS","T","?","R","M","R","T","?","NM","?","R","E","R","B",null,"M","?","M","COS","T","NM","R","?","T","R","E","AVR","$","M","R","B",null,"M","M","?","?","M","E","T","AVR","T","$","NM","M","E","?","R","B",null,"M","M","?","M","M","R","E","R","T","E","$","?","?","AVR","R","B",null,"M","?","T","M","M","NM","M","R","T","E","R","?","AVR","?","R","B",null,"M","?","M","?","?","R","E","?","T","?","R","$","?","$","R","B",null,"R","$","E","B",null],"character_chosen":"IRONCLAD","items_purchased":["hubris:Zylophone","StarBarrage","ManaRampage+1","infinitespire:Satchel","Chemical X"],"campfire_rested":4,"item_purchase_floors":[21,95,148,150,155],"current_hp_per_floor":[80,80,74,74,58,58,64,64,64,70,70,70,70,76,56,68,80,80,76,76,76,75,75,81,81,81,90,95,79,59,52,81,35,98,99,96,98,98,103,104,81,81,81,81,81,81,81,81,104,93,107,110,110,110,110,110,110,110,110,110,110,31,31,64,54,87,100,83,83,83,83,83,88,88,88,88,88,88,88,88,88,88,88,88,88,91,96,96,96,100,100,100,100,100,100,100,100,100,100,100,100,100,100,94,94,100,100,100,100,100,100,100,100,88,88,88,88,96,100,100,100,100,100,100,100,100,100,100,100,100,100,100,98,98,100,100,100,100,100,100,106,106,106,101,101,101,101,101,105,105,105,106,111,111,111,118,118],"gold":7382,"neow_bonus":"NOSTALGIA","is_daily":false,"chose_seed":false,"campfire_upgraded":16,"win_rate":0.0,"timestamp":1608778022,"path_taken":["M","$","M","?","?","R","M","?","T","?","?","R","?","M","R","BOSS","M","M","?","?","M","R","M","AVR","T","M","M","?","M","NM","R","BOSS","M","?","M","?","?","E","?","R","T","R","AVR","?","$","?","R","BOSS","M","M","COS","?","?","R","M","R","T","?","NM","?","R","E","R","BOSS","M","?","M","COS","?","NM","R","?","T","R","E","AVR","?","?","R","BOSS","M","M","?","?","M","E","?","AVR","T","$","NM","?","E","?","R","BOSS","M","M","?","M","M","R","E","R","T","E","$","?","?","AVR","R","BOSS","M","?","?","M","M","NM","M","R","T","E","R","?","AVR","?","R","BOSS","M","?","M","?","?","R","E","?","T","?","R","?","?","$","R","BOSS","R","$","E","BOSS"],"items_purchased_type":["Relic","Card","Card","Relic","Relic"],"build_version":"2020-12-22","purchased_purges":11,"victory":true,"max_hp_per_floor":[80,80,80,80,80,80,80,80,80,80,80,80,80,80,80,80,80,83,86,86,86,89,89,89,89,89,92,95,95,98,98,98,98,98,101,96,99,99,104,104,104,104,104,104,104,104,104,104,104,107,107,110,110,110,110,110,110,110,110,110,110,110,110,110,110,110,110,83,83,83,83,83,88,88,88,88,88,88,88,88,88,88,88,88,88,92,96,96,96,100,100,100,100,100,100,100,100,100,100,100,100,100,100,100,100,100,100,100,100,100,100,100,100,100,100,100,100,100,100,100,100,100,100,100,100,100,100,100,100,100,100,100,100,100,100,100,100,100,100,100,106,106,106,106,106,106,106,106,106,106,106,106,111,111,111,118,118],"card_choices":[{"not_picked":["Uppercut","Anger"],"picked":"Dual Wield","floor":1.0},{"not_picked":["Clash","Heavy Blade"],"picked":"Body Slam","floor":3.0},{"not_picked":["ReplayTheSpireMod:Corrosion Curse","Perfected Strike"],"picked":"Entrench","floor":7.0},{"not_picked":["Burning Pact","Carnage"],"picked":"Shrug It Off","floor":10.0},{"not_picked":["Heavy Blade","Sword Boomerang"],"picked":"Demon Form","floor":13.0},{"not_picked":["Flex","Headbutt"],"picked":"hubris:ReadiedAction","floor":14.0},{"not_picked":["Replay:Fractal Strike","infinitespire:FinalStrike"],"picked":"ReplayTheSpireMod:??????????????????????","floor":15.0},{"not_picked":["Corruption","Eclipse"],"picked":"Feed","floor":16.0},{"not_picked":["Thunderclap","Spot Weakness","Infernal Blade"],"picked":"SKIP","floor":18.0},{"not_picked":["ReplayReversal","ReplayTheSpireMod:LeadingStrike+1","True Grit"],"picked":"SKIP","floor":19.0},{"not_picked":["Power Through","Clothesline","Corruption"],"picked":"SKIP","floor":22.0},{"not_picked":["Heavy Blade","hubris:SharpeningStone","Headbutt+1"],"picked":"SKIP","floor":24.0},{"not_picked":["Clothesline","Disarm","Sword Boomerang+1"],"picked":"SKIP","floor":27.0},{"not_picked":["Rage","Warcry+1","ReplayTheSpireMod:LeadingStrike"],"picked":"SKIP","floor":28.0},{"not_picked":["True Grit","Corruption"],"picked":"hubris:SharpeningStone+1","floor":30.0},{"not_picked":["Shockwave","Armaments","hubris:ReadiedAction"],"picked":"SKIP","floor":31.0},{"not_picked":["Dual Wield+1","Fire Breathing+1"],"picked":"ReplayTheSpireMod:Stacked","floor":35.0},{"not_picked":["ReplayTheSpireMod:Strike From Hell+1","Clothesline+1"],"picked":"Body Slam","floor":37.0},{"not_picked":["ReplayTheSpireMod:Strike From Hell+1","Sever Soul"],"picked":"Berserk","floor":40.0},{"not_picked":["Body Slam","Life Link","Perfected Strike"],"picked":"SKIP","floor":41.0},{"not_picked":["ReplayTheSpireMod:Corrosion Curse","hubris:ReadiedAction"],"picked":"Shrug It Off","floor":52},{"not_picked":["Cleave","Corruption"],"picked":"ReplayReversal","floor":53},{"not_picked":["ReplayTheSpireMod:Strike From Hell","Heavy Blade"],"picked":"Barricade","floor":58},{"not_picked":["hubris:Fate","infinitespire:Gouge"],"picked":"infinitespire:Collect","floor":62},{"not_picked":["Brutality","Warcry","Seeing Red"],"picked":"SKIP","floor":62},{"not_picked":["ReplayTheSpireMod:Muscle Training","ReplayTheSpireMod:LeadingStrike"],"picked":"Berserk","floor":65},{"not_picked":["Brutality","Double Tap"],"picked":"Offering","floor":67},{"not_picked":["Flex","Headbutt","Rage"],"picked":"SKIP","floor":69},{"not_picked":["Replay:Undeath\u0027s Touch","Rupture","Dual Wield"],"picked":"SKIP","floor":71},{"not_picked":["BigCrunch","EscapeVelocity","Feel No Pain"],"picked":"SKIP","floor":74},{"not_picked":["BigCrunch","EscapeVelocity","Feel No Pain"],"picked":"SKIP","floor":74},{"not_picked":["Runesmith:CraftProtectio","Steam Power","DoubleSpark"],"picked":"SKIP","floor":79},{"not_picked":["Armaments","EnergyRecoil+1","Coolheaded"],"picked":"SKIP","floor":82},{"not_picked":["EnergyFlow+1","Runesmith:Firestorm","Crescendo","Pommel Strike"],"picked":"SKIP","floor":86},{"not_picked":["SporeBomb","Alpha","IllusionStar","Replay:Vibes+1"],"picked":"SKIP","floor":87},{"not_picked":["Acceleration","Blind+1","hubris:SlightOfHand","Demonic Infusion"],"picked":"SKIP","floor":90},{"not_picked":["ReplayTheSpireMod:Scrap Shanks+1","Feed","EmptyBody","GalacticHalo+1"],"picked":"SKIP","floor":91},{"not_picked":["ReplayTheSpireMod:Black Plague","infinitespire:Oblivion"],"picked":"infinitespire:FutureSight","floor":96},{"not_picked":["Rebound","infinitespire:OneForAll","Bludgeon","Perseverance"],"picked":"SKIP","floor":96},{"not_picked":["Metallicize+1","Beam Cell","Runesmith:OneForEveryone+1","Runesmith:ArcReactor"],"picked":"SKIP","floor":97},{"not_picked":["Perseverance+1","ReplayTheSpireMod:Muscle Training+1","Blind","RefractionSpark+1"],"picked":"SKIP","floor":98},{"not_picked":["Die Die Die","Armaments","ReplayTheSpireMod:Calculation Training","PiercingWail"],"picked":"SKIP","floor":103},{"not_picked":["Replay:ManipulateFuture","Panic Button","Reckless Charge","Runesmith:HammerAndChisel"],"picked":"SKIP","floor":104},{"not_picked":["AsteroidBelt","SporeBomb","Rip and Tear"],"picked":"Crow Ritual","floor":106},{"not_picked":["Deadly Poison","Evaluate","hubris:Ukulele","Flying Knee"],"picked":"SKIP","floor":107},{"not_picked":["WitchOfGreed","hubris:Ssssneak","Body Slam"],"picked":"Secret Technique","floor":109},{"not_picked":["Poisoned Stab","Adaptation","Runesmith:Accelerate","Dodge and Roll"],"picked":"SKIP","floor":112},{"not_picked":["ReplayTheSpireMod:Black Plague","Replay:Fractal Strike"],"picked":"infinitespire:Execution","floor":114},{"not_picked":["Brilliance","Berserk","Secret Weapon"],"picked":"Gensokyo:Dawn","floor":118},{"not_picked":["Replay:Undeath\u0027s Touch","Acrobatics","ReplayTheSpireMod:Uncanny Aura","Barrage"],"picked":"SKIP","floor":120},{"not_picked":["NonDirectionalLaser","ReplayTheSpireMod:Tripwire","Twin Strike","Steam"],"picked":"SKIP","floor":123},{"not_picked":["Runesmith:CraftProtectio","Barrage","Inflame+1","Battle Trance"],"picked":"SKIP","floor":124},{"not_picked":["Replay:Fractal Strike","infinitespire:Punishment"],"picked":"infinitespire:Fortify","floor":125},{"not_picked":["Study+1","Runesmith:CraftProtectio","Chrysalis","SporeBomb+1"],"picked":"SKIP","floor":125},{"not_picked":["Runesmith:MakeshiftArmor+1","Runesmith:ChiselStab+1","IllusionStar+1","FlyingSleeves"],"picked":"SKIP","floor":126},{"not_picked":["ReplayRNGCard","Runesmith:Reinforce","JustLucky","Swivel"],"picked":"SKIP","floor":129},{"not_picked":["Hologram+1","Redo+1","Defragment+1","ReplayTheSpireMod:The Works+1"],"picked":"SKIP","floor":137},{"not_picked":["Runesmith:CraftVitae+1","Runesmith:Reinforce","Rebound+1","CutThroughFate+1"],"picked":"SKIP","floor":139},{"not_picked":["Clothesline+1","Runesmith:UnstableHammer","Sadistic Nature","BinaryStars"],"picked":"SKIP","floor":143},{"not_picked":["Trip","Transmutation","Enlightenment"],"picked":"Flash of Steel","floor":144},{"not_picked":["Dagger Throw+1","Gensokyo:MorningStar","DC","ThirdEye+1"],"picked":"SKIP","floor":156},{"not_picked":["Reboot","Gensokyo:UnhurriedMind","Replay:Bag of Tricks"],"picked":"ConjureBlade","floor":157}],"player_experience":1387922,"relics_obtained":[{"floor":9.0,"key":"Happy Flower"},{"floor":26.0,"key":"Runesmith:AutoHammer"},{"floor":29.0,"key":"Enchiridion"},{"floor":31.0,"key":"hubris:DeckOfHolding"},{"floor":40.0,"key":"aspiration:HiddenCompartment"},{"floor":43.0,"key":"Simple Rune"},{"floor":55,"key":"hubris:ChampionShield"},{"floor":60,"key":"MawBank"},{"floor":62,"key":"hubris:ToyBattleship"},{"floor":62,"key":"Pondfish Scales"},{"floor":65,"key":"Bird Faced Urn"},{"floor":65,"key":"WingedGreaves"},{"floor":73,"key":"Durian"},{"floor":74,"key":"infinitespire:Lucky Rock"},{"floor":74,"key":"ReplayTheSpireMod:Ninjato"},{"floor":77,"key":"Replay:Bottled Steam"},{"floor":79,"key":"Centennial Puzzle"},{"floor":79,"key":"Potion Belt"},{"floor":91,"key":"ReplayTheSpireMod:Lightbulb"},{"floor":91,"key":"Blue Doll"},{"floor":92,"key":"Omamori"},{"floor":94,"key":"Oddly Smooth Stone"},{"floor":96,"key":"hubris:MedicalManual"},{"floor":96,"key":"Darkstone Periapt"},{"floor":98,"key":"Lantern"},{"floor":98,"key":"Juzu Bracelet"},{"floor":109,"key":"hubris:TenFootPole"},{"floor":109,"key":"Replay:Accelerometer"},{"floor":111,"key":"Grinning Jar"},{"floor":112,"key":"hubris:TinFlute"},{"floor":112,"key":"hubris:MysteriousPyramids"},{"floor":122,"key":"Matryoshka"},{"floor":125,"key":"Replay:Multitool"},{"floor":125,"key":"Pet Ghost"},{"floor":128,"key":"hubris:SlimyHat"},{"floor":128,"key":"Bag of Preparation"},{"floor":129,"key":"War Paint"},{"floor":129,"key":"Bag of Marbles"},{"floor":130,"key":"Replay:Bottled Eggs"},{"floor":134,"key":"Replay:PocketPolymizer"},{"floor":143,"key":"ReplayTheSpireMod:Spearhead"},{"floor":143,"key":"aspiration:FetidBarrel"},{"floor":145,"key":"Replay:Bottled Flurry"},{"floor":145,"key":"Bottled Tornado"},{"floor":149,"key":"Girya"},{"floor":156,"key":"Garlic"},{"floor":156,"key":"Strawberry"}],"event_choices":[{"damage_healed":74.0,"max_hp_gain":0.0,"max_hp_loss":80.0,"gold_gain":0.0,"event_name":"betterThird:BetterShining","player_choice":"Upgrade","floor":5.0,"gold_loss":0.0,"damage_taken":16.0,"cards_upgraded":["Defend_R","Defend_R"]},{"cards_removed":["Strike_R"],"damage_healed":0.0,"max_hp_gain":0.0,"max_hp_loss":0.0,"gold_gain":0.0,"event_name":"Purifier","player_choice":"Purged","floor":8.0,"gold_loss":0.0,"damage_taken":0.0},{"cards_removed":["Strike_R"],"damage_healed":0.0,"max_hp_gain":0.0,"max_hp_loss":0.0,"gold_gain":0.0,"event_name":"The Cleric","player_choice":"Card Removal","floor":11.0,"gold_loss":50.0,"damage_taken":0.0},{"damage_healed":0.0,"max_hp_gain":0.0,"max_hp_loss":0.0,"gold_gain":0.0,"event_name":"N\u0027loth","player_choice":"Traded Relic","floor":20.0,"relics_lost":["aspiration:Nostalgia"],"gold_loss":0.0,"damage_taken":0.0,"relics_obtained":["Nloth\u0027s Gift"]},{"damage_healed":0.0,"max_hp_gain":0.0,"max_hp_loss":0.0,"gold_gain":0.0,"event_name":"Cursed Tome","player_choice":"Obtained Book","floor":29.0,"gold_loss":0.0,"damage_taken":16.0},{"damage_healed":0.0,"max_hp_gain":0.0,"max_hp_loss":5.0,"gold_gain":0.0,"event_name":"Winding Halls","player_choice":"Max HP","floor":36.0,"gold_loss":0.0,"damage_taken":0.0},{"damage_healed":0.0,"max_hp_gain":0.0,"max_hp_loss":0.0,"gold_gain":0.0,"event_name":"Lab","player_choice":"Got Potions","floor":39.0,"gold_loss":0.0,"damage_taken":0.0},{"cards_removed":["Defend_R"],"damage_healed":0,"gold_gain":0,"player_choice":"Purged","damage_taken":0,"max_hp_gain":0,"max_hp_loss":0,"event_name":"Purifier","floor":48,"gold_loss":0},{"damage_healed":0,"gold_gain":0,"player_choice":"Ignored","damage_taken":0,"max_hp_gain":0,"max_hp_loss":0,"event_name":"Tomb of Lord Red Mask","floor":88,"gold_loss":0},{"damage_healed":25,"gold_gain":0,"player_choice":"Writhe","damage_taken":0,"max_hp_gain":0,"max_hp_loss":0,"event_name":"Winding Halls","floor":99,"gold_loss":0,"cards_obtained":["Writhe"]},{"damage_healed":0,"gold_gain":222,"player_choice":"Wore Mask","damage_taken":0,"max_hp_gain":0,"max_hp_loss":0,"event_name":"Tomb of Lord Red Mask","floor":140,"gold_loss":0},{"damage_healed":25,"gold_gain":0,"player_choice":"Writhe","damage_taken":0,"max_hp_gain":0,"max_hp_loss":0,"event_name":"Winding Halls","floor":141,"gold_loss":0,"cards_obtained":["Writhe"]},{"damage_healed":0,"gold_gain":0,"player_choice":"Memory 3","damage_taken":10,"max_hp_gain":0,"max_hp_loss":0,"event_name":"SensoryStone","floor":144,"gold_loss":0},{"cards_removed":["Berserk"],"damage_healed":0,"gold_gain":0,"player_choice":"Removed Power","damage_taken":0,"max_hp_gain":0,"max_hp_loss":0,"event_name":"Falling","floor":146,"gold_loss":0},{"damage_healed":0,"gold_gain":0,"player_choice":"Fight","damage_taken":0,"max_hp_gain":0,"max_hp_loss":0,"event_name":"MindBloom","floor":149,"gold_loss":0}],"is_beta":false,"boss_relics":[{"not_picked":["hubris:TerracottaHorce","Ectoplasm"],"picked":"Replay:Wanted Poster"},{"not_picked":["hubris:RunicObelisk","hubris:GrandSneckoEye"],"picked":"aspiration:PoetsPen_weak"},{"not_picked":["Snecko Eye","Ring of Chaos"],"picked":"Black Star"},{"not_picked":["Honey Jar","Pandora\u0027s Box"],"picked":"Replay:Drink Me"},{"not_picked":["aspiration:RunicSpoon","Cursed Key"],"picked":"aspiration:MarisaSkillbook"},{"not_picked":["Runic Pyramid","Kintsugi"],"picked":"hubris:HollowSoul"},{"not_picked":["SacredBark","hubris:BlackHole"],"picked":"Replay:Grab Bag"},{"not_picked":["Runic Dome","aspiration:FutureDiary"],"picked":"Abe\u0027s Treasure"},{"not_picked":["Coffee Dripper","Sozu"],"picked":"Mark of Pain"},{"not_picked":["ReplayTheSpireMod:SealedPack","hubris:Stopwatch"],"picked":"infinitespire:Burning Sword"},{"not_picked":["Black Blood","Astrolabe"],"picked":"hubris:ScarierMask"},{"not_picked":["Velvet Choker","Philosopher\u0027s Stone"],"picked":"Replay:Bronze Core"},{"not_picked":["Fusion Hammer","Painkiller Herb"],"picked":"Tiny House"}],"items_purged_floors":[2,25,45,80,93,95,113,116,132,148,150],"is_endless":true,"potions_floor_spawned":[7,18,28,31,35,41,50,58,67,71,79,86,87,98,103,107,109,112,124,129,135,137,139,157],"ascension_level":0}}