{"host":"o3b7ow6d1xe49css","time":1608798882,"event":{"mods":["Act Like it!","Aspiration","BaseMod","Bestiary","Better Altar","Better Match","Better Note","Better Sensory Stone","Better Skull","Better Third Choice","Colored Powertips","Conspire","Energized Spire","Force Act Four","GifTheSpireLib","Halation","Hermit","Hubris","Infinite Spire","Lobotomy","Minty Spire (QoL Compilation)","Quick Restart","Replay The Spire","Spicy Shops","Spikes Relics","StSLib","Stuff the Spire","The Blue Laboratory","Wandering Minibosses","vexMod"],"gold_per_floor":[113,132,142,156,170,197,197,222,222,19,19,19,19,19],"floor_reached":13,"playtime":423,"items_purged":[],"score":150,"play_id":"eaf8c6e3-ad71-4486-af6f-3abe2953fc7b","local_time":"20201223233442","daily_mods":["Heirloom","Flight","Elite Swarm"],"is_ascension_mode":true,"campfire_choices":[{"floor":7,"key":"REST"},{"data":"Scrawl","floor":12,"key":"SMITH"}],"circlet_count":0,"master_deck":["Strike_P","Strike_P","Strike_P","Strike_P","Defend_P","Defend_P","Defend_P","Defend_P","Eruption","Vigilance","Indignation","UniverseFragment","FearNoEvil","OldLady","Crescendo","Mercenary","Scrawl+1","Vault+1","OSAHOGD","FlurryOfBlows"],"relics":["PureWater","Ring of Chaos","SuspiciousGoo","CogitoBucket","vexMod:CardConverter","Snack Pack","Shuriken"],"acts_visited":["Exordium"],"potions_floor_usage":[13],"damage_taken":[{"damage":0,"enemies":"Cultist","floor":1,"turns":2},{"damage":0,"enemies":"conspire:RoseBush","floor":2,"turns":3},{"damage":16,"enemies":"Small Slimes","floor":3,"turns":3},{"damage":29,"enemies":"Exordium Thugs","floor":4,"turns":5},{"damage":0,"enemies":"Large Slime","floor":5,"turns":3},{"damage":9,"enemies":"Lagavulin","floor":6,"turns":7},{"damage":0,"enemies":"Gremlin Nob","floor":8,"turns":2},{"damage":12,"enemies":"3 Sentries","floor":13,"turns":2}],"seed_played":"-739997291863643314","potions_obtained":[{"floor":4,"key":"Elixir"},{"floor":8,"key":"ColorlessPotion"}],"is_trial":true,"path_per_floor":["M","M","M","M","M","E","R","E","T","$","?","R","E"],"character_chosen":"WATCHER","items_purchased":["FlurryOfBlows","Shuriken"],"campfire_rested":1,"item_purchase_floors":[10,10],"current_hp_per_floor":[72,72,56,27,27,20,42,46,46,48,48,48,38,38],"gold":19,"neow_bonus":"","is_daily":false,"chose_seed":false,"campfire_upgraded":1,"win_rate":0.0,"timestamp":1608798882,"path_taken":["M","M","M","M","?","E","R","E","T","$","?","R","E"],"items_purchased_type":["Card","Relic"],"build_version":"2020-12-22","purchased_purges":0,"victory":false,"max_hp_per_floor":[72,72,72,72,72,74,74,78,78,80,80,80,80,80],"card_choices":[{"not_picked":["Prostrate","EmptyBody","InnerPeace"],"picked":"SKIP","floor":1},{"not_picked":["Wellcheers","OSAHOGD","SingingMachine"],"picked":"Singing Bowl","floor":2},{"not_picked":["Perseverance","Vengeance"],"picked":"Indignation","floor":2},{"not_picked":["BigBird","Wellcheers"],"picked":"UniverseFragment","floor":3},{"not_picked":["FlyingSleeves","PathToVictory","FearNoEvil"],"picked":"SKIP","floor":3},{"not_picked":["FlyingSleeves","PathToVictory"],"picked":"FearNoEvil","floor":3},{"not_picked":["Bloodbath","PunishingBird"],"picked":"OldLady","floor":4},{"not_picked":["SignatureMove","Conclude","JustLucky"],"picked":"SKIP","floor":4},{"not_picked":["WallGazer","PunishingBird","ShyLook"],"picked":"Singing Bowl","floor":5},{"not_picked":["JustLucky","Fasting2"],"picked":"Crescendo","floor":5},{"not_picked":["WallGazer","FieryBird"],"picked":"Mercenary","floor":6},{"not_picked":["DeusExMachina","Judgement"],"picked":"Scrawl","floor":6},{"not_picked":["Wish","DeusExMachina"],"picked":"Vault","floor":8},{"not_picked":["CrumblingArmor","SpiderBud"],"picked":"OSAHOGD","floor":8}],"player_experience":1846676,"relics_obtained":[{"floor":6,"key":"vexMod:CardConverter"},{"floor":8,"key":"Snack Pack"}],"event_choices":[],"is_beta":false,"boss_relics":[],"items_purged_floors":[],"is_endless":false,"potions_floor_spawned":[4,8],"killed_by":"3 Sentries","ascension_level":5}}