{"host":"12piqfhmdln9x2la","time":1608815833,"event":{"mods":["2.2 Compatiblity","AchievementEnabler","BaseMod","BetterRewards","Colored Powertips","Minty Spire (QoL Compilation)","Quick Restart","SuperFastMode"],"gold_per_floor":[116,116,137,137,212,256,281,281,281,281,321,321,340,340,340],"floor_reached":14,"playtime":243,"items_purged":[],"score":135,"play_id":"8eeba6c2-2a2a-4d23-83ed-785d8a569d25","local_time":"20201224221713","is_ascension_mode":true,"campfire_choices":[{"floor":8,"key":"RECALL"},{"data":"Flex","floor":12,"key":"SMITH"}],"circlet_count":0,"master_deck":["Strike_R","Strike_R","Strike_R","Strike_R","Defend_R","Defend_R","Defend_R","Defend_R","Bash","Pommel Strike","Heavy Blade","Heavy Blade+1","Flex+1","Flex+1"],"relics":["Burning Blood","NeowsBlessing","Golden Idol","Molten Egg 2","Toxic Egg 2","The Courier","Nunchaku"],"acts_visited":["Exordium"],"potions_floor_usage":[11,14],"damage_taken":[{"damage":0,"enemies":"2 Louse","floor":1,"turns":1},{"damage":0,"enemies":"Small Slimes","floor":3,"turns":1},{"damage":0,"enemies":"Gremlin Nob","floor":6,"turns":1},{"damage":6,"enemies":"Cultist","floor":7,"turns":3},{"damage":36,"enemies":"3 Sentries","floor":11,"turns":6},{"damage":8,"enemies":"Blue Slaver","floor":13,"turns":2},{"damage":35,"enemies":"Lagavulin","floor":14,"turns":3}],"seed_played":"5331111475567524555","potions_obtained":[{"floor":6,"key":"DuplicationPotion"},{"floor":11,"key":"DuplicationPotion"}],"is_trial":false,"path_per_floor":["M","?","M","?","?","E","M","R","T","?","E","R","M","E"],"character_chosen":"IRONCLAD","items_purchased":[],"campfire_rested":0,"item_purchase_floors":[],"current_hp_per_floor":[80,60,66,59,48,54,54,54,54,54,24,24,22,0,0],"gold":340,"neow_bonus":"THREE_ENEMY_KILL","is_daily":false,"chose_seed":false,"campfire_upgraded":1,"win_rate":0.0,"timestamp":1608815833,"path_taken":["M","?","M","?","?","E","M","R","T","?","E","R","M","E"],"items_purchased_type":[],"build_version":"2020-12-22","purchased_purges":0,"victory":false,"max_hp_per_floor":[80,80,80,80,80,80,80,80,80,80,80,80,80,80,80],"card_choices":[{"not_picked":["Thunderclap","Rage"],"picked":"Pommel Strike","floor":1},{"not_picked":["Sentinel","Clash"],"picked":"Heavy Blade","floor":3},{"not_picked":["Thunderclap+1","Intimidate"],"picked":"Heavy Blade+1","floor":6},{"not_picked":["Havoc","Searing Blow+1"],"picked":"Flex","floor":7},{"not_picked":["Havoc+1","Shrug It Off+1","True Grit+1"],"picked":"SKIP","floor":11},{"not_picked":["Carnage+1","Battle Trance+1"],"picked":"Flex+1","floor":13}],"player_experience":116009,"relics_obtained":[{"floor":6,"key":"Molten Egg 2"},{"floor":9,"key":"Toxic Egg 2"},{"floor":11,"key":"Nunchaku"}],"event_choices":[{"damage_healed":0,"gold_gain":0,"player_choice":"Take Damage","damage_taken":20,"relics_obtained":["Golden Idol"],"max_hp_gain":0,"max_hp_loss":0,"event_name":"Golden Idol","floor":2,"gold_loss":0},{"cards_removed":["Strike_R"],"damage_healed":0,"gold_gain":0,"player_choice":"Card Removal","damage_taken":7,"max_hp_gain":0,"max_hp_loss":0,"event_name":"Golden Wing","floor":4,"gold_loss":0},{"damage_healed":0,"gold_gain":75,"player_choice":"Gather Gold","damage_taken":11,"max_hp_gain":0,"max_hp_loss":0,"event_name":"World of Goop","floor":5,"gold_loss":0},{"damage_healed":0,"gold_gain":0,"player_choice":"Searched \u00271\u0027 times","damage_taken":0,"relics_obtained":["The Courier"],"max_hp_gain":0,"max_hp_loss":0,"event_name":"Dead Adventurer","floor":10,"gold_loss":0}],"is_beta":false,"boss_relics":[],"items_purged_floors":[],"is_endless":false,"potions_floor_spawned":[6,11],"killed_by":"Lagavulin","ascension_level":2}}