{"host":"0rxdudjy6rylha1k","time":1608786541,"event":{"mods":["Aspiration","BaseMod","Colored Map","Colored Powertips","Downfall","Highlight Path","Hubris","Minty Spire (QoL Compilation)","StSLib"],"gold_per_floor":[99,119,119,30,46,46,97,22,42,71,71,71,71,85,103,204,204,204,267,368,368,408,408,408,534,459,636,636,127,52,68,97,222,222,222,289,340,481,481,583,607,661,789,689,790,790,790,790,1038,1038],"floor_reached":51,"playtime":4050,"items_purged":["Writhe"],"score":920,"play_id":"9ee24f84-418c-4e79-91a1-5709b7d722ab","local_time":"20201223220901","is_ascension_mode":true,"campfire_choices":[{"floor":1.0,"key":"RECALL"},{"data":"sneckomod:DiceBoulder","floor":8.0,"key":"SMITH"},{"data":"sneckomod:DiceBoulder+1","floor":12.0,"key":"SMITH"},{"data":"sneckomod:GlitteringGambit","floor":18.0,"key":"SMITH"},{"floor":23.0,"key":"REST"},{"floor":26.0,"key":"REST"},{"data":"sneckomod:UnlimitedRolls","floor":30.0,"key":"SMITH"},{"data":"sneckomod:DiceBoulder+2","floor":35,"key":"SMITH"},{"data":"sneckomod:UnknownRareSkill","floor":46,"key":"SMITH"}],"circlet_count":0,"master_deck":["sneckomod:Defend","sneckomod:Defend","sneckomod:TailWhip+1","sneckomod:SnekBite","sneckomod:Unknown+2","sneckomod:Unknown+1","sneckomod:DiceBlock","sneckomod:UnknownDexterity","sneckomod:DiceCrush","sneckomod:QuickBite","sneckomod:DiceBoulder+3","sneckomod:WideSting","sneckomod:QuickMove","Injury","sneckomod:UnknownUncommonPower","sneckomod:GlitteringGambit+1","sneckomod:SlitherStrike+1","sneckomod:Nope","sneckomod:DiceBlock","sneckomod:SerpentIdol","Bite+1","Bite+1","Bite+1","Bite+1","Bite+1","sneckomod:UnlimitedRolls+1","sneckomod:UnknownVulnerable","expansioncontent:YouAreMine","sneckomod:UnknownVulnerable","sneckomod:UnknownRareSkill+1","sneckomod:DiceBlock+1","sneckomod:WideSting+1","sneckomod:UnknownDexterity","sneckomod:UnknownRareAttack+1","Parasite","sneckomod:UnknownColorless"],"relics":["sneckomod:SneckoSoul","Bronze Scales","downfall:HeartBlessingRed","hubris:OldNail","Molten Egg 2","hubris:Icosahedron","hubris:ScarierMask","Mango","downfall:HeartBlessingBlue","Guardian:PocketSentry","Toolbox","aspiration:Lifesprig","downfall:HeartBlessingGreen","Runic Pyramid","Akabeko","aspiration:StickyExplosives_weak","aspiration:HummingbirdHeart"],"acts_visited":["Exordium","TheCity","TheBeyond"],"potions_floor_usage":[32,33,33,38,43,43,45],"damage_taken":[{"damage":6.0,"enemies":"2 Louse","floor":2.0,"turns":2.0},{"damage":0.0,"enemies":"downfall:FleeingMerchant","floor":4.0,"turns":4.0},{"damage":6.0,"enemies":"Cultist","floor":5.0,"turns":3.0},{"damage":6.0,"enemies":"Jaw Worm","floor":9.0,"turns":4.0},{"damage":6.0,"enemies":"Gremlin Nob","floor":10.0,"turns":3.0},{"damage":0.0,"enemies":"2 Fungi Beasts","floor":14.0,"turns":2.0},{"damage":12.0,"enemies":"Gremlin Gang","floor":15.0,"turns":4.0},{"damage":49.0,"enemies":"downfall:Silent","floor":16.0,"turns":8.0},{"damage":10.0,"enemies":"Chosen","floor":19.0,"turns":4.0},{"damage":26.0,"enemies":"Shell Parasite","floor":20.0,"turns":6.0},{"damage":42.0,"enemies":"Snecko","floor":22.0,"turns":5.0},{"damage":0.0,"enemies":"Centurion and Healer","floor":25.0,"turns":5.0},{"damage":34.0,"enemies":"Book of Stabbing","floor":27.0,"turns":5.0},{"damage":0.0,"enemies":"downfall:FleeingMerchant","floor":29.0,"turns":4.0},{"damage":0,"enemies":"3 Cultists","floor":31,"turns":3},{"damage":5,"enemies":"Shelled Parasite and Fungi","floor":32,"turns":3},{"damage":41,"enemies":"downfall:Ironclad","floor":33,"turns":5},{"damage":6,"enemies":"3 Darklings","floor":36,"turns":3},{"damage":12,"enemies":"3 Shapes","floor":37,"turns":4},{"damage":0,"enemies":"Maw","floor":38,"turns":5},{"damage":8,"enemies":"4 Shapes","floor":40,"turns":5},{"damage":8,"enemies":"Sphere and 2 Shapes","floor":42,"turns":2},{"damage":10,"enemies":"Reptomancer","floor":43,"turns":5},{"damage":12,"enemies":"Writhing Mass","floor":45,"turns":4},{"damage":0,"enemies":"Transient","floor":49,"turns":5},{"damage":8,"enemies":"downfall:Defect","floor":50,"turns":3}],"seed_played":"7136076340941398898","potions_obtained":[{"floor":2.0,"key":"FearPotion"},{"floor":14.0,"key":"ColorlessPotion"},{"floor":15.0,"key":"Dexterity Potion"},{"floor":16.0,"key":"Dexterity Potion"},{"floor":20.0,"key":"FearPotion"},{"floor":22.0,"key":"ColorlessPotion"},{"floor":33,"key":"SpeedPotion"},{"floor":40,"key":"hexamod:EctoCoolerPotion"},{"floor":42,"key":"LiquidMemories"},{"floor":43,"key":"sneckomod:MuddlingPotion"}],"is_trial":false,"path_per_floor":["R","M","?","$","M","?","T","R","M","E","?","R","?","M","M","B",null,"R","M","M","?","M","R","T","M","R","E","?","$","R","M","M","B",null,"R","M","M","M","?","M","T","M","E","NS","M","R","?","T","M","B",null],"character_chosen":"THE_SNECKO","items_purchased":["sneckomod:DiceCrush","sneckomod:QuickBite","Toolbox","aspiration:Lifesprig","sneckomod:UnknownVulnerable","BlessingOfTheForge","DistilledChaos","expansioncontent:YouAreMine"],"campfire_rested":2,"item_purchase_floors":[4,4,29,29,29,29,29,29],"current_hp_per_floor":[90,84,84,85,79,79,79,79,73,67,67,67,67,67,56,7,71,71,62,36,50,12,44,44,44,89,55,55,62,62,69,67,42,74,74,71,65,88,88,85,85,84,80,80,77,77,77,77,92,90],"gold":1038,"neow_bonus":"UPGRADE_CARD","is_daily":false,"chose_seed":false,"campfire_upgraded":6,"win_rate":0.0,"timestamp":1608786541,"path_taken":["R","M","?","?","M","?","T","R","M","E","?","R","?","M","M","BOSS","R","M","M","?","M","R","T","M","R","E","?","$","R","M","M","BOSS","R","M","M","M","?","?","T","M","E","NS","M","R","?","?","M","BOSS"],"items_purchased_type":["Card","Card","Relic","Relic","Card","Potion","Potion","Card"],"build_version":"2020-12-22","purchased_purges":1,"victory":true,"max_hp_per_floor":[90,90,90,91,91,91,91,91,91,91,91,91,91,91,92,92,92,92,93,93,107,107,107,107,107,117,117,81,82,82,83,83,84,84,84,84,84,89,89,90,90,91,91,91,91,91,91,91,92,92],"card_choices":[{"not_picked":["sneckomod:QuickMove","sneckomod:UnknownClassGREEN"],"picked":"sneckomod:DiceBlock","floor":2.0},{"not_picked":["sneckomod:DiceBlock","sneckomod:WideSting"],"picked":"sneckomod:UnknownDexterity","floor":4.0},{"not_picked":["sneckomod:UnknownClassTHE_CHAMP_GRAY","sneckomod:UnknownExhaust"],"picked":"sneckomod:DiceBoulder","floor":5.0},{"not_picked":["sneckomod:UnknownCommonSkill","sneckomod:UnknownClassTHE_CHAMP_GRAY"],"picked":"sneckomod:WideSting","floor":9.0},{"not_picked":["sneckomod:SoulDraw","sneckomod:UnknownWeak"],"picked":"sneckomod:QuickMove","floor":10.0},{"not_picked":["sneckomod:UnknownWeak","sneckomod:Unknown1Cost"],"picked":"sneckomod:MixItUp+1","floor":14.0},{"not_picked":["sneckomod:DiceBlock","sneckomod:Unknown1Cost"],"picked":"sneckomod:UnknownUncommonPower","floor":15.0},{"not_picked":["sneckomod:SerpentMind","sneckomod:Unknown3Cost"],"picked":"sneckomod:GlitteringGambit","floor":16.0},{"not_picked":["sneckomod:QuickBite+1","sneckomod:WideSting+1"],"picked":"sneckomod:UnknownUncommonAttack+1","floor":19.0},{"not_picked":["sneckomod:UnknownClassPURPLE","sneckomod:UnknownCommonSkill"],"picked":"sneckomod:SlitherStrike+1","floor":20.0},{"not_picked":["sneckomod:WideSting+1","sneckomod:SoulDraw+1"],"picked":"sneckomod:Nope","floor":22.0},{"not_picked":["sneckomod:WideSting+1","sneckomod:MasterEye"],"picked":"sneckomod:DiceBlock","floor":25.0},{"not_picked":["sneckomod:ImprovisedGuard","sneckomod:SoulDraw+1"],"picked":"sneckomod:SerpentIdol","floor":27.0},{"not_picked":["sneckomod:UnknownClassGUARDIAN+1","sneckomod:UnknownClassTHE_CHAMP_GRAY"],"picked":"sneckomod:UnlimitedRolls","floor":29.0},{"not_picked":["sneckomod:UnknownCommonSkill","sneckomod:MixItUp+1"],"picked":"sneckomod:UnknownVulnerable","floor":31},{"not_picked":["sneckomod:UnknownWeak","sneckomod:Unknown2Cost","sneckomod:UnknownUncommonSkill"],"picked":"SKIP","floor":32},{"not_picked":["sneckomod:SerpentMind","sneckomod:DangerNoodle+1"],"picked":"sneckomod:UnknownRareSkill","floor":33},{"not_picked":["sneckomod:UnknownCommonAttack+1","sneckomod:WideSting+1"],"picked":"sneckomod:DiceBlock+1","floor":36},{"not_picked":["sneckomod:WideSting+1","sneckomod:Unknown1Cost","sneckomod:SoulCleanse+1"],"picked":"SKIP","floor":37},{"not_picked":["sneckomod:IronFang+1","sneckomod:QuickMove+1"],"picked":"sneckomod:WideSting+1","floor":38},{"not_picked":["sneckomod:SerpentIdol+1","sneckomod:SnekBeam+1"],"picked":"sneckomod:UnknownDexterity","floor":40},{"not_picked":["sneckomod:Unknown0Cost","sneckomod:QuickBite+1"],"picked":"sneckomod:UnknownRareAttack+1","floor":42},{"not_picked":["sneckomod:UnknownStrike+1","sneckomod:DiceBlock+1","sneckomod:SoulRoll"],"picked":"SKIP","floor":43},{"not_picked":["sneckomod:WideSting+1","sneckomod:SoulRoll+1","sneckomod:IronFang+1"],"picked":"SKIP","floor":45},{"not_picked":["sneckomod:SnakeSap+1","sneckomod:UnknownClassSLIMEBOUND+1"],"picked":"sneckomod:UnknownColorless","floor":49}],"player_experience":2346795,"relics_obtained":[{"floor":7.0,"key":"Bronze Scales"},{"floor":10.0,"key":"hubris:OldNail"},{"floor":27.0,"key":"Guardian:PocketSentry"},{"floor":41,"key":"Akabeko"},{"floor":43,"key":"aspiration:StickyExplosives_weak"},{"floor":48,"key":"aspiration:HummingbirdHeart"}],"event_choices":[{"damage_healed":0.0,"max_hp_gain":0.0,"max_hp_loss":0.0,"gold_gain":0.0,"event_name":"Accursed Blacksmith","player_choice":"Forge","floor":3.0,"gold_loss":0.0,"damage_taken":0.0,"cards_upgraded":["sneckomod:Unknown"]},{"damage_healed":0.0,"max_hp_gain":0.0,"max_hp_loss":36.0,"gold_gain":0.0,"event_name":"Vampires","player_choice":"Became a vampire","floor":28.0,"gold_loss":0.0,"damage_taken":0.0,"cards_obtained":["Bite","Bite","Bite","Bite","Bite"]},{"cards_removed":["sneckomod:Defend"],"damage_healed":0,"gold_gain":0,"player_choice":"Removed Skill","damage_taken":0,"max_hp_gain":0,"max_hp_loss":0,"event_name":"Falling","floor":47,"gold_loss":0}],"is_beta":false,"boss_relics":[{"not_picked":["hubris:GrandSneckoEye","Sozu"],"picked":"hubris:ScarierMask"},{"not_picked":["hubris:RunicObelisk","Fusion Hammer"],"picked":"Runic Pyramid"}],"items_purged_floors":[29],"is_endless":false,"potions_floor_spawned":[2,14,15,16,20,22,33,40,42,43],"ascension_level":5}}