{"host":"f5gffvlv6a66yqkd","time":1608824555,"event":{"mods":["2.2 Compatiblity","BaseMod","Colored Map","DeckTracker","Keyboard Shortcuts","Minty Spire (QoL Compilation)","Permanent Neow","Quick Restart","Relic Stats","StSLib","SuperFastMode"],"gold_per_floor":[110,120,138,153,153,153,163,163,163,88,100,100,118,118,118,195,195,195,195,195,195,195,195,195,195,195,195,195,15,15,15,15,15,15,15,15,15,15,15],"floor_reached":38,"playtime":1104,"items_purged":["Strike_B","Strike_B"],"score":780,"play_id":"528fa605-70e6-44f2-b5b7-fb458d1d492e","local_time":"20201225004235","is_ascension_mode":true,"campfire_choices":[{"floor":6.0,"key":"REST"},{"data":"Defragment","floor":8.0,"key":"SMITH"},{"data":"Dualcast","floor":12.0,"key":"SMITH"},{"floor":15.0,"key":"REST"},{"data":"Defragment","floor":23.0,"key":"SMITH"},{"floor":25.0,"key":"REST"},{"data":"Rainbow","floor":27.0,"key":"SMITH"},{"data":"Zap","floor":32.0,"key":"SMITH"}],"circlet_count":0,"master_deck":["AscendersBane","Strike_B+1","Defend_B","Defend_B","Defend_B","Defend_B","Zap+1","Dualcast+1","Clumsy","Core Surge","Sweeping Beam","Genetic Algorithm+1","Leap","Defragment+1","Glacier","Barrage+1","Rainbow+1","Go for the Eyes+1","Defragment+1","Thunder Strike+1","Capacitor","Aggregate","Self Repair","White Noise","Reboot","Reboot","Recycle+1","Compile Driver+1"],"relics":["Cracked Core","Molten Egg 2","Ectoplasm","Question Card","Orichalcum","Meat on the Bone","SacredBark","Calipers"],"acts_visited":["Exordium","TheCity","TheBeyond"],"potions_floor_usage":[],"damage_taken":[{"damage":1.0,"enemies":"Cultist","floor":1.0,"turns":3.0},{"damage":0.0,"enemies":"Jaw Worm","floor":2.0,"turns":3.0},{"damage":3.0,"enemies":"2 Louse","floor":3.0,"turns":3.0},{"damage":14.0,"enemies":"Exordium Wildlife","floor":4.0,"turns":3.0},{"damage":1.0,"enemies":"Looter","floor":7.0,"turns":4.0},{"damage":19.0,"enemies":"Exordium Thugs","floor":11.0,"turns":5.0},{"damage":0.0,"enemies":"Red Slaver","floor":13.0,"turns":4.0},{"damage":19.0,"enemies":"The Guardian","floor":16.0,"turns":13.0},{"damage":12.0,"enemies":"Shell Parasite","floor":18.0,"turns":5.0},{"damage":0.0,"enemies":"Chosen","floor":19.0,"turns":5.0},{"damage":11.0,"enemies":"Snake Plant","floor":22.0,"turns":5.0},{"damage":19.0,"enemies":"Book of Stabbing","floor":24.0,"turns":6.0},{"damage":12.0,"enemies":"Chosen and Byrds","floor":28.0,"turns":7.0},{"damage":3.0,"enemies":"Centurion and Healer","floor":30.0,"turns":9.0},{"damage":30.0,"enemies":"3 Cultists","floor":31.0,"turns":6.0},{"damage":26.0,"enemies":"Automaton","floor":33.0,"turns":11.0},{"damage":3.0,"enemies":"3 Shapes","floor":35.0,"turns":7.0},{"damage":0.0,"enemies":"3 Darklings","floor":36.0,"turns":2.0},{"damage":89.0,"enemies":"2 Orb Walkers","floor":37.0,"turns":6.0},{"damage":48,"enemies":"Sphere and 2 Shapes","floor":38,"turns":3}],"seed_played":"-8879065007838297338","potions_obtained":[{"floor":1.0,"key":"PotionOfCapacity"},{"floor":2.0,"key":"GamblersBrew"},{"floor":16.0,"key":"Fruit Juice"},{"floor":19.0,"key":"Swift Potion"},{"floor":24.0,"key":"Energy Potion"},{"floor":30.0,"key":"Regen Potion"},{"floor":36.0,"key":"Regen Potion"}],"is_trial":false,"path_per_floor":["M","M","M","M","?","R","M","R","T","$","M","R","M","?","R","B",null,"M","M","?","?","M","R","E","R","T","R","M","$","M","M","R","B",null,"M","M","?","M"],"character_chosen":"DEFECT","items_purchased":["Self Repair"],"campfire_rested":3,"item_purchase_floors":[29],"current_hp_per_floor":[63,63,60,46,25,46,45,45,45,45,26,26,26,19,40,21,59,47,52,52,52,41,41,22,44,44,44,44,44,48,37,37,45,68,72,76,40,0,0],"gold":15,"neow_bonus":"THREE_RARE_CARDS","is_daily":false,"chose_seed":false,"campfire_upgraded":5,"win_rate":0.0,"timestamp":1608824555,"path_taken":["M","M","M","?","?","R","M","R","T","$","M","R","M","?","R","BOSS","M","M","?","?","?","R","E","R","T","R","M","?","M","M","R","BOSS","M","M","?","M"],"items_purchased_type":["Card"],"build_version":"2020-12-22","purchased_purges":2,"victory":false,"max_hp_per_floor":[71,71,71,71,71,71,71,71,71,71,71,71,71,71,71,71,71,71,76,76,76,76,76,76,76,76,76,76,76,76,76,76,76,76,76,76,76,76,76],"relic_stats":{"counters":[20,110],"Ectoplasm":267,"Orichalcum":[60],"Question Card":10,"obtain_stats":[{"Calipers":37,"SacredBark":34,"Molten Egg 2":9,"Ectoplasm":17,"Orichalcum":24,"Cracked Core":0,"Question Card":21,"Meat on the Bone":26},{"Calipers":19,"SacredBark":16,"Molten Egg 2":5,"Ectoplasm":8,"Orichalcum":12,"Cracked Core":0,"Question Card":10,"Meat on the Bone":12},{"Calipers":107,"SacredBark":92,"Molten Egg 2":16,"Ectoplasm":38,"Orichalcum":59,"Cracked Core":0,"Question Card":48,"Meat on the Bone":59}],"Meat on the Bone":48},"card_choices":[{"not_picked":["Seek","Multi-Cast"],"picked":"Core Surge","floor":0.0},{"not_picked":["Beam Cell","Coolheaded"],"picked":"Sweeping Beam","floor":1.0},{"not_picked":["Undo","Force Field"],"picked":"Genetic Algorithm","floor":2.0},{"not_picked":["Go for the Eyes","Rebound"],"picked":"Cold Snap","floor":3.0},{"not_picked":["Compile Driver","Sweeping Beam"],"picked":"Leap","floor":4.0},{"not_picked":["Streamline","Doom and Gloom"],"picked":"Defragment","floor":7.0},{"not_picked":["Barrage+1","Stack"],"picked":"Glacier","floor":11.0},{"not_picked":["Beam Cell+1","Recycle"],"picked":"Barrage+1","floor":13.0},{"not_picked":["Buffer","Hyperbeam+1"],"picked":"Rainbow","floor":16.0},{"not_picked":["Sunder+1","Cold Snap+1","Redo"],"picked":"SKIP","floor":18.0},{"not_picked":["Fusion+1","Reinforced Body"],"picked":"Go for the Eyes+1","floor":19.0},{"not_picked":["Doom and Gloom+1","Rebound+1","Turbo"],"picked":"Thunder Strike+1","floor":22.0},{"not_picked":["Hologram","Force Field","Cold Snap+1"],"picked":"Capacitor","floor":24.0},{"not_picked":["Heatsinks+1","Ball Lightning+1","Leap"],"picked":"Aggregate","floor":28.0},{"not_picked":["Redo","Go for the Eyes+1","Auto Shields"],"picked":"White Noise","floor":30.0},{"not_picked":["Cold Snap+1","Conserve Battery","Reprogram"],"picked":"Reboot","floor":31.0},{"not_picked":["Buffer","Hyperbeam+1","Amplify"],"picked":"Reboot","floor":33.0},{"not_picked":["Go for the Eyes+1","Hologram+1","Beam Cell+1"],"picked":"Recycle+1","floor":35.0},{"not_picked":["Stack","Cold Snap+1","Redo"],"picked":"Compile Driver+1","floor":36.0}],"player_experience":1480189,"relics_obtained":[{"floor":9.0,"key":"Molten Egg 2"},{"floor":24.0,"key":"Orichalcum"},{"floor":26.0,"key":"Meat on the Bone"},{"floor":37.0,"key":"Calipers"}],"event_choices":[{"damage_healed":0.0,"max_hp_gain":0.0,"max_hp_loss":0.0,"gold_gain":0.0,"event_name":"Shining Light","player_choice":"Entered Light","floor":5.0,"gold_loss":0.0,"damage_taken":21.0,"cards_upgraded":["Genetic Algorithm","Strike_B"]},{"cards_removed":["Strike_B"],"damage_healed":0.0,"max_hp_gain":0.0,"max_hp_loss":0.0,"gold_gain":0.0,"event_name":"Golden Wing","player_choice":"Card Removal","floor":14.0,"gold_loss":0.0,"damage_taken":7.0},{"damage_healed":0.0,"max_hp_gain":0.0,"max_hp_loss":0.0,"gold_gain":0.0,"event_name":"The Library","player_choice":"Read","floor":20.0,"gold_loss":0.0,"damage_taken":0.0,"cards_obtained":["Defragment"]},{"cards_removed":["Cold Snap"],"damage_healed":0.0,"max_hp_gain":0.0,"max_hp_loss":0.0,"gold_gain":0.0,"event_name":"WeMeetAgain","player_choice":"Gave Card","floor":21.0,"gold_loss":0.0,"damage_taken":0.0,"relics_obtained":["Question Card"]},{"damage_healed":0.0,"max_hp_gain":0.0,"max_hp_loss":0.0,"gold_gain":0.0,"event_name":"Mysterious Sphere","player_choice":"Fight","floor":37.0,"gold_loss":0.0,"damage_taken":0.0}],"is_beta":false,"boss_relics":[{"not_picked":["Empty Cage","Runic Dome"],"picked":"Ectoplasm"},{"not_picked":["Cursed Key","Black Star"],"picked":"SacredBark"}],"items_purged_floors":[10,29],"is_endless":false,"potions_floor_spawned":[1,2,16,19,24,30,36],"killed_by":"Sphere and 2 Shapes","ascension_level":20}}