{"host":"l66odvkqh04jpxx0","time":1608829586,"event":{"mods":["BaseMod","Colored Powertips","Conspire","Luminous","Minty Spire (QoL Compilation)","Replay The Spire","StSLib","The Construct","The Cursed","The Mystic","The Servant 0.9.4"],"gold_per_floor":[113,113,127,139,158,187,206,156,183,230,155,155,174,191,191,292,292,306,306,325,23,39,39],"floor_reached":22,"playtime":4589,"items_purged":["Defend_G","Doubt"],"score":188,"play_id":"cf0f54ee-5ebd-414d-8c8a-fc761f6b3102","local_time":"20201225010626","is_ascension_mode":false,"campfire_choices":[{"floor":15,"key":"DIG"}],"circlet_count":0,"master_deck":["Strike_G+1","Strike_G","Strike_G","Strike_G","Defend_G","Defend_G","Defend_G","Defend_G","Survivor","Neutralize","Dagger Throw+1","Terror+1","Endless Agony+1"],"relics":["Ring of the Snake","TungstenRod","Torii","Replay:Rubber Ducky","ReplayTheSpireMod:TigerMarble","Toxic Egg 2","Anchor","Fusion Hammer","conspire:GlowingRock","Membership Card","Whetstone"],"acts_visited":["Exordium","TheCity"],"potions_floor_usage":[14,16,16,22],"damage_taken":[{"damage":0,"enemies":"Jaw Worm","floor":1,"turns":6},{"damage":0,"enemies":"Cultist","floor":3,"turns":5},{"damage":0,"enemies":"Small Slimes","floor":4,"turns":4},{"damage":0,"enemies":"Looter","floor":5,"turns":4},{"damage":16,"enemies":"3 Sentries","floor":6,"turns":12},{"damage":0,"enemies":"2 Fungi Beasts","floor":7,"turns":4},{"damage":0,"enemies":"Red Slaver","floor":13,"turns":4},{"damage":0,"enemies":"Exordium Wildlife","floor":14,"turns":3},{"damage":9,"enemies":"Hexaghost","floor":16,"turns":13},{"damage":25,"enemies":"Spheric Guardian","floor":18,"turns":8},{"damage":0,"enemies":"Chosen","floor":20,"turns":3},{"damage":63,"enemies":"conspire:MimicChest","floor":22,"turns":7}],"seed_played":"197458439429174532","potions_obtained":[{"floor":1,"key":"SkillPotion"},{"floor":6,"key":"SkillPotion"},{"floor":10,"key":"Reflective Coating"},{"floor":13,"key":"Explosive Potion"},{"floor":16,"key":"BlessingOfTheForge"}],"is_trial":false,"path_per_floor":["M","?","M","M","M","E","M","?","T","?","$","?","M","M","R","B",null,"M","?","M","$","?"],"character_chosen":"THE_SILENT","items_purchased":["Membership Card","Endless Agony+1","Whetstone"],"campfire_rested":0,"item_purchase_floors":[21,21,21],"current_hp_per_floor":[49,49,49,49,49,33,33,33,33,33,33,33,33,33,33,24,70,45,45,45,45,0,0],"gold":39,"neow_bonus":"ONE_RARE_RELIC","is_daily":false,"chose_seed":false,"campfire_upgraded":0,"win_rate":0.0,"timestamp":1608829586,"path_taken":["M","?","?","M","?","E","M","?","T","?","$","?","M","?","R","BOSS","M","?","?","?","?"],"items_purchased_type":["Relic","Card","Relic"],"build_version":"2020-12-22","purchased_purges":2,"victory":false,"max_hp_per_floor":[70,70,70,70,70,70,70,70,70,70,70,70,70,70,70,70,70,70,70,70,70,70,70],"card_choices":[{"not_picked":["ReplayTheSpireMod:Scrap Shanks","ReplayTheSpireMod:The Works","Dagger Spray"],"picked":"SKIP","floor":1},{"not_picked":["Quick Slash","Eviscerate","Backflip"],"picked":"SKIP","floor":3},{"not_picked":["Blade Dance","Quick Slash","Infinite Blades"],"picked":"SKIP","floor":4},{"not_picked":["Underhanded Strike","Hidden Blade"],"picked":"Dagger Throw","floor":5},{"not_picked":["Bane","Poisoned Stab","Caltrops"],"picked":"SKIP","floor":6},{"not_picked":["Heel Hook","Acrobatics","Finisher"],"picked":"SKIP","floor":7},{"not_picked":["ReplayTheSpireMod:Shiv Toss+1","Wraith Form v2","Backstab"],"picked":"SKIP","floor":13},{"not_picked":["Hidden Blade+1","Dagger Throw"],"picked":"Terror+1","floor":14},{"not_picked":["Backflip+1","Blade Dance+1","Acrobatics+1"],"picked":"SKIP","floor":18},{"not_picked":["Backflip+1","ReplayTheSpireMod:Tripwire+1","Endless Agony"],"picked":"SKIP","floor":20}],"player_experience":45449,"relics_obtained":[{"floor":6,"key":"Replay:Rubber Ducky"},{"floor":9,"key":"ReplayTheSpireMod:TigerMarble"},{"floor":10,"key":"Toxic Egg 2"},{"floor":15,"key":"Anchor"}],"event_choices":[{"damage_healed":0,"gold_gain":0,"player_choice":"Gave Potion","damage_taken":0,"relics_obtained":["Torii"],"max_hp_gain":0,"max_hp_loss":0,"event_name":"WeMeetAgain","floor":2,"gold_loss":0},{"cards_removed":["Strike_G"],"damage_healed":0,"gold_gain":0,"player_choice":"Card Removal","damage_taken":0,"max_hp_gain":0,"max_hp_loss":0,"event_name":"The Cleric","floor":8,"gold_loss":50},{"damage_healed":0,"gold_gain":0,"player_choice":"Bought 0 Potions","damage_taken":0,"max_hp_gain":0,"max_hp_loss":0,"event_name":"The Woman in Blue","floor":12,"gold_loss":0}],"is_beta":false,"boss_relics":[{"not_picked":["Cursed Key","Ectoplasm"],"picked":"Fusion Hammer"}],"items_purged_floors":[11,21],"is_endless":false,"potions_floor_spawned":[1,6,13,16],"killed_by":"conspire:MimicChest","ascension_level":0}}