{"host":"BK","time":1608792824,"event":{"mods":["BaseMod","Highlight Path","Minty Spire (QoL Compilation)","StSLib"],"gold_per_floor":[110,110,110,11,28,28,28,28,82,100,100,100,131,144,144,240,240,265,215,233,43,66,66,110,110,110,145,168,293,306,340,340,430,430,451,451,464,124,140,178,178,213,239,239,239,270,313,24,24,24,24,24,24,24,65,65],"floor_reached":57,"playtime":4400,"items_purged":["Strike_G","Strike_G"],"score":2984,"play_id":"07c95117-35c9-4936-947f-5cfd36b24e79","local_time":"20201223235344","is_ascension_mode":true,"campfire_choices":[{"data":"Predator","floor":6.0,"key":"SMITH"},{"data":"Deadly Poison","floor":8.0,"key":"SMITH"},{"data":"Leg Sweep","floor":11.0,"key":"SMITH"},{"data":"Dash","floor":15.0,"key":"SMITH"},{"data":"Die Die Die","floor":23.0,"key":"SMITH"},{"floor":25.0,"key":"REST"},{"data":"Footwork","floor":32.0,"key":"SMITH"},{"data":"Predator","floor":41.0,"key":"SMITH"},{"floor":44.0,"key":"RECALL"},{"data":"Noxious Fumes","floor":49.0,"key":"SMITH"},{"data":"Leg Sweep","floor":53.0,"key":"SMITH"}],"circlet_count":0,"master_deck":["AscendersBane","Strike_G","Strike_G+1","Strike_G","Defend_G+1","Defend_G","Defend_G","Defend_G+1","Defend_G+1","Survivor","Neutralize","Bane","Predator+1","Deadly Poison+1","Leg Sweep+1","Dash+1","Die Die Die+1","Footwork+1","Backflip","Leg Sweep+1","Footwork+1","Dodge and Roll+1","Corpse Explosion+1","Acrobatics+1","Night Terror+1","Predator+1","Noxious Fumes+1","Writhe","Catalyst+1","Bouncing Flask+1"],"relics":["Snecko Eye","FossilizedHelix","Potion Belt","Golden Idol","Lizard Tail","Philosopher\u0027s Stone","ClockworkSouvenir","Strawberry","Pen Nib","Toxic Egg 2","Bag of Preparation","CaptainsWheel","Ninja Scroll","Anchor","Cursed Key","HornCleat","Centennial Puzzle","War Paint","TungstenRod","MawBank","Nunchaku"],"acts_visited":["Exordium","TheCity","TheBeyond","TheEnding"],"potions_floor_usage":[56],"damage_taken":[{"damage":0.0,"enemies":"2 Louse","floor":1.0,"turns":3.0},{"damage":2.0,"enemies":"Small Slimes","floor":5.0,"turns":3.0},{"damage":0.0,"enemies":"Cultist","floor":10.0,"turns":3.0},{"damage":0.0,"enemies":"Lagavulin","floor":13.0,"turns":5.0},{"damage":0.0,"enemies":"Looter","floor":14.0,"turns":3.0},{"damage":37.0,"enemies":"Slime Boss","floor":16.0,"turns":14.0},{"damage":0.0,"enemies":"Chosen","floor":18.0,"turns":3.0},{"damage":6.0,"enemies":"3 Byrds","floor":20.0,"turns":5.0},{"damage":13.0,"enemies":"Slavers","floor":24.0,"turns":4.0},{"damage":9.0,"enemies":"Gremlin Leader","floor":27.0,"turns":7.0},{"damage":0.0,"enemies":"Centurion and Healer","floor":28.0,"turns":4.0},{"damage":0.0,"enemies":"Colosseum Slavers","floor":29.0,"turns":3.0},{"damage":2.0,"enemies":"Colosseum Nobs","floor":29.0,"turns":7.0},{"damage":0.0,"enemies":"Snecko","floor":30.0,"turns":6.0},{"damage":0.0,"enemies":"Book of Stabbing","floor":31.0,"turns":5.0},{"damage":13.0,"enemies":"Champ","floor":33.0,"turns":13.0},{"damage":0.0,"enemies":"3 Shapes","floor":35.0,"turns":3.0},{"damage":0.0,"enemies":"Orb Walker","floor":37.0,"turns":2.0},{"damage":0.0,"enemies":"4 Shapes","floor":39.0,"turns":3.0},{"damage":0.0,"enemies":"Reptomancer","floor":40.0,"turns":5.0},{"damage":0.0,"enemies":"Nemesis","floor":42.0,"turns":7.0},{"damage":0.0,"enemies":"Mind Bloom Boss Battle","floor":46.0,"turns":6.0},{"damage":0.0,"enemies":"Reptomancer","floor":47.0,"turns":5.0},{"damage":6.0,"enemies":"Donu and Deca","floor":50.0,"turns":10.0},{"damage":41.0,"enemies":"Awakened One","floor":51.0,"turns":13.0},{"damage":14,"enemies":"Shield and Spear","floor":55,"turns":8},{"damage":59,"enemies":"The Heart","floor":56,"turns":11}],"seed_played":"7186141290260125733","potions_obtained":[{"floor":5.0,"key":"Swift Potion"},{"floor":10.0,"key":"AttackPotion"},{"floor":16.0,"key":"DuplicationPotion"},{"floor":20.0,"key":"Swift Potion"},{"floor":24.0,"key":"Energy Potion"},{"floor":29.0,"key":"Explosive Potion"},{"floor":33.0,"key":"Poison Potion"},{"floor":35.0,"key":"GamblersBrew"},{"floor":42.0,"key":"Fire Potion"}],"is_trial":false,"path_per_floor":["M","?","?","$","M","R","?","R","T","M","R","?","E","M","R","B",null,"M","?","M","$","T","R","E","R","T","E","M","?","M","E","R","B",null,"M","?","M","$","M","E","R","E","T","R","?","?","E","$","R","B","B",null,"R","$","E","B",null],"character_chosen":"THE_SILENT","items_purchased":["Predator","Deadly Poison","ClockworkSouvenir","Backflip","HornCleat","Catalyst+1","CultistPotion"],"campfire_rested":1,"item_purchase_floors":[4,4,21,21,38,48,48],"current_hp_per_floor":[59,39,61,61,59,59,48,48,48,48,48,48,48,48,48,11,48,48,48,42,42,49,49,36,56,56,47,47,45,45,45,45,32,58,58,58,58,58,58,58,58,58,58,58,58,58,58,58,58,52,11,53,53,53,39,33],"gold":65,"neow_bonus":"BOSS_RELIC","is_daily":false,"chose_seed":false,"campfire_upgraded":9,"win_rate":0.0,"timestamp":1608792824,"path_taken":["M","?","?","$","M","R","?","R","T","M","R","?","E","M","R","BOSS","M","?","M","$","?","R","E","R","T","E","M","?","?","E","R","BOSS","M","?","M","$","M","E","R","E","T","R","?","?","E","?","R","BOSS","BOSS","R","$","E","BOSS"],"items_purchased_type":["Card","Card","Relic","Card","Relic","Card","Potion"],"build_version":"2020-12-18","purchased_purges":2,"victory":true,"max_hp_per_floor":[66,66,66,66,66,66,66,66,66,66,66,60,60,60,60,60,60,60,60,60,60,67,67,67,67,67,67,67,67,67,67,67,67,67,67,67,67,67,67,67,67,67,67,67,67,67,67,67,67,67,67,67,67,67,67,67],"card_choices":[{"not_picked":["Slice","Infinite Blades"],"picked":"Bane","floor":1.0},{"not_picked":["Deadly Poison","Slice","Accuracy"],"picked":"SKIP","floor":5.0},{"not_picked":["Caltrops","Outmaneuver"],"picked":"Leg Sweep","floor":10.0},{"not_picked":["Endless Agony","Cloak And Dagger","Dodge and Roll"],"picked":"SKIP","floor":13.0},{"not_picked":["Leg Sweep","Sucker Punch"],"picked":"Dash","floor":14.0},{"not_picked":["Storm of Steel","Doppelganger"],"picked":"Die Die Die","floor":16.0},{"not_picked":["Reflex","Outmaneuver"],"picked":"Quick Slash","floor":18.0},{"not_picked":["Deadly Poison","Escape Plan"],"picked":"Footwork+1","floor":20.0},{"not_picked":["Masterful Stab","Deadly Poison"],"picked":"Leg Sweep","floor":24.0},{"not_picked":["Poisoned Stab","Well Laid Plans"],"picked":"Footwork","floor":27.0},{"not_picked":["Slice+1","Flying Knee"],"picked":"Dodge and Roll+1","floor":28.0},{"not_picked":["Dagger Throw","Riddle With Holes"],"picked":"Corpse Explosion+1","floor":30.0},{"not_picked":["Deadly Poison+1","Leg Sweep+1"],"picked":"Acrobatics+1","floor":31.0},{"not_picked":["After Image","Unload"],"picked":"Night Terror+1","floor":33.0},{"not_picked":["Flying Knee","Blade Dance+1"],"picked":"Predator","floor":35.0},{"not_picked":["Dagger Throw","Eviscerate","All Out Attack"],"picked":"SKIP","floor":37.0},{"not_picked":["Deadly Poison+1","Deflect+1","Backstab"],"picked":"SKIP","floor":39.0},{"not_picked":["Slice","Skewer","Prepared+1"],"picked":"SKIP","floor":40.0},{"not_picked":["Cloak And Dagger+1","Choke"],"picked":"Noxious Fumes","floor":42.0},{"not_picked":["Distraction+1","Dagger Throw","Masterful Stab+1"],"picked":"SKIP","floor":47.0},{"not_picked":["Doppelganger+1","Dodge and Roll+1"],"picked":"Bouncing Flask+1","floor":55}],"player_experience":2410686,"relics_obtained":[{"floor":9.0,"key":"Potion Belt"},{"floor":13.0,"key":"Lizard Tail"},{"floor":22.0,"key":"Strawberry"},{"floor":24.0,"key":"Pen Nib"},{"floor":26.0,"key":"Toxic Egg 2"},{"floor":27.0,"key":"Bag of Preparation"},{"floor":29.0,"key":"CaptainsWheel"},{"floor":29.0,"key":"Ninja Scroll"},{"floor":31.0,"key":"Anchor"},{"floor":40.0,"key":"Centennial Puzzle"},{"floor":42.0,"key":"War Paint"},{"floor":46.0,"key":"TungstenRod"},{"floor":47.0,"key":"MawBank"},{"floor":55,"key":"Nunchaku"}],"event_choices":[{"damage_healed":0.0,"max_hp_gain":0.0,"max_hp_loss":0.0,"gold_gain":0.0,"event_name":"Shining Light","player_choice":"Entered Light","floor":2.0,"gold_loss":0.0,"damage_taken":20.0,"cards_upgraded":["Defend_G","Strike_G"]},{"damage_healed":22.0,"max_hp_gain":0.0,"max_hp_loss":0.0,"gold_gain":0.0,"event_name":"Big Fish","player_choice":"Banana","floor":3.0,"gold_loss":0.0,"damage_taken":0.0},{"damage_healed":0.0,"max_hp_gain":0.0,"max_hp_loss":0.0,"gold_gain":0.0,"event_name":"Scrap Ooze","player_choice":"Success","floor":7.0,"gold_loss":0.0,"damage_taken":11.0,"relics_obtained":["FossilizedHelix"]},{"damage_healed":0.0,"max_hp_gain":0.0,"max_hp_loss":6.0,"gold_gain":0.0,"event_name":"Golden Idol","player_choice":"Lose Max HP","floor":12.0,"gold_loss":0.0,"damage_taken":0.0,"relics_obtained":["Golden Idol"]},{"damage_healed":0.0,"max_hp_gain":0.0,"max_hp_loss":0.0,"gold_gain":0.0,"event_name":"The Joust","player_choice":"Bet on Murderer","floor":19.0,"gold_loss":50.0,"damage_taken":0.0},{"damage_healed":0.0,"max_hp_gain":0.0,"max_hp_loss":0.0,"gold_gain":0.0,"event_name":"Colosseum","player_choice":"Fight","floor":29.0,"gold_loss":0.0,"damage_taken":0.0},{"damage_healed":0.0,"max_hp_gain":0.0,"max_hp_loss":0.0,"gold_gain":0.0,"event_name":"Colosseum","player_choice":"Fought Nobs","floor":29.0,"gold_loss":0.0,"damage_taken":0.0},{"damage_healed":0.0,"max_hp_gain":0.0,"max_hp_loss":0.0,"gold_gain":0.0,"event_name":"Tomb of Lord Red Mask","player_choice":"Ignored","floor":36.0,"gold_loss":0.0,"damage_taken":0.0},{"cards_removed":["Quick Slash"],"damage_healed":0.0,"max_hp_gain":0.0,"max_hp_loss":0.0,"gold_gain":0.0,"event_name":"Falling","player_choice":"Removed Attack","floor":45.0,"gold_loss":0.0,"damage_taken":0.0},{"damage_healed":0.0,"max_hp_gain":0.0,"max_hp_loss":0.0,"gold_gain":0.0,"event_name":"MindBloom","player_choice":"Fight","floor":46.0,"gold_loss":0.0,"damage_taken":0.0}],"is_beta":true,"boss_relics":[{"not_picked":["Coffee Dripper","SacredBark"],"picked":"Philosopher\u0027s Stone"},{"not_picked":["Calling Bell","Pandora\u0027s Box"],"picked":"Cursed Key"}],"items_purged_floors":[38,48],"is_endless":false,"potions_floor_spawned":[5,10,16,20,24,29,33,35,42],"ascension_level":20}}