{"host":"0msxzbajcl1c78mb","time":1608850256,"event":{"mods":["AchievementEnabler","BaseMod","Colored Map","Colored Powertips","Highlight Path","Minty Spire (QoL Compilation)","Relic Sorter","Relic Stats","StSLib","The Jungle","everything is the same but u backflip on backflip"],"gold_per_floor":[365,540,465,465,465,499,512,536,536,501,534,555,555,144,144,268,268,287,162,181,181,181,181,216,216,216,235,273,273,298,178,178,273,273,292,292,307,357,357,357,357,357],"floor_reached":41,"playtime":2311,"items_purged":["Doubt","Strike_R","Strike_R","Strike_R"],"score":843,"play_id":"6e4d7a1e-d332-4f30-84bc-8702d2b64bdf","local_time":"20201224175056","is_ascension_mode":true,"campfire_choices":[{"data":"Berserk","floor":13,"key":"SMITH"},{"data":"Body Slam","floor":15,"key":"SMITH"},{"data":"RitualDagger","floor":23,"key":"SMITH"},{"data":"Uppercut","floor":25,"key":"SMITH"},{"data":"Berserk","floor":32,"key":"SMITH"},{"data":"Double Tap","floor":40,"key":"SMITH"}],"circlet_count":0,"master_deck":["AscendersBane","Strike_R","Strike_R","Defend_R","Defend_R","Defend_R","Defend_R","Bash","Shrug It Off","Body Slam+1","Ghostly Armor","Twin Strike","Berserk+1","Barricade","Pommel Strike+1","Battle Trance","RitualDagger+1","Uppercut+1","Iron Wave+1","Berserk+1","Double Tap+1","Metallicize+1","Panache","Panache","Shrug It Off","Body Slam+1"],"relics":["Burning Blood","Bloody Idol","Mercury Hourglass","Lantern","Art of War","Gambling Chip","Coffee Dripper","Incense Burner","The Courier","Blue Candle","Ice Cream","Runic Dome","Unceasing Top"],"acts_visited":["Exordium","TheCity","TheBeyond"],"potions_floor_usage":[11,11,16,16,24,33],"damage_taken":[{"damage":7,"enemies":"Small Slimes","floor":1,"turns":4},{"damage":42,"enemies":"3 Sentries","floor":6,"turns":15},{"damage":9,"enemies":"2 Louse","floor":7,"turns":2},{"damage":2,"enemies":"Jaw Worm","floor":8,"turns":3},{"damage":28,"enemies":"Lagavulin","floor":11,"turns":8},{"damage":2,"enemies":"3 Louse","floor":12,"turns":3},{"damage":20,"enemies":"The Guardian","floor":16,"turns":13},{"damage":2,"enemies":"Chosen","floor":18,"turns":4},{"damage":0,"enemies":"Spheric Guardian","floor":20,"turns":4},{"damage":0,"enemies":"Gremlin Leader","floor":24,"turns":7},{"damage":8,"enemies":"Snake Plant","floor":27,"turns":4},{"damage":16,"enemies":"Slavers","floor":28,"turns":6},{"damage":1,"enemies":"Gremlin Leader","floor":30,"turns":6},{"damage":28,"enemies":"Champ","floor":33,"turns":10},{"damage":10,"enemies":"Orb Walker","floor":35,"turns":4},{"damage":25,"enemies":"3 Darklings","floor":37,"turns":4},{"damage":1,"enemies":"Mind Bloom Boss Battle","floor":38,"turns":3},{"damage":78,"enemies":"Nemesis","floor":41,"turns":3}],"seed_played":"-4434229210101441702","potions_obtained":[{"floor":1,"key":"Fire Potion"},{"floor":7,"key":"AttackPotion"},{"floor":11,"key":"EssenceOfSteel"},{"floor":12,"key":"Fire Potion"},{"floor":20,"key":"Energy Potion"},{"floor":27,"key":"BloodPotion"},{"floor":30,"key":"Regen Potion"},{"floor":33,"key":"Regen Potion"}],"is_trial":false,"path_per_floor":["M","?","$","?","?","E","M","M","T","?","E","M","R","$","R","B",null,"M","$","M","?","?","R","E","R","T","M","E","?","E","$","R","B",null,"M","?","M","?","?","R","E"],"character_chosen":"IRONCLAD","items_purchased":["Gambling Chip"],"campfire_rested":0,"item_purchase_floors":[14],"current_hp_per_floor":[71,71,71,64,64,28,25,29,29,46,24,28,28,28,28,14,57,61,61,67,67,61,61,67,67,67,65,55,55,65,65,65,63,69,70,65,51,61,61,61,0,0],"gold":357,"neow_bonus":"TWO_FIFTY_GOLD","is_daily":false,"chose_seed":false,"campfire_upgraded":6,"win_rate":0.0,"timestamp":1608850256,"path_taken":["M","?","$","?","?","E","M","M","T","?","E","M","R","$","R","BOSS","M","$","M","?","?","R","E","R","T","M","E","?","E","?","R","BOSS","M","?","M","?","?","R","E"],"items_purchased_type":["Relic"],"build_version":"2020-12-22","purchased_purges":4,"victory":false,"max_hp_per_floor":[80,80,80,77,71,71,71,71,71,71,71,71,71,71,71,71,71,71,71,71,71,71,71,71,71,71,71,71,71,71,71,71,71,71,71,71,71,71,71,71,71,71],"relic_stats":{"counters":[18,102],"Bloody Idol":25,"Gambling Chip":[37],"Blue Candle":[3],"Art of War":[7],"obtain_stats":[{"Ice Cream":30,"Lantern":9,"Golden Idol":5,"Blue Candle":28,"The Courier":26,"Incense Burner":24,"Burning Blood":0,"Mercury Hourglass":6,"Runic Dome":34,"Gambling Chip":14,"Bloody Idol":29,"Art of War":11,"Coffee Dripper":17,"Unceasing Top":38},{"Ice Cream":13,"Lantern":4,"Golden Idol":1,"Blue Candle":12,"The Courier":10,"Incense Burner":10,"Burning Blood":0,"Mercury Hourglass":2,"Runic Dome":14,"Gambling Chip":6,"Bloody Idol":12,"Art of War":5,"Coffee Dripper":7,"Unceasing Top":17},{"Ice Cream":79,"Lantern":24,"Golden Idol":4,"Blue Candle":73,"The Courier":63,"Incense Burner":63,"Burning Blood":0,"Mercury Hourglass":19,"Runic Dome":89,"Gambling Chip":35,"Bloody Idol":73,"Art of War":32,"Coffee Dripper":48,"Unceasing Top":99}],"Burning Blood":102,"Unceasing Top":[0],"Mercury Hourglass":[294]},"card_choices":[{"not_picked":["Perfected Strike","Sword Boomerang"],"picked":"Shrug It Off","floor":1},{"not_picked":["Dropkick","Pommel Strike"],"picked":"Body Slam","floor":6},{"not_picked":["Warcry","Flex"],"picked":"Ghostly Armor","floor":7},{"not_picked":["Armaments","Power Through","Twin Strike"],"picked":"SKIP","floor":8},{"not_picked":["Combust","Clash"],"picked":"Twin Strike","floor":11},{"not_picked":["Headbutt","Clash"],"picked":"Berserk","floor":12},{"not_picked":["Offering","Demon Form"],"picked":"Barricade","floor":16},{"not_picked":["Evolve+1","Heavy Blade"],"picked":"Pommel Strike+1","floor":18},{"not_picked":["Iron Wave","Searing Blow"],"picked":"Battle Trance","floor":20},{"not_picked":["Flex+1","Combust"],"picked":"Uppercut","floor":24},{"not_picked":["Rage","Wild Strike","Thunderclap"],"picked":"SKIP","floor":27},{"not_picked":["Heavy Blade","Sword Boomerang"],"picked":"Iron Wave+1","floor":28},{"not_picked":["Wild Strike","Flex"],"picked":"Berserk","floor":30},{"not_picked":["Berserk","Bludgeon"],"picked":"Double Tap","floor":33},{"not_picked":["Carnage+1","Clash"],"picked":"Metallicize+1","floor":35},{"not_picked":["Magnetism","Dramatic Entrance"],"picked":"Panache","floor":36},{"not_picked":["Chrysalis","HandOfGreed"],"picked":"Panache","floor":36},{"not_picked":["Sever Soul+1","Spot Weakness"],"picked":"Shrug It Off","floor":37},{"not_picked":["Disarm","Iron Wave"],"picked":"Body Slam+1","floor":38}],"player_experience":298373,"relics_obtained":[{"floor":6,"key":"Mercury Hourglass"},{"floor":9,"key":"Lantern"},{"floor":11,"key":"Art of War"},{"floor":24,"key":"Incense Burner"},{"floor":26,"key":"The Courier"},{"floor":28,"key":"Blue Candle"},{"floor":30,"key":"Ice Cream"},{"floor":38,"key":"Unceasing Top"}],"event_choices":[{"damage_healed":0,"gold_gain":175,"player_choice":"AGREE","damage_taken":0,"max_hp_gain":0,"max_hp_loss":0,"event_name":"Liars Game","floor":2,"gold_loss":0,"cards_obtained":["Doubt"]},{"cards_removed":["Parasite"],"damage_healed":0,"gold_gain":0,"player_choice":"Card Removal","damage_taken":7,"max_hp_gain":0,"max_hp_loss":0,"event_name":"Golden Wing","floor":4,"gold_loss":0},{"damage_healed":0,"gold_gain":0,"player_choice":"Lose Max HP","damage_taken":0,"relics_obtained":["Golden Idol"],"max_hp_gain":0,"max_hp_loss":6,"event_name":"Golden Idol","floor":5,"gold_loss":0},{"damage_healed":17,"gold_gain":0,"player_choice":"Healed","damage_taken":0,"max_hp_gain":0,"max_hp_loss":0,"event_name":"The Cleric","floor":10,"gold_loss":35},{"damage_healed":0,"gold_gain":0,"player_choice":"Ignored","damage_taken":0,"max_hp_gain":0,"max_hp_loss":0,"event_name":"Cursed Tome","floor":21,"gold_loss":0},{"damage_healed":0,"gold_gain":0,"player_choice":"Joined the Cult","damage_taken":6,"max_hp_gain":0,"max_hp_loss":0,"event_name":"Nest","floor":22,"gold_loss":0,"cards_obtained":["RitualDagger"]},{"damage_healed":0,"gold_gain":0,"player_choice":"Gave Idol","damage_taken":0,"relics_obtained":["Bloody Idol"],"max_hp_gain":0,"max_hp_loss":0,"event_name":"Forgotten Altar","floor":29,"relics_lost":["Golden Idol"],"gold_loss":0},{"damage_healed":0,"gold_gain":0,"player_choice":"Memory 2","damage_taken":5,"max_hp_gain":0,"max_hp_loss":0,"event_name":"SensoryStone","floor":36,"gold_loss":0},{"damage_healed":0,"gold_gain":0,"player_choice":"Fight","damage_taken":0,"max_hp_gain":0,"max_hp_loss":0,"event_name":"MindBloom","floor":38,"gold_loss":0},{"damage_healed":0,"gold_gain":0,"player_choice":"Ignored","damage_taken":0,"max_hp_gain":0,"max_hp_loss":0,"event_name":"Tomb of Lord Red Mask","floor":39,"gold_loss":0}],"is_beta":false,"boss_relics":[{"not_picked":["Busted Crown","Mark of Pain"],"picked":"Coffee Dripper"},{"not_picked":["Philosopher\u0027s Stone","Runic Cube"],"picked":"Runic Dome"}],"items_purged_floors":[3,14,19,31],"is_endless":false,"potions_floor_spawned":[1,7,8,11,12,20,27,30,33,35],"killed_by":"Nemesis","ascension_level":11}}