{"host":"yp47u74hk6n79vj1","time":1608772510,"event":{"mods":["BaseMod","Minty Spire (QoL Compilation)"],"gold_per_floor":[110,110,130,17,17,47,47,57,84,109,123,141,141,141],"floor_reached":13,"playtime":395,"items_purged":[],"score":100,"play_id":"d18ab2ef-4be2-4718-8707-57c213ac6bec","local_time":"20201223201510","is_ascension_mode":true,"campfire_choices":[{"data":"Defragment","floor":7,"key":"SMITH"}],"circlet_count":0,"master_deck":["Strike_B","Strike_B","Defend_B","Defend_B","Defend_B","Zap","Dualcast","Streamline","White Noise","Defragment+1","Conserve Battery","Go for the Eyes","Leap","Double Energy","Creative AI"],"relics":["Cracked Core","Nunchaku","Omamori","Juzu Bracelet"],"acts_visited":["Exordium"],"potions_floor_usage":[6,12,12,12,12,12,13,13],"damage_taken":[{"damage":2,"enemies":"2 Louse","floor":1,"turns":3},{"damage":0,"enemies":"Cultist","floor":3,"turns":2},{"damage":24,"enemies":"Gremlin Nob","floor":6,"turns":4},{"damage":0,"enemies":"Small Slimes","floor":8,"turns":3},{"damage":22,"enemies":"3 Sentries","floor":10,"turns":7},{"damage":0,"enemies":"Exordium Wildlife","floor":11,"turns":3},{"damage":0,"enemies":"Blue Slaver","floor":12,"turns":2},{"damage":33,"enemies":"Gremlin Nob","floor":13,"turns":3}],"seed_played":"572328159485433726","potions_obtained":[{"floor":3,"key":"FocusPotion"},{"floor":11,"key":"EntropicBrew"}],"is_trial":false,"path_per_floor":["M","?","M","$","?","E","R","M","T","E","M","M","E"],"character_chosen":"DEFECT","items_purchased":["Defragment","Conserve Battery"],"campfire_rested":0,"item_purchase_floors":[4,4],"current_hp_per_floor":[52,52,52,52,52,28,28,28,28,6,6,6,0,0],"gold":141,"neow_bonus":"REMOVE_TWO","is_daily":false,"chose_seed":false,"campfire_upgraded":1,"win_rate":0.0,"timestamp":1608772510,"path_taken":["M","?","M","$","?","E","R","?","T","E","M","M","E"],"items_purchased_type":["Card","Card"],"build_version":"2020-12-22","purchased_purges":0,"victory":false,"max_hp_per_floor":[75,75,75,75,75,75,75,75,75,75,75,75,75,75],"card_choices":[{"not_picked":["FTL","Doom and Gloom"],"picked":"Streamline","floor":1},{"not_picked":["Steam Power","Streamline"],"picked":"White Noise","floor":3},{"not_picked":["Barrage","Rebound","Blizzard"],"picked":"SKIP","floor":6},{"not_picked":["Beam Cell","Rebound"],"picked":"Leap","floor":8},{"not_picked":["Go for the Eyes","Auto Shields"],"picked":"Double Energy","floor":10},{"not_picked":["Hologram","Barrage","Beam Cell"],"picked":"SKIP","floor":11},{"not_picked":["Reinforced Body","Chaos"],"picked":"Creative AI","floor":12}],"player_experience":497599,"relics_obtained":[{"floor":6,"key":"Nunchaku"},{"floor":9,"key":"Omamori"},{"floor":10,"key":"Juzu Bracelet"}],"event_choices":[{"cards_removed":["Strike_B"],"damage_healed":0,"gold_gain":0,"player_choice":"Forget","damage_taken":0,"max_hp_gain":0,"max_hp_loss":0,"event_name":"Living Wall","floor":2,"gold_loss":0},{"damage_healed":0,"gold_gain":0,"player_choice":"1 cards matched","damage_taken":0,"max_hp_gain":0,"max_hp_loss":0,"event_name":"Match and Keep!","floor":5,"gold_loss":0,"cards_obtained":["Go for the Eyes"]}],"is_beta":false,"boss_relics":[],"items_purged_floors":[],"is_endless":false,"potions_floor_spawned":[3,11],"killed_by":"Gremlin Nob","ascension_level":1}}