{"host":"u2grshebrc5rdzdn","time":1608816336,"event":{"mods":["AchievementEnabler","BaseMod","Minty Spire (QoL Compilation)","StSLib"],"gold_per_floor":[118,118,19,19,19,19,46,46,72,104,116,28,28,28,28,151,151,172,97,97,77,96,96,130,130,178,217,14,14,30,69,69,69,69],"floor_reached":33,"playtime":1090,"items_purged":["Strike_B","Defend_B","Strike_B"],"score":456,"play_id":"291709ef-6d26-4719-bd52-de09930f3d2b","local_time":"20201224142536","is_ascension_mode":true,"campfire_choices":[{"data":"Zap","floor":6.0,"key":"SMITH"},{"data":"Dualcast","floor":8.0,"key":"SMITH"},{"data":"Hologram","floor":11.0,"key":"SMITH"},{"data":"Reinforced Body","floor":13.0,"key":"SMITH"},{"data":"Ball Lightning","floor":15.0,"key":"SMITH"},{"data":"Biased Cognition","floor":23.0,"key":"SMITH"},{"data":"Chaos","floor":25.0,"key":"SMITH"},{"data":"Scrape","floor":29.0,"key":"SMITH"},{"data":"BootSequence","floor":32,"key":"SMITH"}],"circlet_count":0,"master_deck":["Strike_B","Defend_B","Defend_B","Zap+1","Dualcast+1","Reinforced Body+1","Ball Lightning+1","BootSequence+1","Hologram+1","Biased Cognition+1","Hologram+1","Ghostly","Ghostly","Ghostly","Ghostly","Ghostly","Cold Snap","Chaos+1","Ball Lightning","Scrape+1","Sunder+1"],"relics":["Cracked Core","NeowsBlessing","Dream Catcher","MawBank","Odd Mushroom","Golden Idol","Runic Pyramid","Bottled Tornado","Anchor","Bottled Flame","Juzu Bracelet"],"acts_visited":["Exordium","TheCity"],"potions_floor_usage":[],"damage_taken":[{"damage":0.0,"enemies":"Jaw Worm","floor":1.0,"turns":1.0},{"damage":0.0,"enemies":"2 Louse","floor":5.0,"turns":1.0},{"damage":0.0,"enemies":"3 Sentries","floor":7.0,"turns":1.0},{"damage":1.0,"enemies":"The Mushroom Lair","floor":10.0,"turns":4.0},{"damage":23.0,"enemies":"The Guardian","floor":16.0,"turns":9.0},{"damage":7.0,"enemies":"Shell Parasite","floor":18.0,"turns":4.0},{"damage":1.0,"enemies":"Spheric Guardian","floor":22.0,"turns":3.0},{"damage":3.0,"enemies":"Gremlin Leader","floor":24.0,"turns":6.0},{"damage":0.0,"enemies":"Book of Stabbing","floor":27.0,"turns":4.0},{"damage":0,"enemies":"Snake Plant","floor":30,"turns":3},{"damage":14,"enemies":"Slavers","floor":31,"turns":4},{"damage":30,"enemies":"Champ","floor":33,"turns":8}],"seed_played":"-1239182072649032182","potions_obtained":[{"floor":10.0,"key":"Ancient Potion"},{"floor":21.0,"key":"EssenceOfSteel"},{"floor":22.0,"key":"DistilledChaos"}],"is_trial":false,"path_per_floor":["M","?","$","?","M","R","E","R","T","?","R","$","R","?","R","B",null,"M","?","?","?","M","R","E","R","T","E","$","R","M","E","R","B"],"character_chosen":"DEFECT","items_purchased":["Ball Lightning","Scrape"],"campfire_rested":0,"item_purchase_floors":[3,28],"current_hp_per_floor":[75,75,75,80,80,80,80,80,80,79,79,79,79,59,59,36,69,62,62,40,40,39,39,36,36,36,36,36,36,36,22,22,0,0],"gold":69,"neow_bonus":"THREE_ENEMY_KILL","is_daily":false,"chose_seed":false,"campfire_upgraded":9,"win_rate":0.0,"timestamp":1608816336,"path_taken":["M","?","$","?","M","R","E","R","T","?","R","$","R","?","R","BOSS","M","?","?","?","M","R","E","R","T","E","$","R","?","E","R","BOSS"],"items_purchased_type":["Card","Card"],"build_version":"2020-12-22","purchased_purges":3,"victory":false,"max_hp_per_floor":[75,75,75,80,80,80,80,80,80,80,80,80,80,80,80,80,80,80,80,40,40,40,40,40,40,40,40,40,40,40,40,40,40,40],"card_choices":[{"not_picked":["Hologram","Force Field"],"picked":"Reinforced Body","floor":1.0},{"not_picked":["Stack","Turbo","Steam"],"picked":"SKIP","floor":5.0},{"not_picked":["Steam Power","Barrage"],"picked":"BootSequence","floor":7.0},{"not_picked":["Stack","Loop"],"picked":"Hologram","floor":10.0},{"not_picked":["Machine Learning","Seek"],"picked":"Biased Cognition","floor":16.0},{"not_picked":["Conserve Battery+1","Ball Lightning+1"],"picked":"Hologram+1","floor":18.0},{"not_picked":["Go for the Eyes","Barrage"],"picked":"Cold Snap","floor":22.0},{"not_picked":["Undo","Self Repair+1"],"picked":"Chaos","floor":24.0},{"not_picked":["Double Energy","Consume"],"picked":"Ball Lightning","floor":27.0},{"not_picked":["Double Energy","Rip and Tear+1","Streamline+1"],"picked":"SKIP","floor":30},{"not_picked":["Meteor Strike","Hologram+1"],"picked":"Sunder+1","floor":31}],"player_experience":343089,"relics_obtained":[{"floor":7.0,"key":"Dream Catcher"},{"floor":9.0,"key":"MawBank"},{"floor":10.0,"key":"Odd Mushroom"},{"floor":24.0,"key":"Bottled Tornado"},{"floor":26.0,"key":"Anchor"},{"floor":27.0,"key":"Bottled Flame"},{"floor":31,"key":"Juzu Bracelet"}],"event_choices":[{"cards_removed":["Defend_B"],"damage_healed":0.0,"max_hp_gain":0.0,"max_hp_loss":0.0,"gold_gain":0.0,"event_name":"Living Wall","player_choice":"Forget","floor":2.0,"gold_loss":0.0,"damage_taken":0.0},{"damage_healed":0.0,"max_hp_gain":5.0,"max_hp_loss":0.0,"gold_gain":0.0,"event_name":"Big Fish","player_choice":"Donut","floor":4.0,"gold_loss":0.0,"damage_taken":0.0},{"damage_healed":0.0,"max_hp_gain":0.0,"max_hp_loss":0.0,"gold_gain":0.0,"event_name":"Mushrooms","player_choice":"Fought Mushrooms","floor":10.0,"gold_loss":0.0,"damage_taken":0.0},{"damage_healed":0.0,"max_hp_gain":0.0,"max_hp_loss":0.0,"gold_gain":0.0,"event_name":"Golden Idol","player_choice":"Take Damage","floor":14.0,"gold_loss":0.0,"damage_taken":20.0,"relics_obtained":["Golden Idol"]},{"cards_removed":["Strike_B"],"damage_healed":0.0,"max_hp_gain":0.0,"max_hp_loss":0.0,"gold_gain":0.0,"event_name":"Beggar","player_choice":"Gave Gold","floor":19.0,"gold_loss":75.0,"damage_taken":0.0},{"damage_healed":0.0,"max_hp_gain":0.0,"max_hp_loss":40.0,"gold_gain":0.0,"event_name":"Ghosts","player_choice":"Became a Ghost","floor":20.0,"gold_loss":0.0,"damage_taken":0.0,"cards_obtained":["Ghostly","Ghostly","Ghostly","Ghostly","Ghostly"]},{"damage_healed":0.0,"max_hp_gain":0.0,"max_hp_loss":0.0,"gold_gain":0.0,"event_name":"The Woman in Blue","player_choice":"Bought 1 Potion","floor":21.0,"gold_loss":0.0,"damage_taken":0.0}],"is_beta":false,"boss_relics":[{"not_picked":["Sozu","Runic Dome"],"picked":"Runic Pyramid"}],"items_purged_floors":[3,12,28],"is_endless":false,"potions_floor_spawned":[10,22,31],"killed_by":"Champ","ascension_level":5}}