{"host":"f5ezd1v29dtbwkzo","time":1608797439,"event":{"mods":["2.2 Compatiblity","BaseMod","Hermit","Minty Spire (QoL Compilation)","Rare Cards Sparkle","Replay The Spire","StSLib"],"gold_per_floor":[117,130,144,144,42,69,83,83,83,83,118,118,51,62,62,165,165,177,209,228,17,17,17,17,17],"floor_reached":24,"playtime":1558,"items_purged":[],"score":229,"play_id":"ad4d0a86-1f1b-4f81-bb39-bf26cc1ade22","local_time":"20201224111039","is_ascension_mode":false,"campfire_choices":[{"data":"Armaments","floor":8,"key":"SMITH"},{"data":"Metallicize","floor":10,"key":"SMITH"},{"data":"Feed","floor":12,"key":"SMITH"},{"floor":15,"key":"REST"},{"floor":23,"key":"REST"}],"circlet_count":0,"master_deck":["Strike_R","Strike_R","Strike_R","Strike_R","Strike_R","Defend_R","Defend_R","Defend_R","Defend_R","Bash","Pummel","Armaments+1","Metallicize+1","Sword Boomerang","Feed+1","Metallicize","Shrug It Off","Double Tap","Metallicize+1","Body Slam","ReplayReversal","ReplayTheSpireMod:IOU","Hemogenesis"],"relics":["Burning Blood","Peace Pipe","Replay:Wax Seal","King of Hearts","Matryoshka","SacredBark","Red Mask","Omamori"],"acts_visited":["Exordium","TheCity"],"potions_floor_usage":[6,6,19,19,24],"damage_taken":[{"damage":2,"enemies":"2 Louse","floor":1,"turns":3},{"damage":3,"enemies":"Jaw Worm","floor":2,"turns":4},{"damage":14,"enemies":"Small Slimes","floor":3,"turns":4},{"damage":18,"enemies":"Lagavulin","floor":6,"turns":5},{"damage":0,"enemies":"Blue Slaver","floor":7,"turns":5},{"damage":10,"enemies":"Replay:BlueRogue","floor":11,"turns":9},{"damage":8,"enemies":"Lots of Slimes","floor":14,"turns":6},{"damage":41,"enemies":"Fading Forest","floor":16,"turns":11},{"damage":20,"enemies":"3 Byrds","floor":18,"turns":9},{"damage":55,"enemies":"Masked Bandits","floor":19,"turns":8},{"damage":21,"enemies":"Spheric Guardian","floor":20,"turns":9},{"damage":55,"enemies":"Slavers","floor":24,"turns":5}],"seed_played":"-3995609620920409652","potions_obtained":[{"floor":1,"key":"Adrenaline Potion"},{"floor":6,"key":"Block Potion"},{"floor":18,"key":"LiquidBronze"}],"is_trial":false,"path_per_floor":["M","M","M","?","$","E","M","R","T","R","E","R","$","M","R","B",null,"M","?","M","$","?","R","E"],"character_chosen":"IRONCLAD","items_purchased":["PowerPotion","Fire Potion","Metallicize","Hemogenesis","Omamori"],"campfire_rested":2,"item_purchase_floors":[5,5,13,21,21],"current_hp_per_floor":[60,63,55,60,60,48,54,54,54,54,50,50,50,52,78,43,89,79,34,19,19,19,48,0,0],"gold":17,"neow_bonus":"ONE_RARE_RELIC","is_daily":false,"chose_seed":false,"campfire_upgraded":3,"win_rate":0.0,"timestamp":1608797439,"path_taken":["M","M","M","?","?","E","M","R","T","R","E","R","$","M","R","BOSS","M","?","M","$","?","R","E"],"items_purchased_type":["Potion","Potion","Card","Card","Relic"],"build_version":"2020-12-22","purchased_purges":0,"victory":false,"max_hp_per_floor":[80,80,80,85,85,85,85,85,85,85,85,85,85,89,89,89,89,93,97,97,97,97,97,97,97],"card_choices":[{"not_picked":["Sword Boomerang","Iron Wave"],"picked":"Pummel","floor":1},{"not_picked":["Abandon","Sever Soul","ReplayTheSpireMod:Strike From Hell"],"picked":"SKIP","floor":2},{"not_picked":["Perfected Strike","Wild Strike"],"picked":"Armaments","floor":3},{"not_picked":["Replay:Many Hands","Pommel Strike"],"picked":"Metallicize","floor":6},{"not_picked":["Evolve","Havoc"],"picked":"Sword Boomerang","floor":7},{"not_picked":["Twin Strike","Limit Break"],"picked":"Feed","floor":11},{"not_picked":["Havoc","ReplayTheSpireMod:Strike From Hell"],"picked":"Shrug It Off","floor":14},{"not_picked":["Berserk","Reaper"],"picked":"Double Tap","floor":16},{"not_picked":["Warcry","Armaments+1"],"picked":"Metallicize+1","floor":18},{"not_picked":["Anger","Heavy Blade"],"picked":"Body Slam","floor":19},{"not_picked":["Clash","Defy Death+1"],"picked":"ReplayReversal","floor":20}],"player_experience":269964,"relics_obtained":[{"floor":6,"key":"Replay:Wax Seal"},{"floor":9,"key":"King of Hearts"},{"floor":11,"key":"Matryoshka"},{"floor":19,"key":"Red Mask"}],"event_choices":[{"damage_healed":0,"gold_gain":0,"player_choice":"Donut","damage_taken":0,"max_hp_gain":5,"max_hp_loss":0,"event_name":"Big Fish","floor":4,"gold_loss":0},{"damage_healed":0,"gold_gain":0,"player_choice":"Fought Bandits","damage_taken":0,"max_hp_gain":0,"max_hp_loss":0,"event_name":"Masked Bandits","floor":19,"gold_loss":0},{"damage_healed":0,"gold_gain":0,"player_choice":"Ignored","damage_taken":0,"max_hp_gain":0,"max_hp_loss":0,"event_name":"Ghosts","floor":22,"gold_loss":0}],"is_beta":false,"boss_relics":[{"not_picked":["Snecko Eye","Replay:Bronze Core"],"picked":"SacredBark"}],"items_purged_floors":[],"is_endless":false,"potions_floor_spawned":[1,6,18],"killed_by":"Slavers","ascension_level":0}}