{"host":"mniz8q056kux99zk","time":1608833226,"event":{"mods":["BaseMod","CapriCore","Highlight Path","Minty Spire (QoL Compilation)","Replay The Spire","StSLib"],"gold_per_floor":[117,134,134,152,6,52,78,78,78,108,108,143,143,155,155],"floor_reached":14,"playtime":571,"items_purged":[],"score":105,"play_id":"93cde241-42f5-4921-a2aa-67e66eadb28b","local_time":"20201224130706","is_ascension_mode":true,"campfire_choices":[{"floor":8,"key":"RECALL"},{"floor":13,"key":"REST"}],"circlet_count":0,"master_deck":["Strike_P","Strike_P","Strike_P","Strike_P","Defend_P","Defend_P","Defend_P","Eruption+1","Vigilance","Prostrate","Halt","JustLucky","EmptyFist","EmptyBody","EmptyBody","Sanctity"],"relics":["Sozu","Replay:Bandana","Boot","Unceasing Top"],"acts_visited":["Exordium"],"potions_floor_usage":[],"damage_taken":[{"damage":0,"enemies":"2 Louse","floor":1,"turns":3},{"damage":0,"enemies":"Cultist","floor":2,"turns":2},{"damage":0,"enemies":"Small Slimes","floor":4,"turns":2},{"damage":10,"enemies":"3 Sentries","floor":6,"turns":11},{"damage":2,"enemies":"Exordium Wildlife","floor":7,"turns":4},{"damage":3,"enemies":"Looter","floor":10,"turns":2},{"damage":19,"enemies":"Lagavulin","floor":12,"turns":7},{"damage":74,"enemies":"Gremlin Nob","floor":14,"turns":5}],"seed_played":"-1086789091097038686","potions_obtained":[],"is_trial":false,"path_per_floor":["M","M","?","M","$","E","M","R","T","M","?","E","R","E"],"character_chosen":"WATCHER","items_purchased":["Replay:Bandana"],"campfire_rested":1,"item_purchase_floors":[5],"current_hp_per_floor":[72,72,72,72,72,62,60,60,60,57,57,38,59,0,0],"gold":155,"neow_bonus":"BOSS_RELIC","is_daily":false,"chose_seed":false,"campfire_upgraded":0,"win_rate":0.0,"timestamp":1608833226,"path_taken":["M","M","?","?","$","E","M","R","T","M","?","E","R","E"],"items_purchased_type":["Relic"],"build_version":"2020-12-22","purchased_purges":0,"victory":false,"max_hp_per_floor":[72,72,72,72,72,72,72,72,72,72,72,72,72,72,72],"card_choices":[{"not_picked":["Tantrum","Replay:Hum"],"picked":"Prostrate","floor":1},{"not_picked":["Replay:DivineShield","TalkToTheHand"],"picked":"Halt","floor":2},{"not_picked":["Replay:Cycle","EmptyMind"],"picked":"JustLucky","floor":4},{"not_picked":["SashWhip","WindmillStrike"],"picked":"EmptyFist","floor":6},{"not_picked":["FollowUp","Weave"],"picked":"EmptyBody","floor":7},{"not_picked":["Replay:BluntJabs","WheelKick"],"picked":"EmptyBody","floor":10},{"not_picked":["Replay:BluntJabs","Scrawl"],"picked":"Sanctity","floor":12}],"player_experience":81739,"relics_obtained":[{"floor":6,"key":"Boot"},{"floor":12,"key":"Unceasing Top"}],"event_choices":[{"cards_removed":["Defend_P"],"damage_healed":0,"gold_gain":0,"player_choice":"Offered Basic","damage_taken":0,"max_hp_gain":0,"max_hp_loss":0,"event_name":"Bonfire Elementals","floor":3,"gold_loss":0},{"damage_healed":0,"gold_gain":0,"player_choice":"Grow","damage_taken":0,"max_hp_gain":0,"max_hp_loss":0,"event_name":"Living Wall","floor":11,"gold_loss":0,"cards_upgraded":["Eruption"]}],"is_beta":false,"boss_relics":[],"items_purged_floors":[],"is_endless":false,"potions_floor_spawned":[1,4,7],"killed_by":"Gremlin Nob","ascension_level":1}}