{"host":"9n9nzkokhxe59gmc","time":1608800981,"event":{"mods":["Act Like it!","BaseMod","Elementarium","Hallownest","Hermit","Hubris","Infinite Spire","Menagerie","Minty Spire (QoL Compilation)","Replay The Spire","Shade Mod","StSLib","The Marked","The Servant 0.9.4"],"gold_per_floor":[367,317,335,93,168,168,182,245,245,245,100,100,114,114,114,216,216,240,316,354,354,354,354],"floor_reached":22,"playtime":670,"items_purged":[],"score":176,"play_id":"c9b706b2-4a41-4b3b-ae51-813df8061591","local_time":"20201224010941","is_ascension_mode":false,"campfire_choices":[{"floor":6,"key":"REST"},{"data":"theMarked:ChainLightning","floor":10,"key":"SMITH"},{"floor":15,"key":"REST"}],"circlet_count":0,"master_deck":["theMarked:Strike","theMarked:Strike","theMarked:Strike","theMarked:Strike","theMarked:Strike","theMarked:Defend","theMarked:Defend","theMarked:Defend","theMarked:Defend","theMarked:SoldierOfQuellstein","theMarked:SwordAndMagic","theMarked:ElectricStrings","theMarked:ChainLightning+1","theMarked:MaelstromOfLightning","theMarked:SoldierForm","CurseOfTheBell","theMarked:ParalyzingBlade","Sweeping Beam","theMarked:EternalStudent"],"relics":["theMarked:ArtifactOfAir","hubris:MobiusCoin","Snack Pack","hubris:SlimyHat","Calling Bell","Replay:Bandana","hubris:DisguiseKit","infinitespire:Joker Card","hubris:Icosahedron"],"acts_visited":["Exordium","TheCity"],"potions_floor_usage":[16,16,16],"damage_taken":[{"damage":8,"enemies":"Jaw Worm","floor":1,"turns":3},{"damage":5,"enemies":"Small Slimes","floor":3,"turns":2},{"damage":0,"enemies":"Cultist","floor":7,"turns":3},{"damage":11,"enemies":"Blue Slaver","floor":8,"turns":3},{"damage":28,"enemies":"Exordium Thugs","floor":13,"turns":4},{"damage":30,"enemies":"The Guardian","floor":16,"turns":7},{"damage":11,"enemies":"Chosen","floor":18,"turns":5},{"damage":42,"enemies":"Spheric Guardian","floor":19,"turns":6},{"damage":23,"enemies":"3 Cultists","floor":20,"turns":5},{"damage":7,"enemies":"Snake Plant","floor":22,"turns":1}],"seed_played":"937559507523396133","potions_obtained":[{"floor":7,"key":"BlessingOfTheForge"},{"floor":8,"key":"Strength Potion"},{"floor":13,"key":"PowerPotion"},{"floor":18,"key":"Reflective Coating"}],"is_trial":false,"path_per_floor":["M","?","M","$","?","R","M","M","T","R","$","?","M","?","R","B",null,"M","M","M","?","M"],"character_chosen":"THE_DEFAULT","items_purchased":["hubris:MobiusCoin","theMarked:MaelstromOfLightning","LifebloodPotion"],"campfire_rested":2,"item_purchase_floors":[4,11,11],"current_hp_per_floor":[62,62,57,57,46,67,67,56,56,56,56,56,28,28,49,31,70,63,21,2,2,0,0],"gold":354,"neow_bonus":"TWO_FIFTY_GOLD","is_daily":false,"chose_seed":false,"campfire_upgraded":1,"win_rate":0.0,"timestamp":1608800981,"path_taken":["M","?","M","$","?","R","M","M","T","R","$","?","?","?","R","BOSS","M","M","M","?","M"],"items_purchased_type":["Relic","Card","Potion"],"build_version":"2020-12-22","purchased_purges":0,"victory":false,"max_hp_per_floor":[70,70,70,70,70,70,70,70,70,70,70,70,70,70,70,70,70,70,70,70,70,70,70],"card_choices":[{"not_picked":["theMarked:ResourceFulStrike","theMarked:Improvise"],"picked":"theMarked:SwordAndMagic","floor":1},{"not_picked":["theMarked:ChainLightning","theMarked:Frustration"],"picked":"theMarked:ElectricStrings","floor":3},{"not_picked":["theMarked:Electrocute","theMarked:Improvise"],"picked":"theMarked:WastefulAttack","floor":7},{"not_picked":["theMarked:SwordAndMagic","theMarked:ContemptForTheProud"],"picked":"theMarked:ChainLightning","floor":8},{"not_picked":["theMarked:CreepingChasm","theMarked:ThrowWeapon","theMarked:ContemptForTheProud"],"picked":"SKIP","floor":13},{"not_picked":["theMarked:Levitate","theMarked:UnarmedFury"],"picked":"theMarked:SoldierForm","floor":16},{"not_picked":["theMarked:StartUp","theMarked:DeterminationOfTheMarked","Stack"],"picked":"theMarked:ParalyzingBlade","floor":18},{"not_picked":["theMarked:Improvise+1","theMarked:EnhancedHearing","theMarked:HeightenedSenses+1"],"picked":"Sweeping Beam","floor":19},{"not_picked":["theMarked:Frustration","theMarked:StartUp+1","Go for the Eyes"],"picked":"theMarked:EternalStudent","floor":20}],"player_experience":725550,"relics_obtained":[{"floor":9,"key":"Snack Pack"},{"floor":14,"key":"hubris:SlimyHat"},{"floor":17,"key":"Replay:Bandana"},{"floor":17,"key":"hubris:DisguiseKit"},{"floor":17,"key":"infinitespire:Joker Card"}],"event_choices":[{"cards_removed":["hubris:Wrath"],"damage_healed":0,"gold_gain":0,"player_choice":"Card Removal","damage_taken":0,"max_hp_gain":0,"max_hp_loss":0,"event_name":"The Cleric","floor":2,"gold_loss":50},{"damage_healed":0,"gold_gain":75,"player_choice":"Gather Gold","damage_taken":11,"max_hp_gain":0,"max_hp_loss":0,"event_name":"World of Goop","floor":5,"gold_loss":0},{"cards_removed":["theMarked:WastefulAttack"],"damage_healed":0,"gold_gain":0,"player_choice":"Card Removal","damage_taken":0,"max_hp_gain":0,"max_hp_loss":0,"event_name":"Wheel of Change","floor":12,"gold_loss":0}],"is_beta":false,"boss_relics":[{"not_picked":["Sozu","Busted Crown"],"picked":"Calling Bell"}],"items_purged_floors":[],"is_endless":false,"potions_floor_spawned":[7,8,13,18],"killed_by":"Snake Plant","ascension_level":0}}