{"host":"m6aaltr68g9tvoay","time":1608775902,"event":{"mods":["AchievementEnabler","BaseMod","Colored Map","Minty Spire (QoL Compilation)","StSLib"],"gold_per_floor":[20,35,35,49,65,65,79,79,79,93,93,93],"floor_reached":11,"playtime":273,"items_purged":[],"score":131,"play_id":"c4b624f1-51ba-41f9-8272-3978f597cf24","local_time":"20201223181142","is_ascension_mode":true,"campfire_choices":[{"floor":6,"key":"REST"},{"data":"Melter","floor":8,"key":"SMITH"}],"circlet_count":0,"master_deck":["AscendersBane","Strike_B","Strike_B","Strike_B","Defend_B","Defend_B","Defend_B","Zap","Dualcast","Scrape","Hello World","Defragment","Ball Lightning","Pain","Capacitor","Glacier","Melter+1"],"relics":["Cracked Core","WarpedTongs","Singing Bowl"],"acts_visited":["Exordium"],"potions_floor_usage":[11],"damage_taken":[{"damage":1,"enemies":"Cultist","floor":1,"turns":3},{"damage":0,"enemies":"2 Louse","floor":2,"turns":3},{"damage":14,"enemies":"Jaw Worm","floor":4,"turns":3},{"damage":17,"enemies":"2 Fungi Beasts","floor":5,"turns":3},{"damage":6,"enemies":"Red Slaver","floor":7,"turns":4},{"damage":14,"enemies":"Blue Slaver","floor":10,"turns":2},{"damage":35,"enemies":"Gremlin Nob","floor":11,"turns":3}],"seed_played":"-4201518417186256093","potions_obtained":[{"floor":1,"key":"ColorlessPotion"},{"floor":4,"key":"Dexterity Potion"}],"is_trial":false,"path_per_floor":["M","M","?","M","M","R","M","R","T","M","E"],"character_chosen":"DEFECT","items_purchased":[],"campfire_rested":1,"item_purchase_floors":[],"current_hp_per_floor":[63,63,63,49,32,53,47,47,47,35,0,0],"gold":93,"neow_bonus":"TRANSFORM_TWO_CARDS","is_daily":false,"chose_seed":false,"campfire_upgraded":1,"win_rate":0.0,"timestamp":1608775902,"path_taken":["M","?","?","M","M","R","M","R","T","?","E"],"items_purchased_type":[],"build_version":"2020-12-22","purchased_purges":0,"victory":false,"max_hp_per_floor":[71,71,71,71,71,71,71,71,71,73,73,73],"card_choices":[{"not_picked":["Undo","Darkness"],"picked":"Defragment","floor":1},{"not_picked":["Redo","Tempest"],"picked":"Ball Lightning","floor":2},{"not_picked":["Stack","Steam"],"picked":"Capacitor","floor":4},{"not_picked":["Hologram","Compile Driver"],"picked":"Glacier","floor":5},{"not_picked":["Consume","Barrage"],"picked":"Melter","floor":7},{"not_picked":["Loop","Redo","Compile Driver"],"picked":"Singing Bowl","floor":10}],"player_experience":1302461,"relics_obtained":[{"floor":9,"key":"Singing Bowl"}],"event_choices":[{"damage_healed":0,"gold_gain":0,"player_choice":"Rummage","damage_taken":0,"relics_obtained":["WarpedTongs"],"max_hp_gain":0,"max_hp_loss":0,"event_name":"Accursed Blacksmith","floor":3,"gold_loss":0,"cards_obtained":["Pain"]}],"is_beta":false,"boss_relics":[],"items_purged_floors":[],"is_endless":false,"potions_floor_spawned":[1,4,5],"killed_by":"Gremlin Nob","ascension_level":19}}