{"host":"mjau5a91be6b66g4","time":1608819933,"event":{"mods":["BaseMod","Minty Spire (QoL Compilation)","StSLib","The Animator","The Bug Knight","The Jungle"],"gold_per_floor":[116,126,301,316,329,329,354,354,354,366,448,448,464,150,150,150,150],"floor_reached":16,"playtime":808,"items_purged":["Doubt"],"score":102,"play_id":"628ee14c-9e2f-4043-8995-d46b09500da5","local_time":"20201224222533","is_ascension_mode":false,"campfire_choices":[{"data":"HollowMod:FocusHealStart","floor":6,"key":"SMITH"},{"floor":8,"key":"REST"},{"floor":15,"key":"REST"}],"circlet_count":0,"master_deck":["HollowMod:NailStrikeStart","HollowMod:NailStrikeStart","HollowMod:NailStrikeStart","HollowMod:NailStrikeStart","HollowMod:QuickDashStart","HollowMod:QuickDashStart","HollowMod:QuickDashStart","HollowMod:QuickDashStart","HollowMod:FocusHealStart+1","HollowMod:PogoStrike","HollowMod:ChannelNail+1","HollowMod:GoodIntentions","HollowMod:SoulSplash","HollowMod:SiblingsSouls","HollowMod:DesolateDive","HollowMod:MonarchWings+1","HollowMod:CornifersMapStart+1","HollowMod:ZotesMagnificence","HollowMod:SoulStrike+1","HollowMod:Grubsong+1"],"relics":["HollowMod:VesselMask","Toxic Egg 2","HollowMod:StagPassRelic","Gremlin Horn","Regal Pillow"],"acts_visited":["Exordium"],"potions_floor_usage":[10,16],"damage_taken":[{"damage":11,"enemies":"Jaw Worm","floor":1,"turns":2},{"damage":7,"enemies":"Small Slimes","floor":2,"turns":4},{"damage":0,"enemies":"Cultist","floor":4,"turns":4},{"damage":12,"enemies":"Exordium Wildlife","floor":5,"turns":3},{"damage":44,"enemies":"3 Sentries","floor":7,"turns":10},{"damage":16,"enemies":"3 Louse","floor":10,"turns":6},{"damage":14,"enemies":"2 Fungi Beasts","floor":13,"turns":4},{"damage":87,"enemies":"Hexaghost","floor":16,"turns":14}],"seed_played":"-9048655363186314564","potions_obtained":[{"floor":5,"key":"EssenceOfSteel"},{"floor":7,"key":"Dexterity Potion"}],"is_trial":false,"path_per_floor":["M","M","?","M","M","R","E","R","T","M","T","?","M","$","R","B"],"character_chosen":"THE_BUGKNIGHT","items_purchased":["HollowMod:SoulStrike","HollowMod:Grubsong","Regal Pillow"],"campfire_rested":2,"item_purchase_floors":[14,14,14],"current_hp_per_floor":[70,68,68,68,62,62,38,60,60,54,54,54,46,46,75,0,0],"gold":150,"neow_bonus":"THREE_CARDS","is_daily":false,"chose_seed":false,"campfire_upgraded":1,"win_rate":0.0,"timestamp":1608819933,"path_taken":["M","M","?","M","M","R","E","R","T","M","?","?","?","$","R","BOSS"],"items_purchased_type":["Card","Card","Relic"],"build_version":"2020-12-22","purchased_purges":1,"victory":false,"max_hp_per_floor":[75,75,75,75,75,75,75,75,75,75,75,75,75,75,75,75,75],"card_choices":[{"not_picked":["HollowMod:CloakDash","HollowMod:DashSlash"],"picked":"HollowMod:ChannelNail","floor":0},{"not_picked":["HollowMod:CycloneSlash","HollowMod:InfectedCysts"],"picked":"HollowMod:GoodIntentions","floor":1},{"not_picked":["HollowMod:DashSlash","HollowMod:InfectionAssault"],"picked":"HollowMod:SoulSplash","floor":2},{"not_picked":["HollowMod:HeavyBlow","HollowMod:DescendingDark"],"picked":"HollowMod:SiblingsSouls","floor":4},{"not_picked":["HollowMod:VengefulVoid","HollowMod:DescendingDark"],"picked":"HollowMod:DesolateDive","floor":5},{"not_picked":["HollowMod:TaintedHusks+1","HollowMod:SharpenedNail"],"picked":"HollowMod:MonarchWings+1","floor":7},{"not_picked":["HollowMod:WraithStrike","HollowMod:DreamGate+1"],"picked":"HollowMod:CornifersMapStart+1","floor":10},{"not_picked":["HollowMod:WraithStrike","HollowMod:InfectionAssault"],"picked":"HollowMod:ZotesMagnificence","floor":13}],"player_experience":223620,"relics_obtained":[{"floor":7,"key":"Toxic Egg 2"},{"floor":9,"key":"HollowMod:StagPassRelic"},{"floor":11,"key":"Gremlin Horn"}],"event_choices":[{"damage_healed":0,"gold_gain":175,"player_choice":"AGREE","damage_taken":0,"max_hp_gain":0,"max_hp_loss":0,"event_name":"Liars Game","floor":3,"gold_loss":0,"cards_obtained":["Doubt"]},{"damage_healed":0,"gold_gain":0,"player_choice":"Upgraded","damage_taken":0,"max_hp_gain":0,"max_hp_loss":0,"event_name":"Upgrade Shrine","floor":12,"gold_loss":0,"cards_upgraded":["HollowMod:ChannelNail"]}],"is_beta":false,"boss_relics":[],"items_purged_floors":[14],"is_endless":false,"potions_floor_spawned":[5,7],"killed_by":"Hexaghost","ascension_level":0}}