{"host":"30jsp143e4v19aze","time":1608830817,"event":{"mods":["BaseMod","Colored Map","Colored Powertips","Curses Come First","DeckTracker","Highlight Path","Minty Spire (QoL Compilation)","Quick Restart","Relic Stats","StSLib","everything is the same but u backflip on backflip","slay the spire mod where everything is the same but ironclad has a cowboy hat"],"gold_per_floor":[109,128,141,216,216,248,248,274,274,294,309,337,354,71,71,145,145,156,97,47,62,73,73,73,73,73],"floor_reached":25,"playtime":1136,"items_purged":["Strike_R"],"score":596,"play_id":"f5911fbc-5207-44b1-b5d4-95769e1cbdab","local_time":"20201224182657","is_ascension_mode":true,"campfire_choices":[{"data":"Carnage","floor":7,"key":"SMITH"},{"data":"Whirlwind","floor":15,"key":"SMITH"},{"floor":23,"key":"REST"}],"circlet_count":0,"master_deck":["AscendersBane","Strike_R","Strike_R","Strike_R","Defend_R","Defend_R","Defend_R","Defend_R","Bash+1","Cleave","Power Through+1","Carnage+1","Whirlwind+1","Shrug It Off","Feel No Pain","Brutality","Feed","Corruption","Flame Barrier","Shrug It Off","Pain"],"relics":["Burning Blood","Potion Belt","Singing Bowl","Peace Pipe","FossilizedHelix","White Beast Statue","SacredBark","WarpedTongs"],"acts_visited":["Exordium","TheCity"],"potions_floor_usage":[12,12,16,21,25,25],"damage_taken":[{"damage":1,"enemies":"Cultist","floor":1,"turns":3},{"damage":9,"enemies":"Jaw Worm","floor":2,"turns":5},{"damage":1,"enemies":"2 Louse","floor":3,"turns":3},{"damage":32,"enemies":"Gremlin Nob","floor":6,"turns":4},{"damage":20,"enemies":"3 Sentries","floor":8,"turns":7},{"damage":3,"enemies":"Gremlin Gang","floor":10,"turns":4},{"damage":0,"enemies":"Exordium Wildlife","floor":11,"turns":3},{"damage":0,"enemies":"Gremlin Nob","floor":12,"turns":3},{"damage":3,"enemies":"Large Slime","floor":13,"turns":5},{"damage":4,"enemies":"Slime Boss","floor":16,"turns":7},{"damage":2,"enemies":"Chosen","floor":18,"turns":5},{"damage":35,"enemies":"Shell Parasite","floor":21,"turns":7},{"damage":72,"enemies":"Sentry and Sphere","floor":22,"turns":11},{"damage":149,"enemies":"Book of Stabbing","floor":25,"turns":8}],"seed_played":"5046404262496386953","potions_obtained":[{"floor":1,"key":"BlessingOfTheForge"},{"floor":10,"key":"Energy Potion"},{"floor":11,"key":"FairyPotion"},{"floor":13,"key":"BlessingOfTheForge"},{"floor":16,"key":"ElixirPotion"},{"floor":18,"key":"BloodPotion"},{"floor":21,"key":"FairyPotion"}],"is_trial":false,"path_per_floor":["M","M","M","?","?","E","R","E","T","M","M","E","M","$","R","B",null,"M","$","?","M","M","R","?","E"],"character_chosen":"IRONCLAD","items_purchased":["Feed","AttackPotion","Shrug It Off"],"campfire_rested":1,"item_purchase_floors":[14,14,19],"current_hp_per_floor":[73,70,75,64,57,31,31,17,17,20,28,34,39,39,39,41,70,74,74,74,78,14,38,38,0,0],"gold":73,"neow_bonus":"RANDOM_COMMON_RELIC","is_daily":false,"chose_seed":false,"campfire_upgraded":2,"win_rate":0.0,"timestamp":1608830817,"path_taken":["M","M","M","?","?","E","R","E","T","M","M","E","M","$","R","BOSS","M","$","?","M","?","R","?","E"],"items_purchased_type":["Card","Potion","Card"],"build_version":"2020-12-22","purchased_purges":1,"victory":false,"max_hp_per_floor":[75,75,75,75,75,75,75,75,75,75,77,77,79,79,79,79,79,79,79,79,81,83,83,83,83,83],"relic_stats":{"Peace Pipe":0,"Singing Bowl":8,"counters":[14,75],"obtain_stats":[{"Potion Belt":0,"Peace Pipe":8,"Singing Bowl":6,"SacredBark":17,"Burning Blood":0,"FossilizedHelix":9,"White Beast Statue":12,"WarpedTongs":24},{"Potion Belt":0,"Peace Pipe":5,"Singing Bowl":4,"SacredBark":10,"Burning Blood":0,"FossilizedHelix":5,"White Beast Statue":8,"WarpedTongs":13},{"Potion Belt":0,"Peace Pipe":22,"Singing Bowl":15,"SacredBark":44,"Burning Blood":0,"FossilizedHelix":22,"White Beast Statue":32,"WarpedTongs":67}],"Burning Blood":78,"WarpedTongs":[7]},"card_choices":[{"not_picked":["Combust","Shrug It Off"],"picked":"Cleave","floor":1},{"not_picked":["Searing Blow","Sword Boomerang"],"picked":"Power Through","floor":2},{"not_picked":["Cleave","Spot Weakness"],"picked":"Carnage","floor":3},{"not_picked":["Body Slam","Heavy Blade"],"picked":"Whirlwind","floor":6},{"not_picked":["Sword Boomerang","Sever Soul"],"picked":"Shrug It Off","floor":8},{"not_picked":["Fire Breathing","Disarm"],"picked":"Feel No Pain","floor":10},{"not_picked":["Twin Strike","Ghostly Armor","Sword Boomerang"],"picked":"Singing Bowl","floor":11},{"not_picked":["Iron Wave","Warcry"],"picked":"Brutality","floor":12},{"not_picked":["Twin Strike","Searing Blow","Rage"],"picked":"Singing Bowl","floor":13},{"not_picked":["Juggernaut","Barricade"],"picked":"Corruption","floor":16},{"not_picked":["Wild Strike","Dark Embrace"],"picked":"Flame Barrier","floor":18},{"not_picked":["Pommel Strike","Headbutt","Iron Wave"],"picked":"Singing Bowl","floor":21},{"not_picked":["Warcry","Dual Wield","Clothesline"],"picked":"Singing Bowl","floor":22}],"player_experience":3153070,"relics_obtained":[{"floor":6,"key":"Singing Bowl"},{"floor":8,"key":"Peace Pipe"},{"floor":9,"key":"FossilizedHelix"},{"floor":12,"key":"White Beast Statue"}],"event_choices":[{"damage_healed":0,"gold_gain":75,"player_choice":"Gather Gold","damage_taken":11,"max_hp_gain":0,"max_hp_loss":0,"event_name":"World of Goop","floor":4,"gold_loss":0},{"cards_removed":["Strike_R"],"damage_healed":0,"gold_gain":0,"player_choice":"Card Removal","damage_taken":7,"max_hp_gain":0,"max_hp_loss":0,"event_name":"Golden Wing","floor":5,"gold_loss":0},{"damage_healed":0,"gold_gain":0,"player_choice":"Upgraded Two","damage_taken":0,"max_hp_gain":0,"max_hp_loss":0,"event_name":"Designer","floor":20,"gold_loss":50,"cards_upgraded":["Bash","Power Through"]},{"damage_healed":0,"gold_gain":0,"player_choice":"Rummage","damage_taken":0,"relics_obtained":["WarpedTongs"],"max_hp_gain":0,"max_hp_loss":0,"event_name":"Accursed Blacksmith","floor":24,"gold_loss":0,"cards_obtained":["Pain"]}],"is_beta":false,"boss_relics":[{"not_picked":["Tiny House","Mark of Pain"],"picked":"SacredBark"}],"items_purged_floors":[14],"is_endless":false,"potions_floor_spawned":[1,10,11,13,16,18,21,22],"killed_by":"Book of Stabbing","ascension_level":20}}