{"host":"uwh382mre4waz4ff","time":1608777361,"event":{"mods":["AchievementEnabler","BaseMod","Better Note","Better Third Choice","BetterRewards","Minty Spire (QoL Compilation)","StSLib","The Poker Player"],"gold_per_floor":[109,79,54,54,74,74,88,108,131,197,197,228,278,328,328,423,423,436,486,536,90,102,131,151,167,167,193,243,243,271,281,281,377,377,391,441,451,466,481,513,525,550,550,580,591,609,659,324,324,324,324,324,23,58,58],"floor_reached":56,"playtime":6662,"items_purged":["PokerPlayerMod:Club1","PokerPlayerMod:Diamond2","PokerPlayerMod:Club3"],"score":1349,"play_id":"c2c15e8f-04b3-48d2-9091-85df3ac5db18","local_time":"20201224103601","is_ascension_mode":false,"metric_token":530,"campfire_choices":[{"data":"PokerPlayerMod:Harden","floor":6,"key":"SMITH"},{"data":"PokerPlayerMod:TrumpStrike","floor":11,"key":"SMITH"},{"data":"PokerPlayerMod:BadJoker","floor":15,"key":"SMITH"},{"data":"PokerPlayerMod:TheDieIsCast","floor":29,"key":"SMITH"},{"data":"PokerPlayerMod:TheDieIsCast","floor":32,"key":"SMITH"},{"floor":49,"key":"RECALL"},{"data":"PokerPlayerMod:ClubShade","floor":52,"key":"SMITH"}],"circlet_count":0,"master_deck":["PokerPlayerMod:Diamond3","PokerPlayerMod:Diamond4","PokerPlayerMod:Diamond5","PokerPlayerMod:Diamond6","PokerPlayerMod:Spade2","PokerPlayerMod:Spade3","PokerPlayerMod:Spade4","PokerPlayerMod:Spade5","PokerPlayerMod:Heart3","PokerPlayerMod:TrumpStrike+1","PokerPlayerMod:BadJoker+1","PokerPlayerMod:Mulligan+1","PokerPlayerMod:Harden+1","PokerPlayerMod:DartThrow+1","PokerPlayerMod:DiamondStrike+1","PokerPlayerMod:Diamond5","PokerPlayerMod:Raise+1","PokerPlayerMod:TheDieIsCast+1","PokerPlayerMod:ClubsClub+1","PokerPlayerMod:SecondChance+1","PokerPlayerMod:Harden+1","PokerPlayerMod:Manipulation+1","PokerPlayerMod:TheDieIsCast+1","PokerPlayerMod:ThinkingTime+1","PokerPlayerMod:MagicTrick+1","PokerPlayerMod:Duplicate+1","PokerPlayerMod:CardBurn+1","Jack Of All Trades+1","PokerPlayerMod:Raise+1","PokerPlayerMod:ClubDance+1","PokerPlayerMod:ClubsClub+1","PokerPlayerMod:JackOfSpades+1","PokerPlayerMod:Club10+","PokerPlayerMod:FillThePot+1","PokerPlayerMod:Overdeal+1","PokerPlayerMod:ClubShade+1","PokerPlayerMod:GamblerForm","PokerPlayerMod:Overdeal"],"relics":["PokerPlayerMod:DeckCase","betterThird:SlimedRelic","SsserpentHead","Happy Flower","Orichalcum","CaptainsWheel","Coffee Dripper","Membership Card","Bird Faced Urn","Bottled Tornado","War Paint","Question Card","Pantograph","Philosopher\u0027s Stone","HornCleat","Girya","White Beast Statue","Smiling Mask","Mark of the Bloom","Thread and Needle","Toolbox","PokerPlayerMod:StuffedPocket","Strange Spoon","Anchor"],"acts_visited":["Exordium","TheCity","TheBeyond","TheEnding"],"potions_floor_usage":[23,23,33,40,42,44,44,46,50,50,50,50,50,50],"damage_taken":[{"damage":15,"enemies":"Jaw Worm","floor":1,"turns":4},{"damage":7,"enemies":"2 Louse","floor":5,"turns":2},{"damage":0,"enemies":"Cultist","floor":7,"turns":2},{"damage":6,"enemies":"Exordium Thugs","floor":8,"turns":3},{"damage":9,"enemies":"Looter","floor":10,"turns":2},{"damage":2,"enemies":"Gremlin Nob","floor":12,"turns":4},{"damage":4,"enemies":"Hexaghost","floor":16,"turns":10},{"damage":0,"enemies":"3 Byrds","floor":18,"turns":5},{"damage":0,"enemies":"Spheric Guardian","floor":22,"turns":3},{"damage":23,"enemies":"Gremlin Leader","floor":23,"turns":6},{"damage":0,"enemies":"Chosen and Byrds","floor":24,"turns":4},{"damage":0,"enemies":"Shelled Parasite and Fungi","floor":25,"turns":2},{"damage":11,"enemies":"Slavers","floor":27,"turns":5},{"damage":9,"enemies":"Gremlin Leader","floor":30,"turns":5},{"damage":0,"enemies":"Sentry and Sphere","floor":31,"turns":4},{"damage":9,"enemies":"Champ","floor":33,"turns":8},{"damage":6,"enemies":"3 Darklings","floor":35,"turns":4},{"damage":6,"enemies":"3 Shapes","floor":37,"turns":3},{"damage":0,"enemies":"Maw","floor":38,"turns":6},{"damage":11,"enemies":"Spire Growth","floor":39,"turns":5},{"damage":28,"enemies":"Reptomancer","floor":40,"turns":4},{"damage":3,"enemies":"Transient","floor":41,"turns":5},{"damage":10,"enemies":"Nemesis","floor":42,"turns":6},{"damage":22,"enemies":"Reptomancer","floor":44,"turns":7},{"damage":21,"enemies":"3 Darklings","floor":45,"turns":3},{"damage":0,"enemies":"4 Shapes","floor":46,"turns":2},{"damage":8,"enemies":"Awakened One","floor":50,"turns":11},{"damage":0,"enemies":"Shield and Spear","floor":54,"turns":4},{"damage":0,"enemies":"The Heart","floor":55,"turns":10}],"seed_played":"-3923048363985859136","potions_obtained":[{"floor":10,"key":"Explosive Potion"},{"floor":16,"key":"Dexterity Potion"},{"floor":23,"key":"Strength Potion"},{"floor":24,"key":"SmokeBomb"},{"floor":27,"key":"Weak Potion"},{"floor":31,"key":"PowerPotion"},{"floor":33,"key":"Energy Potion"},{"floor":40,"key":"Fire Potion"},{"floor":41,"key":"BlessingOfTheForge"},{"floor":42,"key":"Strength Potion"},{"floor":44,"key":"DuplicationPotion"},{"floor":45,"key":"Fire Potion"},{"floor":46,"key":"EntropicBrew"},{"floor":54,"key":"GamblersBrew"}],"is_trial":false,"path_per_floor":["M","?","$","?","M","R","M","M","T","M","R","E","T","?","R","B",null,"M","?","?","$","M","E","M","M","T","E","?","R","E","M","R","B",null,"M","?","M","M","M","E","M","E","T","E","M","M","?","$","R","B",null,"R","$","E","B",null],"character_chosen":"THE_POKER_PLAYER","items_purchased":["PokerPlayerMod:DartThrow","Membership Card","Bird Faced Urn","Bottled Tornado","Thread and Needle","Block Potion","PokerPlayerMod:ClubShade","Toolbox","PokerPlayerMod:GamblerForm","PokerPlayerMod:StuffedPocket","Strange Spoon"],"campfire_rested":0,"item_purchase_floors":[3,21,21,21,48,48,48,48,53,53,53],"current_hp_per_floor":[42,31,31,31,26,26,26,22,22,17,17,17,17,17,17,17,57,57,57,57,57,57,36,44,48,48,48,48,48,50,57,57,50,57,55,55,53,57,46,29,33,30,30,24,9,11,11,11,11,3,3,3,3,3,3],"gold":58,"neow_bonus":"TEN_PERCENT_HP_BONUS","is_daily":false,"chose_seed":false,"campfire_upgraded":6,"win_rate":0.0,"timestamp":1608777361,"path_taken":["M","?","$","?","M","R","M","M","T","?","R","E","?","?","R","BOSS","M","?","?","$","M","E","M","M","T","E","?","R","E","M","R","BOSS","M","?","M","M","M","E","M","E","T","E","M","M","?","$","R","BOSS","R","$","E","BOSS"],"items_purchased_type":["Card","Relic","Relic","Relic","Relic","Potion","Card","Relic","Card","Relic","Relic"],"build_version":"2020-12-22","purchased_purges":3,"victory":true,"max_hp_per_floor":[57,57,57,57,57,57,57,57,57,57,57,57,57,57,57,57,57,57,57,57,57,57,57,57,57,57,57,57,57,57,57,57,57,57,57,57,57,57,57,57,57,57,57,57,57,57,57,57,57,57,57,57,57,57,57],"card_choices":[{"not_picked":["PokerPlayerMod:CardBurn","PokerPlayerMod:Fold"],"picked":"PokerPlayerMod:Harden","floor":1},{"not_picked":["PokerPlayerMod:Trickery","PokerPlayerMod:SpadeStrike"],"picked":"PokerPlayerMod:DiamondStrike","floor":5},{"not_picked":["PokerPlayerMod:Spade3","PokerPlayerMod:Spade2","PokerPlayerMod:Diamond2"],"picked":"SKIP","floor":7},{"not_picked":["PokerPlayerMod:Fold","PokerPlayerMod:Diamond2"],"picked":"PokerPlayerMod:Diamond4","floor":8},{"not_picked":["PokerPlayerMod:Trickery","PokerPlayerMod:Fold","PokerPlayerMod:Extraction"],"picked":"SKIP","floor":10},{"not_picked":["PokerPlayerMod:Club4","PokerPlayerMod:DartThrow"],"picked":"PokerPlayerMod:Raise","floor":12},{"not_picked":["PokerPlayerMod:WasteCollection","PokerPlayerMod:Club9"],"picked":"PokerPlayerMod:TheDieIsCast","floor":16},{"not_picked":["PokerPlayerMod:Heart1","PokerPlayerMod:Club2"],"picked":"PokerPlayerMod:ClubsClub","floor":18},{"not_picked":["PokerPlayerMod:DamnStraight","PokerPlayerMod:Heart1"],"picked":"PokerPlayerMod:Harden","floor":22},{"not_picked":["PokerPlayerMod:DartThrow","PokerPlayerMod:Diamond3","PokerPlayerMod:Spade1"],"picked":"SKIP","floor":23},{"not_picked":["PokerPlayerMod:DiamondStrike","PokerPlayerMod:CloakAndDiamond"],"picked":"PokerPlayerMod:Manipulation+1","floor":24},{"not_picked":["PokerPlayerMod:FlyingCard+1","PokerPlayerMod:Club2","PokerPlayerMod:Spade2"],"picked":"SKIP","floor":25},{"not_picked":["PokerPlayerMod:SpadeStrike","PokerPlayerMod:ClubStrike"],"picked":"PokerPlayerMod:TheDieIsCast","floor":27},{"not_picked":["PokerPlayerMod:Manipulation","PokerPlayerMod:SpadeStrike","PokerPlayerMod:CloakAndDiamond+1","PokerPlayerMod:Diamond1"],"picked":"SKIP","floor":30},{"not_picked":["PokerPlayerMod:SecondChance","PokerPlayerMod:HeartStrike","PokerPlayerMod:Heart2"],"picked":"PokerPlayerMod:MagicTrick+1","floor":31},{"not_picked":["PokerPlayerMod:Diamond7","PokerPlayerMod:Diamond10+","PokerPlayerMod:Heart10+"],"picked":"PokerPlayerMod:Duplicate","floor":33},{"not_picked":["PokerPlayerMod:Heart6","PokerPlayerMod:Diamond1","PokerPlayerMod:Spade6"],"picked":"PokerPlayerMod:CardBurn+1","floor":35},{"not_picked":["Finesse","Madness","Dramatic Entrance"],"picked":"Jack Of All Trades","floor":36},{"not_picked":["PokerPlayerMod:CardBurn+1","PokerPlayerMod:Diamond3","PokerPlayerMod:Club4"],"picked":"PokerPlayerMod:Raise+1","floor":37},{"not_picked":["PokerPlayerMod:DiamondStrike","PokerPlayerMod:Club5","PokerPlayerMod:HotShotCut"],"picked":"PokerPlayerMod:ClubDance","floor":38},{"not_picked":["PokerPlayerMod:Heart5","PokerPlayerMod:Heart2","PokerPlayerMod:Diamond1"],"picked":"PokerPlayerMod:ClubsClub+1","floor":39},{"not_picked":["PokerPlayerMod:FillThePot+1","PokerPlayerMod:Heart1","PokerPlayerMod:Heart7"],"picked":"PokerPlayerMod:JackOfSpades+1","floor":40},{"not_picked":["PokerPlayerMod:FlyingCard+1","PokerPlayerMod:CloakAndDiamond","PokerPlayerMod:ClubsClub","PokerPlayerMod:Spade4"],"picked":"SKIP","floor":41},{"not_picked":["PokerPlayerMod:Diamond4","PokerPlayerMod:DartThrow","PokerPlayerMod:CardBurn+1"],"picked":"PokerPlayerMod:Club9","floor":42},{"not_picked":["PokerPlayerMod:JackOfSpades","PokerPlayerMod:RiskyBet+1","PokerPlayerMod:Spade3","PokerPlayerMod:Diamond5"],"picked":"SKIP","floor":44},{"not_picked":["PokerPlayerMod:Diamond2","PokerPlayerMod:Club2","PokerPlayerMod:Club1"],"picked":"PokerPlayerMod:FillThePot","floor":45},{"not_picked":["PokerPlayerMod:DiamondStrike","PokerPlayerMod:Configure+1","PokerPlayerMod:DamnStraight+1"],"picked":"PokerPlayerMod:Overdeal+1","floor":46},{"not_picked":["PokerPlayerMod:Diamond7","PokerPlayerMod:Spade6","PokerPlayerMod:Spade1"],"picked":"PokerPlayerMod:Overdeal","floor":54}],"player_experience":48863,"relics_obtained":[{"floor":9,"key":"Happy Flower"},{"floor":12,"key":"Orichalcum"},{"floor":13,"key":"CaptainsWheel"},{"floor":23,"key":"War Paint"},{"floor":27,"key":"Question Card"},{"floor":30,"key":"Pantograph"},{"floor":40,"key":"HornCleat"},{"floor":42,"key":"Girya"},{"floor":43,"key":"White Beast Statue"},{"floor":44,"key":"Smiling Mask"},{"floor":54,"key":"Anchor"}],"event_choices":[{"damage_healed":0,"gold_gain":0,"player_choice":"Slimed","damage_taken":11,"max_hp_gain":0,"max_hp_loss":0,"event_name":"betterThird:BetterGoop","floor":2,"gold_loss":30},{"damage_healed":0,"gold_gain":0,"player_choice":"Trade","damage_taken":0,"relics_obtained":["SsserpentHead"],"max_hp_gain":0,"max_hp_loss":0,"event_name":"FaceTrader","floor":4,"gold_loss":0},{"damage_healed":0,"gold_gain":0,"player_choice":"Ignored","damage_taken":328,"max_hp_gain":0,"max_hp_loss":0,"event_name":"betterThird:BetterSerpent","floor":14,"gold_loss":0},{"cards_removed":["PokerPlayerMod:Club1"],"damage_healed":0,"gold_gain":0,"player_choice":"Give","damage_taken":0,"max_hp_gain":0,"max_hp_loss":0,"event_name":"betterNote:BetterNote","floor":19,"gold_loss":0,"cards_obtained":["Strike_B"]},{"damage_healed":0,"gold_gain":0,"player_choice":"Read","damage_taken":0,"max_hp_gain":0,"max_hp_loss":0,"event_name":"The Library","floor":20,"gold_loss":0,"cards_obtained":["PokerPlayerMod:SecondChance"]},{"damage_healed":0,"gold_gain":0,"player_choice":"Think Hard","damage_taken":0,"max_hp_gain":0,"max_hp_loss":0,"event_name":"PokerPlayerMod:Vampires","floor":28,"gold_loss":0,"cards_obtained":["PokerPlayerMod:ThinkingTime"]},{"damage_healed":0,"gold_gain":0,"player_choice":"Memory 1","damage_taken":0,"max_hp_gain":0,"max_hp_loss":0,"event_name":"SensoryStone","floor":36,"gold_loss":0},{"damage_healed":0,"gold_gain":0,"player_choice":"Upgrade","damage_taken":0,"relics_obtained":["Mark of the Bloom"],"max_hp_gain":0,"max_hp_loss":0,"event_name":"MindBloom","floor":47,"gold_loss":0,"cards_upgraded":["PokerPlayerMod:Diamond1","PokerPlayerMod:Diamond2","PokerPlayerMod:Diamond3","PokerPlayerMod:Diamond4","PokerPlayerMod:Diamond5","PokerPlayerMod:Spade1","PokerPlayerMod:Spade2","PokerPlayerMod:Spade3","PokerPlayerMod:Spade4","PokerPlayerMod:Club2","PokerPlayerMod:Heart2","PokerPlayerMod:DartThrow","PokerPlayerMod:DiamondStrike","PokerPlayerMod:Diamond4","PokerPlayerMod:ClubsClub","PokerPlayerMod:SecondChance","PokerPlayerMod:Harden","PokerPlayerMod:ThinkingTime","PokerPlayerMod:Duplicate","Jack Of All Trades","PokerPlayerMod:ClubDance","PokerPlayerMod:Club9","PokerPlayerMod:FillThePot"]}],"is_beta":false,"boss_relics":[{"not_picked":["Ectoplasm","Busted Crown"],"picked":"Coffee Dripper"},{"not_picked":["Empty Cage","Tiny House"],"picked":"Philosopher\u0027s Stone"}],"items_purged_floors":[21,48,53],"is_endless":false,"potions_floor_spawned":[10,16,23,24,27,31,33,40,41,42,44,45,46,54],"ascension_level":0}}