{"host":"z9grmtg2w0nmz8n1","time":1608841112,"event":{"mods":["Aspiration","Bard","BaseMod","Beaked The Cultist","Better Altar","Better Match","Better Note","Better Sensory Stone","Better Skull","Better Third Choice","BetterRewards","CCEM","Colored Map","Conspire","Downfall","GifTheSpireLib","Googly Eyes","Halation","Hermit","Highlight Path","Hubris","Hunter ??","Jedi Mod","Jorbs\u0027s Wanderer Trilogy","Mad Scientist","Marisa????????","Minty Spire (QoL Compilation)","Permanent Neow","Replay The Spire","Shade Mod","Shop Mod","Spicy Shops","StSLib","Stuff the Spire","The Bug Knight","The Construct","The Necromancer","The Runesmith","The Witch"],"gold_per_floor":[117,42,42,62,77,89,89,121,121,132,132,151,186,204,204,304,304,321,321,321,332,332,332,332,332],"floor_reached":24,"playtime":1610,"items_purged":["Strike_G"],"score":243,"play_id":"7b0304b3-3c49-431a-9a5b-55ecd20da4f9","local_time":"20201224181832","is_ascension_mode":true,"campfire_choices":[{"floor":7,"key":"RECALL"},{"data":"After Image","floor":11,"key":"SMITH"},{"floor":15,"key":"REST"},{"data":"Neutralize","floor":23,"key":"SMITH"}],"circlet_count":0,"master_deck":["Defend_G","Defend_G","Defend_G","Defend_G","Defend_G","Survivor","Neutralize+1","Doppelganger","StuffTheSpire:Incantation","Escape Plan","Riddle With Holes","jedi:unstablefumes","After Image+1","Predator","conspire:DoublingDagger+1","Tactician","jedi:unstablefumes+1","Bite","Bite","Bite","Bite","Bite"],"relics":["Ring of the Snake","CCEMRelics:SpiritsEdge","Vajra","aspiration:FutureDiary"],"acts_visited":["Exordium","TheCity"],"potions_floor_usage":[16],"damage_taken":[{"damage":0,"enemies":"Jaw Worm","floor":1,"turns":6},{"damage":0,"enemies":"Cultist","floor":4,"turns":5},{"damage":0,"enemies":"2 Louse","floor":5,"turns":4},{"damage":2,"enemies":"Blue Slaver","floor":6,"turns":3},{"damage":21,"enemies":"3 Sentries","floor":8,"turns":11},{"damage":2,"enemies":"Red Slaver","floor":10,"turns":4},{"damage":0,"enemies":"Looter","floor":12,"turns":3},{"damage":30,"enemies":"Lagavulin","floor":13,"turns":8},{"damage":2,"enemies":"2 Fungi Beasts","floor":14,"turns":3},{"damage":19,"enemies":"The Guardian","floor":16,"turns":14},{"damage":0,"enemies":"Chosen","floor":18,"turns":5},{"damage":0,"enemies":"3 Byrds","floor":21,"turns":6},{"damage":69,"enemies":"Gremlin Leader","floor":24,"turns":8}],"seed_played":"6120187834989302650","potions_obtained":[{"floor":1,"key":"construct:ShiftPotion"},{"floor":12,"key":"CunningPotion"},{"floor":13,"key":"SpeedPotion"},{"floor":16,"key":"Energy Potion"}],"is_trial":false,"path_per_floor":["M","$","?","M","M","M","R","E","T","M","R","M","E","M","R","B",null,"M","?","?","M","?","R","E"],"character_chosen":"THE_SILENT","items_purchased":[],"campfire_rested":1,"item_purchase_floors":[],"current_hp_per_floor":[70,70,70,70,70,68,68,47,47,45,45,45,15,13,34,15,70,70,70,70,70,49,49,0,0],"gold":332,"neow_bonus":"ONE_RANDOM_RARE_CARD","is_daily":false,"chose_seed":false,"campfire_upgraded":2,"win_rate":0.0,"timestamp":1608841112,"path_taken":["M","$","?","M","M","?","R","E","T","M","R","?","E","M","R","BOSS","M","?","?","M","?","R","E"],"items_purchased_type":[],"build_version":"2020-12-22","purchased_purges":1,"victory":false,"max_hp_per_floor":[70,70,70,70,70,70,70,70,70,70,70,70,70,70,70,70,70,70,70,70,70,49,49,49,49],"card_choices":[{"not_picked":["Skewer","Terror","ReplayTheSpireMod:Exploit Weakness"],"picked":"SKIP","floor":1},{"not_picked":["Deflect","Flying Knee"],"picked":"Escape Plan","floor":4},{"not_picked":["Backflip","StuffTheSpire:BumpUp"],"picked":"Riddle With Holes","floor":5},{"not_picked":["Dagger Throw","Quick Slash","Flying Knee"],"picked":"SKIP","floor":6},{"not_picked":["Fluid Movement","Setup"],"picked":"jedi:unstablefumes","floor":8},{"not_picked":["jedi:pocketpoison","StuffTheSpire:Sprint"],"picked":"After Image","floor":10},{"not_picked":["Sucker Punch","Acrobatics"],"picked":"Predator","floor":12},{"not_picked":["Underhanded Strike","Bane"],"picked":"conspire:DoublingDagger","floor":13},{"not_picked":["StuffTheSpire:BrimstoneBlast","hubris:TrickCloak"],"picked":"Tactician","floor":14},{"not_picked":["StuffTheSpire:BrimstoneBlast","Dodge and Roll+1","Quick Slash"],"picked":"SKIP","floor":18},{"not_picked":["jedi:pocketpoison","hubris:SlightOfHand"],"picked":"jedi:unstablefumes+1","floor":21}],"player_experience":704553,"relics_obtained":[{"floor":8,"key":"CCEMRelics:SpiritsEdge"},{"floor":13,"key":"Vajra"}],"event_choices":[{"damage_healed":0,"gold_gain":0,"cards_transformed":["Strike_G"],"player_choice":"Transformed","damage_taken":0,"max_hp_gain":0,"max_hp_loss":0,"event_name":"Transmorgrifier","floor":3,"gold_loss":0,"cards_obtained":["StuffTheSpire:Incantation"]},{"damage_healed":0,"gold_gain":0,"player_choice":"Upgraded","damage_taken":0,"max_hp_gain":0,"max_hp_loss":0,"event_name":"Upgrade Shrine","floor":19,"gold_loss":0,"cards_upgraded":["conspire:DoublingDagger"]},{"cards_removed":["Strike_G"],"damage_healed":0,"gold_gain":0,"player_choice":"Give","damage_taken":0,"max_hp_gain":0,"max_hp_loss":0,"event_name":"betterNote:BetterNote","floor":20,"gold_loss":0,"cards_obtained":["Parasite"]},{"damage_healed":0,"gold_gain":0,"player_choice":"Became a vampire","damage_taken":0,"max_hp_gain":0,"max_hp_loss":21,"event_name":"Vampires","floor":22,"gold_loss":0,"cards_obtained":["Bite","Bite","Bite","Bite","Bite"]}],"is_beta":false,"boss_relics":[{"not_picked":["hubris:Stopwatch","halation:SmartPhone"],"picked":"aspiration:FutureDiary"}],"items_purged_floors":[2],"is_endless":false,"potions_floor_spawned":[1,12,13,16],"killed_by":"Gremlin Leader","ascension_level":1}}