{"host":"i1ibt4vxe0effuru","time":1608771714,"event":{"mods":["AchievementEnabler","BaseMod","Card Forge","Minty Spire (QoL Compilation)","Quick Restart","Shop Mod","StSLib"],"gold_per_floor":[111,111,126,140,152,152,171,171,171,227,227,227,227,227,227,227,227,227,227,227,227,227,227,227,227,227,227,227,227,227,326,326,326,326,326,326,326,326,326,326,326,326,326,326,326,326,326,326,326,326],"floor_reached":51,"playtime":812,"items_purged":[],"score":972,"play_id":"c1f2cd16-84b9-4c4b-8cbc-a149198d986f","local_time":"20201224110154","is_ascension_mode":false,"campfire_choices":[{"floor":6,"key":"REST"},{"floor":15,"key":"REST"},{"floor":23,"key":"REST"},{"floor":27,"key":"REST"},{"floor":32,"key":"REST"},{"floor":40,"key":"REST"},{"floor":45,"key":"REST"},{"floor":47,"key":"REST"},{"floor":49,"key":"REST"}],"circlet_count":0,"master_deck":["Concentrate+1","Prepared+1","Reflex+1","Tactician+1","Skewer+1","Feed+1"],"relics":["Ring of the Snake","Hammer of Thor","Seething Fire","Anvil of the Gods"],"acts_visited":["Exordium","TheCity","TheBeyond"],"potions_floor_usage":[],"damage_taken":[{"damage":0,"enemies":"Small Slimes","floor":1,"turns":2},{"damage":0,"enemies":"2 Louse","floor":3,"turns":1},{"damage":0,"enemies":"Cultist","floor":4,"turns":1},{"damage":0,"enemies":"Red Slaver","floor":5,"turns":1},{"damage":0,"enemies":"2 Fungi Beasts","floor":7,"turns":1},{"damage":0,"enemies":"Blue Slaver","floor":8,"turns":1},{"damage":0,"enemies":"Exordium Wildlife","floor":12,"turns":1},{"damage":0,"enemies":"2 Fungi Beasts","floor":13,"turns":1},{"damage":0,"enemies":"Looter","floor":14,"turns":1},{"damage":0,"enemies":"The Guardian","floor":16,"turns":1},{"damage":0,"enemies":"2 Thieves","floor":18,"turns":1},{"damage":0,"enemies":"Spheric Guardian","floor":21,"turns":1},{"damage":0,"enemies":"Centurion and Healer","floor":24,"turns":1},{"damage":0,"enemies":"Snecko","floor":25,"turns":1},{"damage":0,"enemies":"3 Cultists","floor":28,"turns":1},{"damage":0,"enemies":"Snake Plant","floor":30,"turns":1},{"damage":0,"enemies":"Champ","floor":33,"turns":1},{"damage":0,"enemies":"3 Darklings","floor":35,"turns":1},{"damage":0,"enemies":"Orb Walker","floor":36,"turns":1},{"damage":0,"enemies":"3 Darklings","floor":37,"turns":1},{"damage":0,"enemies":"Sphere and 2 Shapes","floor":38,"turns":1},{"damage":0,"enemies":"Maw","floor":41,"turns":1},{"damage":0,"enemies":"3 Darklings","floor":44,"turns":1},{"damage":0,"enemies":"Mind Bloom Boss Battle","floor":48,"turns":1},{"damage":0,"enemies":"Donu and Deca","floor":50,"turns":1}],"seed_played":"190185623146703616","potions_obtained":[],"is_trial":false,"path_per_floor":["M","?","M","M","M","R","M","M","T","?","?","M","M","M","R","B",null,"M","?","$","M","?","R","M","M","T","R","M","?","M","?","R","B",null,"M","M","M","M","$","R","M","$","T","M","R","?","R","?","R","B",null],"character_chosen":"THE_SILENT","items_purchased":[],"campfire_rested":9,"item_purchase_floors":[],"current_hp_per_floor":[77,82,82,82,82,82,82,82,82,82,82,82,82,82,82,82,82,82,82,82,82,66,87,87,87,87,87,87,87,87,87,87,87,87,87,87,87,87,87,87,87,87,87,87,87,87,87,87,87,91],"gold":326,"neow_bonus":"TEN_PERCENT_HP_BONUS","is_daily":false,"chose_seed":false,"campfire_upgraded":0,"win_rate":0.0,"timestamp":1608771714,"path_taken":["M","?","M","M","M","R","M","M","T","?","?","?","M","M","R","BOSS","M","?","$","M","?","R","M","M","T","R","M","?","?","?","R","BOSS","M","M","M","M","$","R","M","$","T","M","R","?","R","?","R","BOSS"],"items_purchased_type":[],"build_version":"2020-12-22","purchased_purges":0,"victory":true,"max_hp_per_floor":[77,82,82,82,82,82,82,82,82,82,82,82,82,82,82,82,82,82,82,82,82,87,87,87,87,87,87,87,87,87,87,87,87,87,87,87,87,87,87,87,87,87,87,87,87,87,87,87,87,91],"card_choices":[{"not_picked":["Dagger Spray","Slice","Terror"],"picked":"SKIP","floor":1},{"not_picked":["Slice","Backflip","Accuracy"],"picked":"SKIP","floor":3},{"not_picked":["Dagger Spray","Flying Knee","Quick Slash"],"picked":"SKIP","floor":4},{"not_picked":["Infinite Blades","Masterful Stab","Leg Sweep"],"picked":"SKIP","floor":5},{"not_picked":["Dash","Dagger Spray","Underhanded Strike"],"picked":"SKIP","floor":7},{"not_picked":["Phantasmal Killer","PiercingWail","Cloak And Dagger"],"picked":"SKIP","floor":8},{"not_picked":["Masterful Stab","Bane","Acrobatics"],"picked":"SKIP","floor":12},{"not_picked":["Expertise","Slice","PiercingWail"],"picked":"SKIP","floor":13},{"not_picked":["Underhanded Strike","Backflip","Dagger Spray"],"picked":"SKIP","floor":14},{"not_picked":["All Out Attack","Noxious Fumes","Blade Dance"],"picked":"SKIP","floor":18},{"not_picked":["Predator+1","Dash+1","Prepared+1"],"picked":"SKIP","floor":21},{"not_picked":["Flechettes","Underhanded Strike","Sucker Punch"],"picked":"SKIP","floor":24},{"not_picked":["Blade Dance+1","Riddle With Holes+1","Prepared"],"picked":"SKIP","floor":25},{"not_picked":["Backflip","Infinite Blades","Sucker Punch"],"picked":"SKIP","floor":28},{"not_picked":["Escape Plan","A Thousand Cuts","Poisoned Stab"],"picked":"SKIP","floor":30},{"not_picked":["Deadly Poison+1","Dagger Throw+1","Footwork+1"],"picked":"SKIP","floor":35},{"not_picked":["Blur+1","Accuracy","Acrobatics+1"],"picked":"SKIP","floor":36},{"not_picked":["Underhanded Strike+1","Endless Agony","Dagger Spray"],"picked":"SKIP","floor":37},{"not_picked":["Cloak And Dagger+1","Dagger Spray+1","Escape Plan"],"picked":"SKIP","floor":38},{"not_picked":["Prepared+1","Noxious Fumes+1","Cloak And Dagger+1"],"picked":"SKIP","floor":41},{"not_picked":["Poisoned Stab","Prepared+1","Deadly Poison"],"picked":"SKIP","floor":44}],"player_experience":156118,"relics_obtained":[],"event_choices":[{"damage_healed":0,"gold_gain":0,"player_choice":"Donut","damage_taken":0,"max_hp_gain":5,"max_hp_loss":0,"event_name":"Big Fish","floor":2,"gold_loss":0},{"damage_healed":0,"gold_gain":56,"player_choice":"Gained Gold","damage_taken":0,"max_hp_gain":0,"max_hp_loss":0,"event_name":"Golden Wing","floor":10,"gold_loss":0},{"damage_healed":0,"gold_gain":0,"player_choice":"Bought 0 Potions","damage_taken":0,"max_hp_gain":0,"max_hp_loss":0,"event_name":"The Woman in Blue","floor":11,"gold_loss":0},{"damage_healed":0,"gold_gain":0,"player_choice":"Ignored","damage_taken":0,"max_hp_gain":0,"max_hp_loss":0,"event_name":"Vampires","floor":19,"gold_loss":0},{"damage_healed":0,"gold_gain":0,"player_choice":"Shed Blood","damage_taken":21,"max_hp_gain":5,"max_hp_loss":0,"event_name":"Forgotten Altar","floor":22,"gold_loss":0},{"damage_healed":0,"gold_gain":0,"player_choice":"Ignored","damage_taken":0,"max_hp_gain":0,"max_hp_loss":0,"event_name":"Beggar","floor":29,"gold_loss":0},{"damage_healed":0,"gold_gain":99,"player_choice":"Stole From Cult","damage_taken":0,"max_hp_gain":0,"max_hp_loss":0,"event_name":"Nest","floor":31,"gold_loss":0},{"damage_healed":0,"gold_gain":0,"player_choice":"Memory 1","damage_taken":0,"max_hp_gain":0,"max_hp_loss":0,"event_name":"SensoryStone","floor":46,"gold_loss":0},{"damage_healed":0,"gold_gain":0,"player_choice":"Fight","damage_taken":0,"max_hp_gain":0,"max_hp_loss":0,"event_name":"MindBloom","floor":48,"gold_loss":0}],"is_beta":false,"boss_relics":[{"not_picked":["Cursed Key","Velvet Choker","Calling Bell"]},{"not_picked":["Cursed Key","Velvet Choker","Calling Bell"]}],"items_purged_floors":[],"is_endless":false,"potions_floor_spawned":[3,4,8,13,14,16,24,25,28,33,36,37,44],"ascension_level":0}}