{"host":"fbjkyf8096sobcph","time":1608770218,"event":{"mods":["2.2 Compatiblity","AchievementEnabler","Aspiration","BaseMod","Better Altar","Better Match","Better Note","Better Sensory Stone","Better Skull","Better Third Choice","BetterRewards","CCEM","Clawfect","Colored Map","Conspire","Downfall","GifTheSpireLib","Halation","Highlight Path","Hubris","Infinite Spire","Mimic Mod","Minty Spire (QoL Compilation)","Permanent Neow","Replay The Spire","Shop Mod","Spicy Shops","StSLib","Stuff the Spire","Unceasing Turn Reminder","Waifu the Spire","everything is the same but u backflip on backflip","slay the spire mod where everything is the same but ironclad has a cowboy hat"],"gold_per_floor":[99,118,136,136,136,136,176,176,176,196,210,210,224,244,244,0,18,115,115,115,115,133,133,145,163,163,88,88,88,88,41,61,74,74,174,174,205,216,313,313,313,331,351,366,366,291,363,363,388,406,439,289,302,317,331,331,331,365,50,50,50],"floor_reached":62,"playtime":5333,"items_purged":["Parasite"],"score":1305,"play_id":"3744c57b-1efa-40bf-b784-2355e226b4dc","local_time":"20201224013658","is_ascension_mode":false,"campfire_choices":[{"data":"Mayhem","floor":1,"key":"SMITH"},{"data":"infinitespire:Menacing","floor":6,"key":"SMITH"},{"data":"Slimebound:OneTwoCombo","floor":12,"key":"SMITH"},{"data":"Slimebound:MinionMaster","floor":20,"key":"SMITH"},{"floor":36,"key":"RECALL"},{"floor":41,"key":"DIG"},{"data":"Slimebound:SlimeSlap","floor":46,"key":"SMITH"},{"data":"Slimebound:Nibble","floor":46,"key":"SMITH"},{"data":"Slimebound:Teamwork","floor":52,"key":"SMITH"},{"data":"Slimebound:CorrosiveSpit","floor":52,"key":"SMITH"},{"data":"Slimebound:ForwardTackle","floor":60,"key":"SMITH"},{"data":"Slimebound:GoopTackle","floor":60,"key":"SMITH"}],"circlet_count":0,"master_deck":["Slimebound:Strike_Slimebound","Slimebound:Strike_Slimebound","Slimebound:Strike_Slimebound","Slimebound:Tackle","Slimebound:Defend_Slimebound","Slimebound:Defend_Slimebound","Slimebound:Defend_Slimebound","Slimebound:Defend_Slimebound","Slimebound:Split","Slimebound:CorrosiveSpit+1","Mayhem+1","Slimebound:Nibble+1","Slimebound:ForwardTackle+1","infinitespire:Menacing+1","Slimebound:Schlurp","Slimebound:OneTwoCombo+1","Slimebound:PressTheAttack","Slimebound:RollThrough","Slimebound:RainOfGoop","Slimebound:Teamwork+1","Slimebound:FlameTackle","Slimebound:MinionMaster+1","Slimebound:SplitBruiser+1","Slimebound:SplitBruiser+1","Slimebound:Prepare+1","Slimebound:SlimeSlap+1","Slimebound:LeadByExample+1","Slimebound:ViciousTackle","expansioncontent:Sear","Slimebound:GoopTackle+1","Slimebound:FinishingTackle+1","Slimebound:SplitMire","Slimebound:SplitAcid","Slimebound:LeechLife+1","Slimebound:LeechEnergy+1","Slimebound:OneTwoCombo+1","Slimebound:LivingWall+1","Slimebound:DuplicatedForm+1","Slimebound:OneTwoCombo+1","Slimebound:Equalize+1","Slimebound:LeechLife+1","Slimebound:DisruptingSlam+1","Slimebound:Chomp+1","Slimebound:MegaLick+1","Slimebound:SplitBruiser+1"],"relics":["Slimebound:AbsorbEndCombat","Toy Ornithopter","StuffTheSpire:Experiment12","Orichalcum","Slimebound:SelfDamagePreventRelic","aspiration:TomeofQuesting","Nloth\u0027s Gift","hubris:Potato","infinitespire:BottledMercury","BargainBundle","Tiny Chest","halation:PenCase","Golden Egg","Pantograph","Slimebound:TarBlob","Molten Egg 2","hubris:Icosahedron","downfall:HeartBlessingRed","halation:VictoryRuler","StuffTheSpire:SapphireSignet","hubris:BundleOfHerbs","downfall:HeartBlessingBlue","downfall:HeartBlessingGreen","CCEMRelics:GrapeVine","CCEMRelics:TechnogenicHelmet"],"acts_visited":["Exordium","TheCity","TheBeyond","TheEnding"],"potions_floor_usage":[7,14,16,18,22,24,32,35,35,37,39,51,58,58,58,61],"damage_taken":[{"damage":4,"enemies":"conspire:RoseBush","floor":2,"turns":4},{"damage":11,"enemies":"Small Slimes","floor":3,"turns":3},{"damage":14,"enemies":"Cultist","floor":7,"turns":4},{"damage":4,"enemies":"Cultist","floor":10,"turns":3},{"damage":19,"enemies":"Exordium Wildlife","floor":11,"turns":3},{"damage":6,"enemies":"conspire:2 RoseBushes","floor":13,"turns":5},{"damage":15,"enemies":"Large Slime","floor":14,"turns":5},{"damage":6,"enemies":"downfall:FleeingMerchant","floor":16,"turns":5},{"damage":6,"enemies":"3 Louse","floor":17,"turns":2},{"damage":45,"enemies":"downfall:Defect","floor":18,"turns":6},{"damage":17,"enemies":"conspire:FuzzyDice","floor":22,"turns":5},{"damage":2,"enemies":"Spheric Guardian","floor":24,"turns":3},{"damage":24,"enemies":"Centurion and Healer","floor":25,"turns":5},{"damage":0,"enemies":"downfall:FleeingMerchant","floor":31,"turns":6},{"damage":14,"enemies":"Sentry and Sphere","floor":32,"turns":4},{"damage":2,"enemies":"Cultist and Chosen","floor":33,"turns":4},{"damage":30,"enemies":"Colosseum Nobs","floor":35,"turns":5},{"damage":4,"enemies":"conspire:SneckoGhost","floor":37,"turns":5},{"damage":14,"enemies":"Snecko","floor":38,"turns":4},{"damage":51,"enemies":"downfall:Watcher","floor":39,"turns":7},{"damage":25,"enemies":"3 Darklings","floor":42,"turns":3},{"damage":8,"enemies":"Orb Walker","floor":43,"turns":3},{"damage":0,"enemies":"Sphere and 2 Shapes","floor":44,"turns":3},{"damage":27,"enemies":"Reptomancer","floor":49,"turns":4},{"damage":2,"enemies":"4 Shapes","floor":50,"turns":2},{"damage":48,"enemies":"Nightmare","floor":51,"turns":9},{"damage":2,"enemies":"Writhing Mass","floor":53,"turns":3},{"damage":0,"enemies":"Jaw Worm Horde","floor":54,"turns":2},{"damage":6,"enemies":"4 Shapes","floor":55,"turns":2},{"damage":16,"enemies":"downfall:Ironclad","floor":56,"turns":5},{"damage":57,"enemies":"downfall:CharBossMerchant","floor":58,"turns":6},{"damage":33,"enemies":"downfall:NeowBoss","floor":61,"turns":19}],"seed_played":"1684647621076631850","potions_obtained":[{"floor":2,"key":"Fire Potion"},{"floor":10,"key":"champ:CounterPotion"},{"floor":11,"key":"GamblersBrew"},{"floor":14,"key":"Slimebound:ThreeZeroPotion"},{"floor":17,"key":"SkillPotion"},{"floor":22,"key":"Energy Potion"},{"floor":35,"key":"Weak Potion"},{"floor":37,"key":"Milkshake"},{"floor":43,"key":"ColorlessPotion"},{"floor":50,"key":"BlessingOfTheForge"},{"floor":53,"key":"DuplicationPotion"},{"floor":54,"key":"ColorlessPotion"},{"floor":58,"key":"infinitespire:BlackPotion"}],"is_trial":false,"path_per_floor":["R","M","M","?","?","R","MIM","PTL","PTL","M","M","R","M","M","T","$","M","B",null,"R","?","M","?","M","M","T","?","PTL","PTL","T","$","M","M","?","?","R","E","M","B",null,"R_BF","M","M","M","?","R","T","T","E","M","NM","R","M","M","M","B",null,"E","$","R","B",null],"character_chosen":"SLIMEBOUND","items_purchased":["Slimebound:SelfDamagePreventRelic","aspiration:TomeofQuesting","BargainBundle","Fire Potion","Milkshake","champ:CounterPotion","Slimebound:LeadByExample+1","Slimebound:ViciousTackle","Tiny Chest","expansioncontent:Sear","Slimebound:GoopTackle","CCEMRelics:TechnogenicHelmet"],"campfire_rested":0,"item_purchase_floors":[16,16,31,31,31,31,31,31,31,31,31,59],"current_hp_per_floor":[42,46,43,28,25,25,32,32,32,40,33,33,43,53,53,60,60,43,60,60,60,60,70,70,56,56,56,56,56,56,70,58,70,70,52,52,69,56,56,70,70,69,70,70,70,70,70,70,70,68,70,80,80,80,80,80,80,80,77,77,77],"gold":50,"neow_bonus":"RANDOM_COLORLESS_2","is_daily":false,"chose_seed":false,"campfire_upgraded":10,"win_rate":0.0,"timestamp":1608770218,"path_taken":["R","M","M","?","?","R","MIM","PTL","PTL","M","M","R","?","M","?","?","M","BOSS","R","?","M","?","M","M","T","?","PTL","PTL","T","$","M","M","?","?","R","E","M","BOSS","R_BF","M","M","M","?","R","T","?","E","M","NM","R","M","M","M","BOSS","E","$","R","BOSS"],"items_purchased_type":["Relic","Relic","Relic","Potion","Potion","Potion","Card","Card","Relic","Card","Card","Relic"],"build_version":"2020-12-22","purchased_purges":1,"victory":true,"max_hp_per_floor":[60,60,60,60,60,60,60,60,60,60,60,60,60,60,60,60,60,60,60,60,60,60,70,70,70,70,70,70,70,70,70,70,70,70,70,70,70,70,70,70,70,70,70,70,70,70,70,70,70,70,70,80,80,80,80,80,80,80,77,77,77],"card_choices":[{"not_picked":["Secret Weapon","Secret Technique"],"picked":"Mayhem","floor":0},{"not_picked":["Slimebound:ServeAndProtect","Slimebound:DivideAndConquer"],"picked":"Slimebound:Nibble","floor":2},{"not_picked":["Slimebound:SplitLeeching","Slimebound:SamplingLick"],"picked":"Slimebound:ForwardTackle","floor":3},{"not_picked":["infinitespire:Oblivion","infinitespire:TheBestDefense"],"picked":"infinitespire:Menacing","floor":4},{"not_picked":["Slimebound:FinishingTackle","Slimebound:ViciousTackle"],"picked":"Slimebound:Schlurp","floor":7},{"not_picked":["Slimebound:SlimeSpikes","Slimebound:RainOfGoop"],"picked":"Slimebound:OneTwoCombo","floor":10},{"not_picked":["Slimebound:ViciousTackle","Slimebound:LeechingTouch"],"picked":"Slimebound:PressTheAttack","floor":11},{"not_picked":["Slimebound:FinishingTackle","Slimebound:ServeAndProtect"],"picked":"Slimebound:RollThrough","floor":13},{"not_picked":["Slimebound:GrowthPunch","Slimebound:DivideAndConquer"],"picked":"Slimebound:RainOfGoop","floor":14},{"not_picked":["Slimebound:SlimeBrawl","Slimebound:DivideAndConquer"],"picked":"Slimebound:Teamwork","floor":16},{"not_picked":["Slimebound:FinishingTackle","Slimebound:GoopSpray"],"picked":"Slimebound:FlameTackle","floor":17},{"not_picked":["Slimebound:Overexert","Slimebound:CheckThePlaybook"],"picked":"Slimebound:MinionMaster","floor":18},{"not_picked":["Slimebound:ServeAndProtect","Slimebound:MassFeed"],"picked":"Slimebound:DouseInSlime","floor":22},{"not_picked":["Slimebound:Nibble","Slimebound:RollThrough"],"picked":"Slimebound:SplitBruiser+1","floor":24},{"not_picked":["Slimebound:Equalize","Slimebound:PressTheAttack"],"picked":"Slimebound:SplitBruiser+1","floor":25},{"not_picked":["Slimebound:SlimeTap+1","Slimebound:Chomp+1"],"picked":"Slimebound:Prepare+1","floor":27},{"not_picked":["Slimebound:SlimeSpikes","Slimebound:Equalize"],"picked":"Slimebound:SlimeSlap","floor":31},{"not_picked":["Slimebound:ServeAndProtect+1","Slimebound:GoopSpray"],"picked":"Slimebound:FinishingTackle+1","floor":32},{"not_picked":["Slimebound:TongueLash","Slimebound:Nibble"],"picked":"Slimebound:SplitMire","floor":33},{"not_picked":["Slimebound:SplitLeeching","Slimebound:Repurpose"],"picked":"Slimebound:SplitAcid","floor":35},{"not_picked":["Slimebound:LeadByExample","Slimebound:Gluttony"],"picked":"Slimebound:LeechLife","floor":37},{"not_picked":["Slimebound:SlimeSpikes","Slimebound:TongueLash"],"picked":"Slimebound:LeechEnergy+1","floor":38},{"not_picked":["Slimebound:Overexert","Slimebound:Teamwork"],"picked":"Slimebound:OneTwoCombo","floor":39},{"not_picked":["Slimebound:FinishingTackle+1","Slimebound:PressTheAttack+1"],"picked":"Slimebound:LivingWall+1","floor":42},{"not_picked":["Slimebound:SlimeTap+1","Slimebound:FinishingTackle+1"],"picked":"Slimebound:DuplicatedForm","floor":43},{"not_picked":["Slimebound:Equalize+1","Slimebound:SplitMire"],"picked":"Slimebound:OneTwoCombo+1","floor":44},{"not_picked":["Slimebound:MassRepurpose","Slimebound:SelfFormingGoo","Slimebound:FinishingTackle+1"],"picked":"SKIP","floor":49},{"not_picked":["Slimebound:MegaLick","Slimebound:SplitBruiser"],"picked":"Slimebound:Equalize+1","floor":50},{"not_picked":["Slimebound:DouseInSlime","Slimebound:ProtectTheBoss"],"picked":"Slimebound:LeechLife+1","floor":51},{"not_picked":["Slimebound:GrowthPunch+1","Slimebound:GoopSpray"],"picked":"Slimebound:DisruptingSlam+1","floor":53},{"not_picked":["Slimebound:WasteNot","Slimebound:RainOfGoop+1"],"picked":"Slimebound:Chomp+1","floor":54},{"not_picked":["Slimebound:Prepare","Slimebound:LeechEnergy+1"],"picked":"Slimebound:MegaLick+1","floor":55},{"not_picked":["Slimebound:FinishingTackle+1","Slimebound:RejuvenatingLick+1"],"picked":"Slimebound:SplitBruiser+1","floor":58}],"player_experience":199372,"relics_obtained":[{"floor":7,"key":"StuffTheSpire:Experiment12"},{"floor":15,"key":"Orichalcum"},{"floor":26,"key":"hubris:Potato"},{"floor":30,"key":"infinitespire:BottledMercury"},{"floor":35,"key":"halation:PenCase"},{"floor":35,"key":"Golden Egg"},{"floor":37,"key":"Pantograph"},{"floor":41,"key":"Molten Egg 2"},{"floor":48,"key":"halation:VictoryRuler"},{"floor":49,"key":"StuffTheSpire:SapphireSignet"},{"floor":51,"key":"hubris:BundleOfHerbs"},{"floor":58,"key":"CCEMRelics:GrapeVine"}],"event_choices":[{"damage_healed":0,"gold_gain":0,"player_choice":"Success","damage_taken":3,"relics_obtained":["Toy Ornithopter"],"max_hp_gain":0,"max_hp_loss":0,"event_name":"Scrap Ooze","floor":5,"gold_loss":0},{"cards_removed":["Slimebound:DouseInSlime"],"damage_healed":0,"gold_gain":0,"player_choice":"Offered Rare","damage_taken":0,"max_hp_gain":10,"max_hp_loss":0,"event_name":"Bonfire Elementals","floor":23,"gold_loss":0},{"damage_healed":0,"gold_gain":0,"player_choice":"2","damage_taken":0,"max_hp_gain":0,"max_hp_loss":0,"event_name":"betterMatch:BetterMatch","floor":27,"gold_loss":0,"cards_obtained":["betterMatch:UncommonCard"]}],"is_beta":false,"boss_relics":[{"not_picked":["Runic Dome","halation:MonkeysPaw"],"picked":"Philosopher\u0027s Stone"},{"not_picked":["CCEMRelics:TransientCore","halation:PlatinumPhoenix"],"picked":"Slimebound:TarBlob"}],"items_purged_floors":[59],"is_endless":false,"potions_floor_spawned":[2,10,11,14,17,22,35,37,43,50,53,54,58],"ascension_level":0}}