{"host":"y76clbnovzmw9ubx","time":1608823536,"event":{"mods":["AchievementEnabler","BaseMod","Minty Spire (QoL Compilation)","Permanent Neow","Relic Stats"],"gold_per_floor":[109,109,109,124,134,160,160,160,214,214,289,319,336,352,352,426,426,437,362,412,412,429,429,447,447,447,481,481,34,66,77,77,77,77],"floor_reached":33,"playtime":1635,"items_purged":["Regret"],"score":586,"play_id":"7ec9637e-c8f1-4ee5-ad71-9594a0d7d70d","local_time":"20201224102536","is_ascension_mode":true,"campfire_choices":[{"data":"Corruption","floor":7,"key":"SMITH"},{"data":"Bash","floor":10,"key":"SMITH"},{"data":"Pommel Strike","floor":15,"key":"SMITH"},{"floor":23,"key":"REST"},{"floor":25,"key":"REST"},{"floor":32,"key":"REST"}],"circlet_count":0,"master_deck":["AscendersBane","Strike_R","Strike_R","Defend_R","Defend_R","Defend_R","Defend_R","Bash+1","Reckless Charge","Armaments","Rampage","Metallicize","Corruption+1","Pommel Strike+1","Metallicize","Feed","Metallicize+1","Pommel Strike","True Grit+1","Reaper","Parasite","Inflame","Reaper","Flame Barrier","Flame Barrier"],"relics":["Burning Blood","MealTicket","Orichalcum","The Courier","Cursed Key","InkBottle","Letter Opener","Turnip","Membership Card","Ginger","Shuriken"],"acts_visited":["TheCity"],"potions_floor_usage":[12,16,24,27,30,30],"damage_taken":[{"damage":3,"enemies":"2 Louse","floor":1,"turns":3},{"damage":7,"enemies":"Jaw Worm","floor":4,"turns":4},{"damage":1,"enemies":"Cultist","floor":5,"turns":3},{"damage":16,"enemies":"Lagavulin","floor":6,"turns":7},{"damage":15,"enemies":"Gremlin Nob","floor":12,"turns":4},{"damage":12,"enemies":"Looter","floor":13,"turns":3},{"damage":9,"enemies":"Large Slime","floor":14,"turns":6},{"damage":31,"enemies":"The Guardian","floor":16,"turns":13},{"damage":26,"enemies":"2 Thieves","floor":18,"turns":5},{"damage":15,"enemies":"Spheric Guardian","floor":22,"turns":6},{"damage":34,"enemies":"Snecko","floor":24,"turns":9},{"damage":26,"enemies":"Gremlin Leader","floor":27,"turns":9},{"damage":44,"enemies":"Book of Stabbing","floor":30,"turns":6},{"damage":27,"enemies":"Snake Plant","floor":31,"turns":7},{"damage":68,"enemies":"Automaton","floor":33,"turns":8}],"seed_played":"1067066724568864045","potions_obtained":[{"floor":4,"key":"EssenceOfSteel"},{"floor":6,"key":"ElixirPotion"},{"floor":13,"key":"Explosive Potion"},{"floor":18,"key":"Weak Potion"},{"floor":24,"key":"Weak Potion"}],"is_trial":false,"path_per_floor":["M","?","?","M","M","E","R","?","T","R","?","E","M","M","R","B",null,"M","?","?","?","M","R","M","R","T","E","T","$","E","M","R","B"],"character_chosen":"IRONCLAD","items_purchased":["Inflame","Membership Card","Reaper","Ginger","Strength Potion"],"campfire_rested":3,"item_purchase_floors":[29,29,29,29,29],"current_hp_per_floor":[71,71,71,70,75,65,65,65,65,65,54,45,39,36,36,11,59,42,42,42,42,36,60,35,60,60,40,40,55,32,19,45,0,0],"gold":77,"neow_bonus":"THREE_CARDS","is_daily":false,"chose_seed":false,"campfire_upgraded":3,"win_rate":0.0,"timestamp":1608823536,"path_taken":["M","?","?","?","M","E","R","?","T","R","?","E","M","M","R","BOSS","M","?","?","?","?","R","M","R","T","E","?","$","E","M","R","BOSS"],"items_purchased_type":["Card","Relic","Card","Relic","Potion"],"build_version":"2020-12-22","purchased_purges":1,"victory":false,"max_hp_per_floor":[75,75,75,75,75,75,75,75,75,75,75,75,75,75,75,75,75,78,78,78,78,81,81,84,84,84,84,84,84,87,87,87,87,87],"relic_stats":{"counters":[15,93],"Shuriken":[2],"MealTicket":15,"Turnip":[4],"Letter Opener":[0],"Ginger":[4],"Orichalcum":[174],"Cursed Key":2,"obtain_stats":[{"Shuriken":30,"MealTicket":6,"The Courier":12,"Turnip":28,"Letter Opener":27,"Membership Card":29,"Ginger":29,"Orichalcum":9,"Cursed Key":17,"Burning Blood":0,"InkBottle":26},{"Shuriken":13,"MealTicket":4,"The Courier":5,"Turnip":12,"Letter Opener":12,"Membership Card":12,"Ginger":12,"Orichalcum":4,"Cursed Key":8,"Burning Blood":0,"InkBottle":11},{"Shuriken":78,"MealTicket":17,"The Courier":21,"Turnip":72,"Letter Opener":72,"Membership Card":72,"Ginger":72,"Orichalcum":17,"Cursed Key":43,"Burning Blood":0,"InkBottle":63}],"Burning Blood":84,"InkBottle":[9]},"card_choices":[{"not_picked":["True Grit","Sentinel"],"picked":"Reckless Charge","floor":0},{"not_picked":["Warcry","True Grit"],"picked":"Armaments","floor":1},{"not_picked":["Clash","Anger","Sword Boomerang"],"picked":"SKIP","floor":4},{"not_picked":["Heavy Blade","Body Slam"],"picked":"Metallicize","floor":5},{"not_picked":["Rage","Armaments"],"picked":"Corruption","floor":6},{"not_picked":["Sword Boomerang","Corruption","Clothesline"],"picked":"SKIP","floor":12},{"not_picked":["Battle Trance","Flex"],"picked":"Pommel Strike","floor":13},{"not_picked":["Whirlwind","Cleave"],"picked":"Metallicize","floor":14},{"not_picked":["Juggernaut","Offering"],"picked":"Feed","floor":16},{"not_picked":["Flex","Armaments+1"],"picked":"Metallicize+1","floor":18},{"not_picked":["Anger","Warcry"],"picked":"Pommel Strike","floor":22},{"not_picked":["Twin Strike","Burning Pact"],"picked":"True Grit+1","floor":24},{"not_picked":["Shrug It Off","Iron Wave"],"picked":"Reaper","floor":27},{"not_picked":["Shrug It Off","Anger"],"picked":"Flame Barrier","floor":30},{"not_picked":["Shrug It Off","Cleave"],"picked":"Flame Barrier","floor":31}],"player_experience":2961887,"relics_obtained":[{"floor":6,"key":"MealTicket"},{"floor":9,"key":"Orichalcum"},{"floor":12,"key":"The Courier"},{"floor":26,"key":"InkBottle"},{"floor":27,"key":"Letter Opener"},{"floor":28,"key":"Turnip"},{"floor":30,"key":"Shuriken"}],"event_choices":[{"damage_healed":0,"gold_gain":0,"player_choice":"Fled","damage_taken":0,"max_hp_gain":0,"max_hp_loss":0,"event_name":"Scrap Ooze","floor":2,"gold_loss":0},{"damage_healed":0,"gold_gain":0,"cards_transformed":["Strike_R"],"player_choice":"Transformed","damage_taken":0,"max_hp_gain":0,"max_hp_loss":0,"event_name":"Transmorgrifier","floor":3,"gold_loss":0,"cards_obtained":["Rampage"]},{"damage_healed":0,"gold_gain":0,"player_choice":"Ignored","damage_taken":0,"max_hp_gain":0,"max_hp_loss":0,"event_name":"Liars Game","floor":8,"gold_loss":0},{"damage_healed":0,"gold_gain":75,"player_choice":"Gather Gold","damage_taken":11,"max_hp_gain":0,"max_hp_loss":0,"event_name":"World of Goop","floor":11,"gold_loss":0},{"cards_removed":["Strike_R"],"damage_healed":0,"gold_gain":0,"player_choice":"Gave Gold","damage_taken":0,"max_hp_gain":0,"max_hp_loss":0,"event_name":"Beggar","floor":19,"gold_loss":75},{"damage_healed":0,"gold_gain":50,"player_choice":"Stole From Cult","damage_taken":0,"max_hp_gain":0,"max_hp_loss":0,"event_name":"Nest","floor":20,"gold_loss":0},{"cards_removed":["Strike_R"],"damage_healed":0,"gold_gain":0,"player_choice":"Purged","damage_taken":0,"max_hp_gain":0,"max_hp_loss":0,"event_name":"Purifier","floor":21,"gold_loss":0}],"is_beta":false,"boss_relics":[{"not_picked":["Philosopher\u0027s Stone","SlaversCollar"],"picked":"Cursed Key"}],"items_purged_floors":[29],"is_endless":false,"potions_floor_spawned":[4,6,13,18,22,24],"killed_by":"Automaton","ascension_level":20}}