{"host":"2n2g1vowfllvjtvi","time":1608825566,"event":{"mods":["AchievementEnabler","BaseMod","Custom Start","GifTheSpireLib","Keyboard Shortcuts","Minty Spire (QoL Compilation)","Quick Restart","Rare Cards Sparkle","StSLib","SuperFastMode"],"gold_per_floor":[115,133,208,234,253,253,27,62,62,62,72,90,15,49,49,49,49],"floor_reached":16,"playtime":307,"items_purged":["Strike_R"],"score":193,"play_id":"fbabf643-6169-45c4-9598-52588395473f","local_time":"20201225005926","is_ascension_mode":true,"campfire_choices":[{"data":"Body Slam","floor":6,"key":"SMITH"},{"data":"Bash","floor":10,"key":"SMITH"},{"data":"Feel No Pain","floor":15,"key":"SMITH"}],"circlet_count":0,"master_deck":["AscendersBane","Strike_R","Strike_R","Strike_R","Defend_R","Defend_R","Defend_R","Defend_R","Bash+1","Body Slam+1","Pommel Strike","Flame Barrier","Thunderclap+1","Feel No Pain+1"],"relics":["Burning Blood","NeowsBlessing","Potion Belt","Sling","Molten Egg 2","Tiny Chest","Bag of Marbles"],"acts_visited":["Exordium"],"potions_floor_usage":[8,14,16],"damage_taken":[{"damage":0,"enemies":"Cultist","floor":1,"turns":1},{"damage":0,"enemies":"2 Louse","floor":2,"turns":1},{"damage":0,"enemies":"Jaw Worm","floor":5,"turns":1},{"damage":10,"enemies":"3 Sentries","floor":8,"turns":9},{"damage":17,"enemies":"3 Louse","floor":11,"turns":4},{"damage":4,"enemies":"Large Slime","floor":12,"turns":6},{"damage":22,"enemies":"Gremlin Nob","floor":14,"turns":3},{"damage":47,"enemies":"Slime Boss","floor":16,"turns":11}],"seed_played":"-4689956415950038879","potions_obtained":[{"floor":2,"key":"SkillPotion"},{"floor":8,"key":"LiquidBronze"},{"floor":11,"key":"ElixirPotion"}],"is_trial":false,"path_per_floor":["M","M","?","T","M","R","$","E","T","R","M","M","?","E","R","B"],"character_chosen":"IRONCLAD","items_purchased":["Sling"],"campfire_rested":0,"item_purchase_floors":[7],"current_hp_per_floor":[74,75,64,64,70,70,70,66,66,66,55,57,57,41,41,0,0],"gold":49,"neow_bonus":"THREE_ENEMY_KILL","is_daily":false,"chose_seed":false,"campfire_upgraded":3,"win_rate":0.0,"timestamp":1608825566,"path_taken":["M","?","?","?","M","R","$","E","T","R","M","M","?","E","R","BOSS"],"items_purchased_type":["Relic"],"build_version":"2020-12-22","purchased_purges":1,"victory":false,"max_hp_per_floor":[75,75,75,75,75,75,75,75,75,75,75,75,75,75,75,75,75],"card_choices":[{"not_picked":["Rage","Twin Strike"],"picked":"Body Slam","floor":1},{"not_picked":["Anger","True Grit"],"picked":"Pommel Strike","floor":2},{"not_picked":["Warcry","Shrug It Off"],"picked":"Flame Barrier","floor":5},{"not_picked":["Clothesline+1","Twin Strike+1","Wild Strike+1"],"picked":"SKIP","floor":8},{"not_picked":["Pommel Strike+1","Sword Boomerang+1"],"picked":"Thunderclap+1","floor":11},{"not_picked":["Iron Wave+1","True Grit","Havoc"],"picked":"SKIP","floor":12},{"not_picked":["Limit Break","Havoc"],"picked":"Feel No Pain","floor":14}],"player_experience":445206,"relics_obtained":[{"floor":4,"key":"Potion Belt"},{"floor":8,"key":"Molten Egg 2"},{"floor":9,"key":"Tiny Chest"},{"floor":14,"key":"Bag of Marbles"}],"event_choices":[{"damage_healed":0,"gold_gain":75,"player_choice":"Gather Gold","damage_taken":11,"max_hp_gain":0,"max_hp_loss":0,"event_name":"World of Goop","floor":3,"gold_loss":0},{"cards_removed":["Strike_R"],"damage_healed":0,"gold_gain":0,"player_choice":"Card Removal","damage_taken":0,"max_hp_gain":0,"max_hp_loss":0,"event_name":"The Cleric","floor":13,"gold_loss":75}],"is_beta":false,"boss_relics":[],"items_purged_floors":[7],"is_endless":false,"potions_floor_spawned":[2,8,11],"killed_by":"Slime Boss","ascension_level":15}}