{"host":"2se5dq1do2gp0x9k","time":1608796315,"event":{"mods":["AchievementEnabler","BaseMod","Block Reminder","Colored Map","Colored Powertips","Minty Spire (QoL Compilation)","Relic Stats","StSLib","SuperFastMode"],"gold_per_floor":[12,32,32,56,56,56,99,99,154,194,217,217,241,241,241,334,334,355,375,375,375,396,439,314,329,329,329,193,193,206,246,246,341,341,362,362,237,250,250,250,250],"floor_reached":40,"playtime":1467,"items_purged":["Defend_B","Defend_B","Defend_B"],"score":947,"play_id":"e0bf0e63-84fc-437c-bad2-29024b99f7eb","local_time":"20201223235155","is_ascension_mode":true,"campfire_choices":[{"data":"Sunder","floor":6.0,"key":"SMITH"},{"floor":8.0,"key":"REST"},{"floor":12.0,"key":"REST"},{"data":"Biased Cognition","floor":15.0,"key":"SMITH"},{"data":"Hologram","floor":29.0,"key":"SMITH"},{"data":"Defragment","floor":32.0,"key":"SMITH"}],"circlet_count":0,"master_deck":["AscendersBane","Defend_B","Zap+1","Dualcast","Echo Form","Streamline","Sunder+1","Ball Lightning","Coolheaded+1","Biased Cognition+1","Conserve Battery","Chill","Creative AI","Defragment+1","Bite+1","Bite+1","Bite+1","Bite+1","Bite+1","Hologram+1","Defragment","Beam Cell+1","Leap","Conserve Battery","Storm","Electrodynamics","Seek","Seek","Glacier","BootSequence","Panacea","PanicButton"],"relics":["Cracked Core","Golden Idol","War Paint","Potion Belt","Molten Egg 2","Cursed Key","Strawberry","Art of War","SlaversCollar"],"acts_visited":["Exordium","TheCity","TheBeyond"],"potions_floor_usage":[],"damage_taken":[{"damage":12.0,"enemies":"Jaw Worm","floor":1.0,"turns":4.0},{"damage":11.0,"enemies":"Cultist","floor":2.0,"turns":4.0},{"damage":10.0,"enemies":"Small Slimes","floor":4.0,"turns":3.0},{"damage":11.0,"enemies":"Gremlin Nob","floor":7.0,"turns":3.0},{"damage":20.0,"enemies":"Lagavulin","floor":10.0,"turns":4.0},{"damage":8.0,"enemies":"Blue Slaver","floor":11.0,"turns":3.0},{"damage":11.0,"enemies":"Exordium Thugs","floor":13.0,"turns":3.0},{"damage":0.0,"enemies":"2 Fungi Beasts","floor":14.0,"turns":1.0},{"damage":5.0,"enemies":"Hexaghost","floor":16.0,"turns":7.0},{"damage":22.0,"enemies":"Chosen","floor":18.0,"turns":4.0},{"damage":17.0,"enemies":"Spheric Guardian","floor":19.0,"turns":5.0},{"damage":6.0,"enemies":"3 Cultists","floor":22.0,"turns":6.0},{"damage":37.0,"enemies":"Slavers","floor":23.0,"turns":6.0},{"damage":1.0,"enemies":"Sentry and Sphere","floor":25.0,"turns":5.0},{"damage":17.0,"enemies":"Centurion and Healer","floor":30.0,"turns":6.0},{"damage":0.0,"enemies":"Gremlin Leader","floor":31.0,"turns":5.0},{"damage":36.0,"enemies":"Champ","floor":33.0,"turns":10.0},{"damage":0.0,"enemies":"Orb Walker","floor":35.0,"turns":3.0},{"damage":18,"enemies":"3 Darklings","floor":38,"turns":4},{"damage":33,"enemies":"Reptomancer","floor":40,"turns":2}],"seed_played":"1635916457240564819","potions_obtained":[{"floor":4.0,"key":"Strength Potion"},{"floor":5.0,"key":"SmokeBomb"},{"floor":7.0,"key":"BlessingOfTheForge"},{"floor":10.0,"key":"LiquidMemories"},{"floor":11.0,"key":"Regen Potion"},{"floor":19.0,"key":"LiquidBronze"},{"floor":22.0,"key":"Fire Potion"},{"floor":25.0,"key":"Fire Potion"},{"floor":30.0,"key":"SteroidPotion"},{"floor":31.0,"key":"Strength Potion"},{"floor":38,"key":"Ancient Potion"}],"is_trial":false,"path_per_floor":["M","M","?","M","?","R","E","R","T","E","M","R","M","M","R","B",null,"M","M","?","?","M","E","$","M","T","?","$","R","M","E","R","B",null,"M","?","$","M","?","E"],"character_chosen":"DEFECT","items_purchased":["Leap","Storm"],"campfire_rested":2,"item_purchase_floors":[24,28],"current_hp_per_floor":[52,41,41,31,31,31,20,39,39,19,11,30,19,19,19,29,55,33,16,16,16,31,16,16,27,27,27,27,27,31,49,49,48,50,51,48,48,39,29,0,0],"gold":250,"neow_bonus":"THREE_RARE_CARDS","is_daily":false,"chose_seed":false,"campfire_upgraded":4,"win_rate":0.0,"timestamp":1608796315,"path_taken":["M","M","?","M","?","R","E","R","T","E","M","R","M","?","R","BOSS","M","M","?","?","M","E","$","?","T","?","$","R","M","E","R","BOSS","M","?","$","M","?","E"],"items_purchased_type":["Card","Card"],"build_version":"2020-12-22","purchased_purges":3,"victory":false,"max_hp_per_floor":[71,71,64,64,64,64,64,64,64,64,64,64,64,64,64,64,64,64,64,44,44,44,51,51,51,51,51,51,51,51,51,51,51,51,51,48,48,48,48,48,48],"relic_stats":{"counters":[20,88],"Golden Idol":117,"Art of War":[5],"War Paint":["Zap","Coolheaded"],"Cursed Key":1,"obtain_stats":[{"Potion Belt":9,"SlaversCollar":34,"Golden Idol":3,"Strawberry":23,"Molten Egg 2":10,"Art of War":31,"War Paint":7,"Cracked Core":0,"Cursed Key":17},{"Potion Belt":4,"SlaversCollar":17,"Golden Idol":2,"Strawberry":13,"Molten Egg 2":5,"Art of War":16,"War Paint":4,"Cracked Core":0,"Cursed Key":9},{"Potion Belt":14,"SlaversCollar":79,"Golden Idol":8,"Strawberry":53,"Molten Egg 2":18,"Art of War":69,"War Paint":14,"Cracked Core":0,"Cursed Key":32}]},"card_choices":[{"not_picked":["Creative AI","Electrodynamics"],"picked":"Echo Form","floor":0.0},{"not_picked":["Blizzard","Steam"],"picked":"Streamline","floor":1.0},{"not_picked":["Streamline","Rebound"],"picked":"Sunder","floor":2.0},{"not_picked":["Double Energy","Stack"],"picked":"Ball Lightning","floor":4.0},{"not_picked":["Rebound","Streamline"],"picked":"Coolheaded","floor":7.0},{"not_picked":["Blizzard+1","Go for the Eyes+1"],"picked":"Biased Cognition","floor":10.0},{"not_picked":["Aggregate","Stack"],"picked":"Conserve Battery","floor":11.0},{"not_picked":["Rebound+1","Melter+1"],"picked":"Chill","floor":13.0},{"not_picked":["Seek","All For One+1"],"picked":"Creative AI","floor":16.0},{"not_picked":["Ball Lightning+1","Barrage+1","Steam"],"picked":"SKIP","floor":18.0},{"not_picked":["Chill","Gash+1"],"picked":"Defragment","floor":19.0},{"not_picked":["Go for the Eyes+1","Recycle"],"picked":"Defragment","floor":22.0},{"not_picked":["Force Field","Capacitor"],"picked":"Beam Cell+1","floor":23.0},{"not_picked":["Stack","Beam Cell+1"],"picked":"Conserve Battery","floor":25.0},{"not_picked":["Aggregate","Barrage+1"],"picked":"Electrodynamics","floor":30.0},{"not_picked":["Reprogram","Tempest"],"picked":"Seek","floor":31.0},{"not_picked":["Amplify","Hyperbeam+1"],"picked":"Seek","floor":33.0},{"not_picked":["Conserve Battery+1","Beam Cell+1"],"picked":"Glacier","floor":35.0},{"not_picked":["Steam Power+1","Redo"],"picked":"BootSequence","floor":38},{"not_picked":["Purity","Master of Strategy"],"picked":"Panacea","floor":39},{"not_picked":["Mind Blast+1","Magnetism"],"picked":"PanicButton","floor":39}],"player_experience":3613883,"relics_obtained":[{"floor":7.0,"key":"War Paint"},{"floor":9.0,"key":"Potion Belt"},{"floor":10.0,"key":"Molten Egg 2"},{"floor":23.0,"key":"Strawberry"},{"floor":31.0,"key":"Art of War"}],"event_choices":[{"damage_healed":0.0,"max_hp_gain":0.0,"max_hp_loss":7.0,"gold_gain":0.0,"event_name":"Golden Idol","player_choice":"Lose Max HP","floor":3.0,"gold_loss":0.0,"damage_taken":0.0,"relics_obtained":["Golden Idol"]},{"damage_healed":0.0,"max_hp_gain":0.0,"max_hp_loss":0.0,"gold_gain":0.0,"event_name":"Lab","player_choice":"Got Potions","floor":5.0,"gold_loss":0.0,"damage_taken":0.0},{"damage_healed":0.0,"max_hp_gain":0.0,"max_hp_loss":20.0,"gold_gain":0.0,"event_name":"Vampires","player_choice":"Became a vampire","floor":20.0,"gold_loss":0.0,"damage_taken":0.0,"cards_obtained":["Bite","Bite","Bite","Bite","Bite"]},{"damage_healed":0.0,"max_hp_gain":0.0,"max_hp_loss":0.0,"gold_gain":0.0,"event_name":"The Library","player_choice":"Read","floor":21.0,"gold_loss":0.0,"damage_taken":0.0,"cards_obtained":["Hologram"]},{"cards_removed":["Writhe"],"damage_healed":0.0,"max_hp_gain":0.0,"max_hp_loss":0.0,"gold_gain":0.0,"event_name":"Fountain of Cleansing","player_choice":"Removed Curses","floor":27.0,"gold_loss":0.0,"damage_taken":0.0},{"damage_healed":0.0,"max_hp_gain":0.0,"max_hp_loss":3.0,"gold_gain":0.0,"event_name":"Winding Halls","player_choice":"Max HP","floor":36.0,"gold_loss":0.0,"damage_taken":0.0},{"damage_healed":0,"gold_gain":0,"player_choice":"Memory 3","damage_taken":10,"max_hp_gain":0,"max_hp_loss":0,"event_name":"SensoryStone","floor":39,"gold_loss":0}],"is_beta":false,"boss_relics":[{"not_picked":["Runic Pyramid","Coffee Dripper"],"picked":"Cursed Key"},{"not_picked":["Black Star","Pandora\u0027s Box"],"picked":"SlaversCollar"}],"items_purged_floors":[24,28,37],"is_endless":false,"potions_floor_spawned":[4,7,10,11,19,22,25,30,31,38],"killed_by":"Reptomancer","ascension_level":20}}