{"host":"konjmgczbcns2r3g","time":1608769236,"event":{"mods":["AchievementEnabler","BaseMod","Colored Powertips","Hermit","Infinite Spire","Minty Spire (QoL Compilation)","Replay The Spire","StSLib","The Cursed","The Necromancer","The Servant 0.9.4"],"gold_per_floor":[114,114,138,157,157,195,2,2,2,2,23,62,76,94,94,215,215,236,251,251,266,266,266,18,18,45,45,59,94,94,113,113,232,232,250,250,275,293,314,314,329,289,289,289,289],"floor_reached":44,"playtime":3933,"items_purged":[],"score":492,"play_id":"ebe36718-6187-4b0a-86d2-9a8db7b52af1","local_time":"20201223192036","is_ascension_mode":false,"campfire_choices":[{"floor":8,"key":"REST"},{"floor":10,"key":"REST"},{"floor":15,"key":"REST"},{"floor":23,"key":"REST"},{"floor":27,"key":"REST"},{"data":"Distraction","floor":30,"key":"SMITH"},{"floor":40,"key":"REST"}],"circlet_count":0,"master_deck":["Strike_G","Strike_G","Strike_G","Strike_G","Strike_G","Defend_G","Defend_G","Defend_G","Defend_G","Defend_G","Survivor","Neutralize+1","Flying Knee","Slice+1","Outmaneuver","Slice+1","Dagger Throw","Blade Dance","Distraction+1","Hidden Blade","Corpse Explosion","ReplayTheSpireMod:Speed Training","Backflip+1","infinitespire:Fortify","Poisoned Stab+1","Poisoned Stab+1","Poisoned Stab","Flying Knee+1","After Image","Quick Slash","Amnesia","Dodge and Roll+1","Prepared+1","Caltrops+1","Backflip+1"],"relics":["Ring of the Snake","Golden Idol","Replay:Bottled Eggs","Membership Card","Replay:Wax Seal","Kunai","Smiling Mask","Philosopher\u0027s Stone","ChewingGum","Ginger","infinitespire:BottledMercury","Mirror","ReplayTheSpireMod:Lightbulb","PreservedInsect","Black Star","Ring of Fangs","Ring of Misfortune","Replay:Baseball"],"acts_visited":["Exordium","TheCity","TheBeyond"],"potions_floor_usage":[6,6,11,21,29,31,33,41],"damage_taken":[{"damage":0,"enemies":"2 Louse","floor":1,"turns":3},{"damage":0,"enemies":"Jaw Worm","floor":3,"turns":5},{"damage":0,"enemies":"Small Slimes","floor":4,"turns":4},{"damage":32,"enemies":"Gremlin Nob","floor":6,"turns":6},{"damage":6,"enemies":"2 Fungi Beasts","floor":11,"turns":3},{"damage":27,"enemies":"3 Sentries","floor":12,"turns":8},{"damage":7,"enemies":"Exordium Wildlife","floor":13,"turns":5},{"damage":4,"enemies":"Lots of Slimes","floor":14,"turns":4},{"damage":58,"enemies":"Slime Boss","floor":16,"turns":16},{"damage":12,"enemies":"Spheric Guardian","floor":18,"turns":5},{"damage":21,"enemies":"Chosen","floor":19,"turns":5},{"damage":7,"enemies":"Shelled Parasite and Fungi","floor":21,"turns":5},{"damage":10,"enemies":"Sentry and Sphere","floor":28,"turns":6},{"damage":10,"enemies":"Book of Stabbing","floor":29,"turns":7},{"damage":0,"enemies":"Snecko","floor":31,"turns":4},{"damage":24,"enemies":"Automaton","floor":33,"turns":7},{"damage":1,"enemies":"3 Darklings","floor":35,"turns":4},{"damage":5,"enemies":"Orb Walker","floor":37,"turns":4},{"damage":34,"enemies":"4 Shapes","floor":38,"turns":7},{"damage":8,"enemies":"Transient","floor":39,"turns":5},{"damage":42,"enemies":"Jaw Worm Horde","floor":41,"turns":3},{"damage":17,"enemies":"Writhing Mass","floor":44,"turns":5}],"seed_played":"4665148168345332556","potions_obtained":[{"floor":1,"key":"Block Potion"},{"floor":4,"key":"SpeedPotion"},{"floor":6,"key":"Swift Potion"},{"floor":12,"key":"Energy Potion"},{"floor":19,"key":"Cursed Concoction"},{"floor":21,"key":"Ancient Potion"},{"floor":28,"key":"LiquidMemories"},{"floor":39,"key":"Poison Potion"}],"is_trial":false,"path_per_floor":["M","?","M","M","?","E","$","R","T","R","M","E","M","M","R","B",null,"M","M","AVR","M","?","R","$","?","T","R","M","E","R","M","R","B",null,"M","?","M","M","M","R","M","?","T","M"],"character_chosen":"THE_SILENT","items_purchased":["Membership Card","Replay:Wax Seal","infinitespire:BottledMercury","Mirror"],"campfire_rested":6,"item_purchase_floors":[7,7,24,24],"current_hp_per_floor":[77,58,58,58,63,31,31,55,55,79,73,46,39,35,59,1,82,70,49,49,42,42,66,66,66,66,82,72,62,62,62,82,58,82,81,81,76,42,34,58,16,16,16,0,0],"gold":289,"neow_bonus":"TEN_PERCENT_HP_BONUS","is_daily":false,"chose_seed":false,"campfire_upgraded":1,"win_rate":0.0,"timestamp":1608769236,"path_taken":["M","?","M","M","?","E","$","R","T","R","M","E","M","M","R","BOSS","M","M","AVR","M","?","R","$","?","T","R","M","E","R","M","R","BOSS","M","?","M","M","M","R","M","?","T","?"],"items_purchased_type":["Relic","Relic","Relic","Relic"],"build_version":"2020-12-22","purchased_purges":0,"victory":false,"max_hp_per_floor":[77,77,77,77,82,82,82,82,82,82,82,82,82,82,82,82,82,82,82,82,82,82,82,82,82,82,82,82,82,82,82,82,82,82,82,82,82,82,82,82,82,82,82,82,82],"card_choices":[{"not_picked":["Deadly Poison","PiercingWail"],"picked":"Flying Knee","floor":1},{"not_picked":["Tools of the Trade","Outmaneuver"],"picked":"Slice","floor":3},{"not_picked":["Underhanded Strike","Deflect"],"picked":"Outmaneuver","floor":4},{"not_picked":["Dagger Spray","Storm of Steel"],"picked":"Slice","floor":6},{"not_picked":["Underhanded Strike","Outmaneuver"],"picked":"Dagger Throw","floor":11},{"not_picked":["Quick Slash","Sucker Punch"],"picked":"Blade Dance","floor":12},{"not_picked":["Acrobatics","Dagger Spray"],"picked":"Distraction","floor":13},{"not_picked":["Bane","Riddle With Holes"],"picked":"Hidden Blade","floor":14},{"not_picked":["Atom Bomb","Grand Finale"],"picked":"Corpse Explosion","floor":16},{"not_picked":["ReplayTheSpireMod:Exploit Weakness","Flechettes"],"picked":"ReplayTheSpireMod:Speed Training","floor":18},{"not_picked":["Escape Plan","Acrobatics"],"picked":"Backflip+1","floor":19},{"not_picked":["Tactician","Flechettes"],"picked":"Poisoned Stab","floor":21},{"not_picked":["Cloak And Dagger","PiercingWail+1"],"picked":"Poisoned Stab+1","floor":28},{"not_picked":["Hidden Blade","Grand Finale"],"picked":"Poisoned Stab","floor":29},{"not_picked":["Deadly Poison+1","Setup"],"picked":"Flying Knee+1","floor":31},{"not_picked":["Glass Knife","Phantasmal Killer"],"picked":"After Image","floor":33},{"not_picked":["Underhanded Strike+1","Escape Plan+1"],"picked":"Quick Slash","floor":35},{"not_picked":["Wraith Form v2","Masterful Stab"],"picked":"Dodge and Roll+1","floor":37},{"not_picked":["Dagger Throw","Backflip"],"picked":"Prepared+1","floor":38},{"not_picked":["Dagger Throw","Sucker Punch"],"picked":"Caltrops+1","floor":39},{"not_picked":["Outmaneuver","Endless Agony"],"picked":"Backflip+1","floor":41}],"player_experience":274236,"relics_obtained":[{"floor":6,"key":"Replay:Bottled Eggs"},{"floor":9,"key":"Kunai"},{"floor":12,"key":"Smiling Mask"},{"floor":26,"key":"ReplayTheSpireMod:Lightbulb"},{"floor":29,"key":"PreservedInsect"},{"floor":36,"key":"Ring of Fangs"},{"floor":36,"key":"Ring of Misfortune"},{"floor":43,"key":"Replay:Baseball"}],"event_choices":[{"damage_healed":0,"gold_gain":0,"player_choice":"Take Damage","damage_taken":19,"relics_obtained":["Golden Idol"],"max_hp_gain":0,"max_hp_loss":0,"event_name":"Golden Idol","floor":2,"gold_loss":0},{"damage_healed":0,"gold_gain":0,"player_choice":"Donut","damage_taken":0,"max_hp_gain":5,"max_hp_loss":0,"event_name":"Big Fish","floor":5,"gold_loss":0},{"damage_healed":0,"gold_gain":0,"player_choice":"Upgrade","damage_taken":0,"max_hp_gain":0,"max_hp_loss":0,"event_name":"Designer","floor":42,"gold_loss":40,"cards_upgraded":["Neutralize"]}],"is_beta":false,"boss_relics":[{"not_picked":["Ring of Chaos","Coffee Dripper"],"picked":"Philosopher\u0027s Stone"},{"not_picked":["Replay:Wanted Poster","Astrolabe"],"picked":"Black Star"}],"items_purged_floors":[],"is_endless":false,"potions_floor_spawned":[1,4,6,12,19,21,28,39],"killed_by":"Writhing Mass","ascension_level":0}}