{"host":"52spii0kb8jjtblu","time":1608773305,"event":{"mods":["Act Like it!","BaseMod","Conspire","Dota2Spire","Elementarium","Gensokyo","Hubris","JesterMod","Jorbs\u0027s Wanderer Trilogy","Luminous","Marisa????????","Menagerie","Minty Spire (QoL Compilation)","Quick Restart","Replay The Spire","Spicy Shops","StSLib","The Animator","The Cursed","TheHeartMod"],"gold_per_floor":[111,111,131,131,131,131,159,159,159,178,178,178,214,214,214,333,333,350,350,370,92,92,92],"floor_reached":22,"playtime":1255,"items_purged":[],"score":215,"play_id":"f527674a-f87b-4cc9-ab00-769b28d8ed29","local_time":"20201223202825","is_ascension_mode":false,"campfire_choices":[{"floor":6,"key":"REST"},{"floor":8,"key":"REST"},{"floor":15,"key":"RECALL"}],"circlet_count":0,"master_deck":["Strike_MRS","Strike_MRS","Strike_MRS","Strike_MRS","Defend_MRS","Defend_MRS","Defend_MRS","Defend_MRS","MasterSpark","UpSweep","EnergyFlow","DC","CollectingQuirk+1","Robbery","Occultation","UltimateShortwave","CasketOfStar","OrrerysSun","LuminesStrike","RefractionSpark","NonDirectionalLaser"],"relics":["MiniHakkero","hubris:64BitClover","ReplayTheSpireMod:Ring of Collecting","Ring of Searing","Gensokyo:LunaticRedEyes","hubris:Icosahedron","Dream Catcher","conspire:DecoderRing","Regal Pillow","Sozu","Gensokyo:DirgeOfMelancholy","Pocketwatch"],"acts_visited":["Gensokyo:Gensokyo","Gensokyo:Gensokyoer"],"potions_floor_usage":[7,13,13,22],"damage_taken":[{"damage":0,"enemies":"Gensokyo:3_Fairies","floor":1,"turns":4},{"damage":6,"enemies":"Gensokyo:Gryphon","floor":3,"turns":4},{"damage":33,"enemies":"Gensokyo:Mamizou","floor":7,"turns":9},{"damage":5,"enemies":"Gensokyo:2_Kodama","floor":10,"turns":2},{"damage":3,"enemies":"Gensokyo:Aya","floor":13,"turns":3},{"damage":54,"enemies":"Gensokyo:Yukari","floor":16,"turns":7},{"damage":5,"enemies":"Gensokyo:CosmicMonolith","floor":18,"turns":2},{"damage":24,"enemies":"Gensokyo:AngelMirror","floor":20,"turns":4},{"damage":50,"enemies":"Gensokyo:AngelMirror","floor":22,"turns":5}],"seed_played":"-9112270741014327311","potions_obtained":[{"floor":3,"key":"Dexterity Potion"},{"floor":16,"key":"ColorlessPotion"}],"is_trial":false,"path_per_floor":["M","?","M","?","?","R","E","R","T","M","?","T","E","?","R","B",null,"M","?","M","$","?"],"character_chosen":"MARISA","items_purchased":["Pocketwatch","RefractionSpark","NonDirectionalLaser"],"campfire_rested":2,"item_purchase_floors":[21,21,21],"current_hp_per_floor":[54,54,48,48,48,70,37,59,59,54,54,54,51,51,51,29,75,70,70,46,46,0,0],"gold":92,"neow_bonus":"ONE_RARE_RELIC","is_daily":false,"chose_seed":false,"campfire_upgraded":0,"win_rate":0.0,"timestamp":1608773305,"path_taken":["M","?","?","?","?","R","E","R","T","?","?","?","E","?","R","BOSS","M","?","M","$","?"],"items_purchased_type":["Relic","Card","Card"],"build_version":"2020-12-22","purchased_purges":0,"victory":false,"max_hp_per_floor":[75,75,75,75,75,75,75,75,75,75,75,75,75,75,75,75,75,75,75,75,75,75,75],"card_choices":[{"not_picked":["IllusionStar","UnstableBomb"],"picked":"EnergyFlow","floor":1},{"not_picked":["DoubleSpark","MysteriousBeam"],"picked":"DC","floor":3},{"not_picked":["GalacticHalo","GrandCross"],"picked":"CollectingQuirk","floor":7},{"not_picked":["MachineGunSpark","IllusionStar"],"picked":"Robbery","floor":8},{"not_picked":["DragonMeteor","DC"],"picked":"Occultation","floor":10},{"not_picked":["SatelliteIllusion","PulseMagic"],"picked":"UltimateShortwave","floor":13},{"not_picked":["CollectingQuirk","MillisecondPulsars"],"picked":"CasketOfStar","floor":16},{"not_picked":["GrandCross","WitchLeyline"],"picked":"OrrerysSun","floor":18},{"not_picked":["GrandCross","PropBag"],"picked":"LuminesStrike","floor":20}],"player_experience":256768,"relics_obtained":[{"floor":2,"key":"ReplayTheSpireMod:Ring of Collecting"},{"floor":2,"key":"Ring of Searing"},{"floor":7,"key":"Dream Catcher"},{"floor":12,"key":"conspire:DecoderRing"},{"floor":13,"key":"Regal Pillow"}],"event_choices":[],"is_beta":false,"boss_relics":[{"not_picked":["Philosopher\u0027s Stone","hubris:GrandSneckoEye"],"picked":"Sozu"}],"items_purged_floors":[],"is_endless":false,"potions_floor_spawned":[3,16,20],"killed_by":"Gensokyo:AngelMirror","ascension_level":0}}