{"host":"ix2a18c4ohfsrslv","time":1608783478,"event":{"mods":["BaseMod","Better Third Choice","Downfall","Lobotomy","Minty Spire (QoL Compilation)","Replay The Spire","StSLib"],"gold_per_floor":[99,118,268,268,278,278,329,504,523,523,533,13,24,9,21,120,120,120,134,148,163,163,163,209,296,326,348,360,27,27,39,49,159,159,159,174,234,244,244,25,96,96,11,29,29,29,29],"floor_reached":46,"playtime":4846,"items_purged":["Regret","Doubt"],"score":533,"play_id":"50307dce-b814-480f-bd19-64e2ac7e49ff","local_time":"20201223201758","is_ascension_mode":true,"campfire_choices":[{"data":"sneckomod:SnekBite","floor":1,"key":"SMITH"},{"floor":10,"key":"REST"},{"data":"ReplayTheSpireMod:Faulty Equipment","floor":18,"key":"SMITH"},{"floor":23,"key":"REST"},{"data":"ReplayTheSpireMod:Faulty Equipment","floor":30,"key":"SMITH"},{"floor":35,"key":"RECALL"},{"floor":42,"key":"REST"}],"circlet_count":0,"master_deck":["sneckomod:Strike","sneckomod:Strike+1","sneckomod:Defend+1","sneckomod:Defend+1","sneckomod:Defend+1","sneckomod:TailWhip+1","sneckomod:SnekBite+1","sneckomod:Unknown+1","sneckomod:Unknown","sneckomod:UnknownWeak+1","Slimebound:Icky","sneckomod:DiceBlock+1","sneckomod:UnknownCommonAttack+1","sneckomod:UnknownX","sneckomod:UnknownBlock","sneckomod:UnknownRareAttack+2","sneckomod:UnknownUncommonPower","sneckomod:UnknownCommonSkill+1","sneckomod:UnknownBlock","sneckomod:SlitherStrike","sneckomod:UnknownStrike","sneckomod:UnknownRareSkill+1","Clumsy","sneckomod:UnknownCommonAttack","sneckomod:UnknownBlock","sneckomod:DiceCrush","sneckomod:UnknownDexterity+1","sneckomod:UnknownVulnerable+1","sneckomod:Unknown1Cost+1","Writhe","sneckomod:UnknownUncommonPower","sneckomod:Unknown0Cost","sneckomod:SoulRoll","sneckomod:UnknownRareAttack","sneckomod:UnknownStrike+1","sneckomod:Nope+1","sneckomod:UnknownClassBLUE+1","Sickly","sneckomod:UnknownRarePower","sneckomod:QuickMove","sneckomod:DiceBlock","sneckomod:CheapStock+1","sneckomod:UnknownUncommonPower"],"relics":["sneckomod:SuperSneckoSoul","Gremlin Food","War Paint","ClockworkSouvenir","Replay:Ancient Bell","Replay:Baseball","Snack Pack","Lizard Tail","MawBank","ReplayTheSpireMod:CursedCoin","Ice Cream","Happy Flower","champ:Barbells","Onion Ring","Whetstone","Iron Hammer"],"acts_visited":["Exordium","TheCity","TheBeyond"],"potions_floor_usage":[16,16,19,20,33,33,33,36,40,46],"damage_taken":[{"damage":2,"enemies":"2 Louse","floor":2,"turns":2},{"damage":5,"enemies":"Small Slimes","floor":5,"turns":3},{"damage":8,"enemies":"Cultist","floor":9,"turns":6},{"damage":9,"enemies":"2 Fungi Beasts","floor":11,"turns":4},{"damage":3,"enemies":"downfall:FleeingMerchant","floor":12,"turns":4},{"damage":7,"enemies":"Exordium Thugs","floor":13,"turns":2},{"damage":10,"enemies":"downfall:FleeingMerchant","floor":14,"turns":4},{"damage":3,"enemies":"Large Slime","floor":15,"turns":7},{"damage":31,"enemies":"downfall:Ironclad","floor":16,"turns":10},{"damage":53,"enemies":"3 Byrds","floor":19,"turns":10},{"damage":24,"enemies":"Spheric Guardian","floor":20,"turns":5},{"damage":9,"enemies":"Snake Plant","floor":21,"turns":6},{"damage":30,"enemies":"Sentry and Sphere","floor":26,"turns":12},{"damage":0,"enemies":"Cultist and Chosen","floor":27,"turns":5},{"damage":6,"enemies":"downfall:FleeingMerchant","floor":29,"turns":4},{"damage":11,"enemies":"Snecko","floor":31,"turns":8},{"damage":4,"enemies":"Chosen and Byrds","floor":32,"turns":6},{"damage":35,"enemies":"downfall:Defect","floor":33,"turns":12},{"damage":6,"enemies":"3 Darklings","floor":36,"turns":6},{"damage":39,"enemies":"3 Shapes","floor":38,"turns":5},{"damage":7,"enemies":"downfall:FleeingMerchant","floor":40,"turns":4},{"damage":32,"enemies":"downfall:FleeingMerchant","floor":43,"turns":4},{"damage":52,"enemies":"Maw","floor":44,"turns":6},{"damage":0,"enemies":"3 Darklings","floor":46,"turns":1}],"seed_played":"1575539077044106148","potions_obtained":[{"floor":2,"key":"Milkshake"},{"floor":13,"key":"LiquidBronze"},{"floor":15,"key":"champ:CounterPotion"},{"floor":19,"key":"Energy Potion"},{"floor":25,"key":"downfall:CursedFountainPotion"},{"floor":31,"key":"LifebloodPotion"},{"floor":32,"key":"Adrenaline Potion"},{"floor":33,"key":"LifebloodPotion"},{"floor":37,"key":"SpeedPotion"},{"floor":37,"key":"Guardian:BlockOnCardUsePotion"},{"floor":38,"key":"Adrenaline Potion"},{"floor":44,"key":"sneckomod:MuddlingPotion"}],"is_trial":false,"path_per_floor":["R","M","?","?","M","?","T","?","M","R","M","$","M","$","M","B",null,"R","M","M","M","?","R","T","?","M","M","?","$","R","M","M","B",null,"R","M","?","M","?","$","T","R","$","M","$","M"],"character_chosen":"THE_SNECKO","items_purchased":["sneckomod:UnknownRareAttack","sneckomod:UnknownUncommonPower","ClockworkSouvenir","sneckomod:UnknownCommonSkill","ReplayTheSpireMod:CursedCoin","Ice Cream","sneckomod:UnknownUncommonPower","champ:Barbells","sneckomod:QuickMove","Whetstone","sneckomod:CheapStock+1","Iron Hammer"],"campfire_rested":3,"item_purchase_floors":[12,12,12,12,29,29,29,40,40,43,43,43],"current_hp_per_floor":[90,89,89,89,84,84,84,84,77,92,84,85,79,69,67,37,100,100,52,35,33,33,63,63,102,81,82,82,80,80,70,70,42,148,148,144,85,48,48,49,49,93,69,23,23,23,23],"gold":29,"neow_bonus":"RANDOM_COMMON_RELIC","is_daily":false,"chose_seed":false,"campfire_upgraded":3,"win_rate":0.0,"timestamp":1608783478,"path_taken":["R","M","?","?","M","?","T","?","M","R","M","$","M","?","M","BOSS","R","M","M","M","?","R","T","?","M","?","?","$","R","M","M","BOSS","R","M","?","M","?","$","T","R","?","?","?","M"],"items_purchased_type":["Card","Card","Relic","Card","Relic","Relic","Card","Relic","Card","Relic","Card","Relic"],"build_version":"2020-12-22","purchased_purges":2,"victory":false,"max_hp_per_floor":[90,91,91,91,91,91,91,91,92,92,93,97,98,98,99,100,100,100,101,102,102,102,102,102,102,103,104,104,106,106,107,107,108,148,148,148,148,148,148,148,148,148,148,148,148,148,148],"card_choices":[{"not_picked":["sneckomod:RainOfDice","sneckomod:QuickMove"],"picked":"sneckomod:UnknownWeak","floor":2},{"not_picked":["sneckomod:DiceBoulder","sneckomod:RainOfDice"],"picked":"sneckomod:DiceBlock","floor":5},{"not_picked":["sneckomod:IronFang","sneckomod:SoulCleanse"],"picked":"sneckomod:UnknownCommonAttack","floor":9},{"not_picked":["sneckomod:QuickBite","sneckomod:RainOfDice"],"picked":"sneckomod:UnknownX","floor":11},{"not_picked":["sneckomod:Rotation","sneckomod:QuickBite"],"picked":"sneckomod:UnknownBlock","floor":12},{"not_picked":["sneckomod:RainOfDice","sneckomod:DefensiveFlair"],"picked":"sneckomod:UnknownBlock","floor":13},{"not_picked":["sneckomod:UnknownUncommonSkill","sneckomod:RainOfDice"],"picked":"sneckomod:SlitherStrike","floor":14},{"not_picked":["sneckomod:SoulExchange","sneckomod:DiceBlock"],"picked":"sneckomod:UnknownStrike","floor":15},{"not_picked":["sneckomod:UnknownColorless","sneckomod:SerpentMind"],"picked":"sneckomod:UnknownRareSkill","floor":16},{"not_picked":["ReplayTheSpireMod:Doomed","ReplayTheSpireMod:Restless Dread"],"picked":"ReplayTheSpireMod:Faulty Equipment","floor":17},{"not_picked":["Slimebound:Icky","Voices"],"picked":"ReplayTheSpireMod:Faulty Equipment","floor":17},{"not_picked":["sneckomod:Bewildered","Normality"],"picked":"Clumsy","floor":17},{"not_picked":["sneckomod:QuickBite+1","sneckomod:ImprovisedGuard"],"picked":"sneckomod:UnknownCommonAttack","floor":19},{"not_picked":["sneckomod:SoulRoll","sneckomod:Unknown1Cost"],"picked":"sneckomod:UnknownBlock","floor":20},{"not_picked":["sneckomod:UnknownUncommonAttack","sneckomod:UnknownRareSkill"],"picked":"sneckomod:DiceCrush","floor":21},{"not_picked":["sneckomod:UnknownUncommonSkill","sneckomod:UnknownVulnerable"],"picked":"sneckomod:UnknownDexterity+1","floor":26},{"not_picked":["sneckomod:DiceBlock","sneckomod:RainOfDice"],"picked":"sneckomod:UnknownVulnerable+1","floor":27},{"not_picked":["sneckomod:WideSting+1","sneckomod:Nope"],"picked":"sneckomod:Unknown1Cost+1","floor":29},{"not_picked":["sneckomod:UnknownVulnerable","sneckomod:UnknownStrike"],"picked":"sneckomod:Unknown0Cost","floor":31},{"not_picked":["sneckomod:QuickBite","sneckomod:PureSnecko"],"picked":"sneckomod:SoulRoll","floor":32},{"not_picked":["sneckomod:UnlimitedRolls","sneckomod:UnknownRareSkill"],"picked":"sneckomod:UnknownRareAttack","floor":33},{"not_picked":["sneckomod:UnknownClassRED","sneckomod:IronFang+1"],"picked":"sneckomod:UnknownStrike+1","floor":36},{"not_picked":["sneckomod:QuickBite","sneckomod:Rotation"],"picked":"sneckomod:Nope+1","floor":37},{"not_picked":["sneckomod:UnknownClassGUARDIAN","sneckomod:SoulDraw+1"],"picked":"sneckomod:UnknownClassBLUE+1","floor":38},{"not_picked":["sneckomod:UnknownWeak+1","sneckomod:UnknownVulnerable+1"],"picked":"sneckomod:UnknownRarePower","floor":40},{"not_picked":["sneckomod:UnknownVulnerable+1","sneckomod:Unknown0Cost+1"],"picked":"sneckomod:DiceBlock","floor":43},{"not_picked":["sneckomod:QuickMove","sneckomod:IronFang"],"picked":"sneckomod:UnknownUncommonPower","floor":44}],"player_experience":133527,"relics_obtained":[{"floor":7,"key":"War Paint"},{"floor":24,"key":"MawBank"},{"floor":37,"key":"Happy Flower"},{"floor":41,"key":"Onion Ring"}],"event_choices":[{"damage_healed":0,"gold_gain":0,"player_choice":"Ignored","damage_taken":0,"max_hp_gain":0,"max_hp_loss":0,"event_name":"Ghosts","floor":22,"gold_loss":0},{"damage_healed":0,"gold_gain":0,"player_choice":"Ignored","damage_taken":0,"max_hp_gain":0,"max_hp_loss":0,"event_name":"Vampires","floor":28,"gold_loss":0}],"is_beta":false,"boss_relics":[{"not_picked":["Philosopher\u0027s Stone","Sozu"],"picked":"Replay:Ancient Bell"},{"not_picked":["Potion Belt","MealTicket"],"picked":"Replay:Baseball"},{"not_picked":["HornCleat","Gremlin Horn"],"picked":"Snack Pack"},{"not_picked":["Durian","Pondfish Scales"],"picked":"Lizard Tail"},{"not_picked":["Kintsugi","Cursed Key"],"picked":"sneckomod:SuperSneckoSoul"}],"items_purged_floors":[12,29],"is_endless":false,"potions_floor_spawned":[2,13,15,19,31,32,33,38,44],"killed_by":"3 Darklings","ascension_level":1}}