{"host":"mqhvlr3kpxebko0t","time":1608778980,"event":{"mods":["AchievementEnabler","BaseMod","Colored Map","Keyboard Shortcuts","Minty Spire (QoL Compilation)","StSLib","SuperFastMode"],"gold_per_floor":[119,119,169,184,31,74,74,97,97,97,97,97],"floor_reached":11,"playtime":137,"items_purged":["Strike_G"],"score":128,"play_id":"0d08401a-6220-4883-9ac7-882ccae1ac87","local_time":"20201224120300","is_ascension_mode":true,"campfire_choices":[{"data":"Corpse Explosion","floor":7,"key":"SMITH"},{"data":"Neutralize","floor":10,"key":"SMITH"}],"circlet_count":0,"master_deck":["AscendersBane","Strike_G","Strike_G","Strike_G","Strike_G","Defend_G","Defend_G","Defend_G","Defend_G","Defend_G","Survivor","Neutralize+1","Corpse Explosion+1"],"relics":["Snecko Eye","Golden Idol","Letter Opener","Molten Egg 2"],"acts_visited":["Exordium"],"potions_floor_usage":[],"damage_taken":[{"damage":5,"enemies":"2 Louse","floor":1,"turns":4},{"damage":4,"enemies":"Small Slimes","floor":4,"turns":4},{"damage":7,"enemies":"3 Sentries","floor":6,"turns":3},{"damage":0,"enemies":"Cultist","floor":8,"turns":3},{"damage":0,"enemies":"Lagavulin","floor":11,"turns":3}],"seed_played":"6564486718852160610","potions_obtained":[{"floor":8,"key":"CunningPotion"}],"is_trial":false,"path_per_floor":["M","?","?","M","$","E","R","M","T","R","E"],"character_chosen":"THE_SILENT","items_purchased":["Corpse Explosion"],"campfire_rested":0,"item_purchase_floors":[5],"current_hp_per_floor":[54,54,54,50,50,43,43,43,43,43,43,43],"gold":97,"neow_bonus":"BOSS_RELIC","is_daily":false,"chose_seed":false,"campfire_upgraded":2,"win_rate":0.0,"timestamp":1608778980,"path_taken":["M","?","?","M","$","E","R","M","T","R","E"],"items_purchased_type":["Card"],"build_version":"2020-12-22","purchased_purges":1,"victory":false,"max_hp_per_floor":[66,60,60,60,60,60,60,60,60,60,60,60],"card_choices":[{"not_picked":["Dagger Spray","Dodge and Roll","Dagger Throw"],"picked":"SKIP","floor":1},{"not_picked":["Cloak And Dagger","Blade Dance","Finisher"],"picked":"SKIP","floor":4},{"not_picked":["Terror","Expertise","Distraction"],"picked":"SKIP","floor":6},{"not_picked":["Calculated Gamble","Flying Knee","Dodge and Roll"],"picked":"SKIP","floor":8}],"player_experience":682042,"relics_obtained":[{"floor":6,"key":"Letter Opener"},{"floor":9,"key":"Molten Egg 2"}],"event_choices":[{"damage_healed":0,"gold_gain":0,"player_choice":"Lose Max HP","damage_taken":0,"relics_obtained":["Golden Idol"],"max_hp_gain":0,"max_hp_loss":6,"event_name":"Golden Idol","floor":2,"gold_loss":0},{"damage_healed":0,"gold_gain":50,"player_choice":"Pray","damage_taken":0,"max_hp_gain":0,"max_hp_loss":0,"event_name":"Golden Shrine","floor":3,"gold_loss":0}],"is_beta":false,"boss_relics":[],"items_purged_floors":[5],"is_endless":false,"potions_floor_spawned":[8],"killed_by":"Lagavulin","ascension_level":16}}