{"host":"dcj2yvrgcvh5dl2s","time":1608773822,"event":{"mods":["BaseMod","Better Note","Block Reminder","Colored Powertips","DeckTracker","Minty Spire (QoL Compilation)","Quick Restart","Rare Cards Sparkle","Relic Stats","StSLib"],"gold_per_floor":[117,117,129,54,54,88,107,137,187,220,237,70,70,95,95,172,172,191,207,225,225,6,40,40,68,91,91,124,135,145,178,178,256,256,276,276,287,300,319,350,350,380,380,412,412,412,412,425,425,425],"floor_reached":51,"playtime":1666,"items_purged":["Bash"],"score":1713,"play_id":"6b39b71c-a159-47c2-beb8-ba4edeec1034","local_time":"20201224113702","is_ascension_mode":true,"campfire_choices":[{"floor":15,"key":"REST"},{"data":"Limit Break","floor":32,"key":"SMITH"},{"floor":41,"key":"REST"},{"floor":47,"key":"REST"},{"floor":49,"key":"REST"}],"circlet_count":0,"master_deck":["AscendersBane","Strike_R+1","Strike_R+1","Strike_R+1","Defend_R+1","Defend_R+1","Defend_R+1","Defend_R+1","Heavy Blade","Shrug It Off+1","Flex+1","Sword Boomerang+1","Immolate+1","Limit Break+1","Shrug It Off","Flex","Exhume+1","True Grit","Flex","Pommel Strike+1","Flex","Sword Boomerang+1","Pummel+1","Pommel Strike+1","Limit Break","Whirlwind+1","Sword Boomerang+1","Shrug It Off+1","Inflame+1","Intimidate+1","Flex","Thunderclap+1","Battle Trance","Trip","Pommel Strike+1"],"relics":["Burning Blood","NeowsBlessing","Molten Egg 2","Bag of Marbles","War Paint","Omamori","Akabeko","InkBottle","Anchor","Calling Bell","Smiling Mask","Kunai","Lizard Tail","MutagenicStrength","Oddly Smooth Stone","The Courier","Ornamental Fan","Dream Catcher","Torii","MealTicket","Fusion Hammer","Bottled Lightning","Paper Frog","HornCleat","Eternal Feather"],"acts_visited":["Exordium","TheCity","TheBeyond"],"potions_floor_usage":[8,10,14,25,28,28,28,33,33,40,50,50],"damage_taken":[{"damage":0,"enemies":"Jaw Worm","floor":1,"turns":1},{"damage":0,"enemies":"Small Slimes","floor":3,"turns":1},{"damage":0,"enemies":"3 Sentries","floor":6,"turns":2},{"damage":0,"enemies":"Cultist","floor":7,"turns":3},{"damage":55,"enemies":"Gremlin Nob","floor":8,"turns":6},{"damage":14,"enemies":"Lagavulin","floor":10,"turns":4},{"damage":0,"enemies":"Exordium Thugs","floor":11,"turns":2},{"damage":0,"enemies":"Gremlin Nob","floor":14,"turns":1},{"damage":36,"enemies":"The Guardian","floor":16,"turns":7},{"damage":0,"enemies":"2 Thieves","floor":18,"turns":1},{"damage":0,"enemies":"Chosen","floor":19,"turns":4},{"damage":28,"enemies":"Sentry and Sphere","floor":20,"turns":4},{"damage":2,"enemies":"Gremlin Leader","floor":23,"turns":5},{"damage":4,"enemies":"Book of Stabbing","floor":25,"turns":2},{"damage":0,"enemies":"Slavers","floor":28,"turns":2},{"damage":0,"enemies":"Shelled Parasite and Fungi","floor":29,"turns":1},{"damage":0,"enemies":"Centurion and Healer","floor":30,"turns":2},{"damage":0,"enemies":"Gremlin Leader","floor":31,"turns":1},{"damage":65,"enemies":"Champ","floor":33,"turns":7},{"damage":0,"enemies":"3 Shapes","floor":35,"turns":1},{"damage":0,"enemies":"Orb Walker","floor":37,"turns":1},{"damage":25,"enemies":"Maw","floor":38,"turns":6},{"damage":1,"enemies":"Sphere and 2 Shapes","floor":39,"turns":3},{"damage":42,"enemies":"Giant Head","floor":40,"turns":6},{"damage":36,"enemies":"Nemesis","floor":42,"turns":5},{"damage":17,"enemies":"Reptomancer","floor":44,"turns":3},{"damage":0,"enemies":"3 Darklings","floor":48,"turns":1},{"damage":22,"enemies":"Time Eater","floor":50,"turns":4}],"seed_played":"-5225030897181163317","potions_obtained":[{"floor":3,"key":"Regen Potion"},{"floor":6,"key":"Block Potion"},{"floor":10,"key":"BlessingOfTheForge"},{"floor":16,"key":"Energy Potion"},{"floor":20,"key":"EntropicBrew"},{"floor":25,"key":"SkillPotion"},{"floor":28,"key":"DuplicationPotion"},{"floor":30,"key":"AttackPotion"},{"floor":37,"key":"Strength Potion"},{"floor":38,"key":"Strength Potion"},{"floor":40,"key":"FairyPotion"},{"floor":48,"key":"Dexterity Potion"}],"is_trial":false,"path_per_floor":["M","?","M","?","$","E","M","E","T","E","M","$","T","E","R","B",null,"M","M","M","?","$","E","?","E","T","?","E","M","M","E","R","B",null,"M","?","M","M","M","E","R","E","T","E","?","?","R","M","R","B",null],"character_chosen":"IRONCLAD","items_purchased":["Akabeko","Shrug It Off","Oddly Smooth Stone","Flex"],"campfire_rested":4,"item_purchase_floors":[12,12,22,22],"current_hp_per_floor":[74,67,73,73,73,75,75,26,26,30,36,36,36,42,64,34,65,71,75,53,53,53,57,57,59,59,59,65,71,75,75,75,16,60,66,66,71,52,57,21,42,12,12,27,27,27,66,71,71,55],"gold":425,"neow_bonus":"THREE_ENEMY_KILL","is_daily":false,"chose_seed":false,"campfire_upgraded":1,"win_rate":0.0,"timestamp":1608773822,"path_taken":["M","?","M","?","$","E","M","E","T","E","M","$","?","E","R","BOSS","M","M","?","?","$","E","?","E","T","?","E","M","M","E","R","BOSS","M","?","M","M","M","E","R","E","T","E","?","?","R","M","R","BOSS"],"items_purchased_type":["Relic","Card","Relic","Card"],"build_version":"2020-12-22","purchased_purges":1,"victory":true,"max_hp_per_floor":[75,75,75,75,75,75,75,75,75,75,75,75,75,75,75,75,75,75,75,75,75,75,75,75,75,75,75,75,75,75,75,75,75,75,75,71,71,71,71,71,71,71,71,71,71,71,71,71,71,71],"relic_stats":{"Torii":6,"counters":[28,86],"Eternal Feather":18,"War Paint":["Shrug It Off","Flex"],"Smiling Mask":25,"Burning Blood":146,"Lizard Tail":0,"Dream Catcher":3,"Ornamental Fan":[28],"MealTicket":0,"Kunai":[8],"obtain_stats":[{"Torii":28,"Smiling Mask":17,"Burning Blood":0,"Lizard Tail":17,"Dream Catcher":26,"HornCleat":43,"MealTicket":31,"Fusion Hammer":34,"Kunai":17,"InkBottle":13,"Paper Frog":42,"NeowsBlessing":0,"Oddly Smooth Stone":22,"Eternal Feather":44,"The Courier":23,"Omamori":10,"War Paint":9,"Akabeko":12,"Calling Bell":17,"Anchor":14,"Ornamental Fan":25,"MutagenicStrength":21,"Molten Egg 2":6,"Bag of Marbles":8,"Bottled Lightning":40},{"Torii":15,"Smiling Mask":9,"Burning Blood":0,"Lizard Tail":9,"Dream Catcher":14,"HornCleat":25,"MealTicket":18,"Fusion Hammer":19,"Kunai":9,"InkBottle":7,"Paper Frog":25,"NeowsBlessing":0,"Oddly Smooth Stone":12,"Eternal Feather":26,"The Courier":13,"Omamori":6,"War Paint":5,"Akabeko":7,"Calling Bell":9,"Anchor":8,"Ornamental Fan":14,"MutagenicStrength":12,"Molten Egg 2":3,"Bag of Marbles":5,"Bottled Lightning":24},{"Torii":45,"Smiling Mask":27,"Burning Blood":0,"Lizard Tail":27,"Dream Catcher":43,"HornCleat":78,"MealTicket":49,"Fusion Hammer":56,"Kunai":27,"InkBottle":19,"Paper Frog":78,"NeowsBlessing":0,"Oddly Smooth Stone":36,"Eternal Feather":81,"The Courier":41,"Omamori":17,"War Paint":13,"Akabeko":19,"Calling Bell":27,"Anchor":20,"Ornamental Fan":43,"MutagenicStrength":36,"Molten Egg 2":4,"Bag of Marbles":13,"Bottled Lightning":73}],"InkBottle":[21]},"card_choices":[{"not_picked":["Armaments","Pommel Strike"],"picked":"Heavy Blade","floor":1},{"not_picked":["Iron Wave","Anger"],"picked":"Shrug It Off","floor":3},{"not_picked":["Feel No Pain","Searing Blow+1"],"picked":"Flex","floor":6},{"not_picked":["Armaments","Anger+1"],"picked":"Sword Boomerang+1","floor":7},{"not_picked":["Rage","Wild Strike+1"],"picked":"Immolate+1","floor":8},{"not_picked":["Sentinel","Havoc"],"picked":"Limit Break","floor":10},{"not_picked":["Wild Strike+1","Spot Weakness","Armaments"],"picked":"SKIP","floor":11},{"not_picked":["Pommel Strike+1","Thunderclap+1"],"picked":"Flex","floor":14},{"not_picked":["Juggernaut","Impervious"],"picked":"Exhume","floor":16},{"not_picked":["Iron Wave+1","Bloodletting"],"picked":"True Grit","floor":18},{"not_picked":["Headbutt+1","Ghostly Armor"],"picked":"Flex","floor":19},{"not_picked":["Entrench","True Grit"],"picked":"Pommel Strike+1","floor":20},{"not_picked":["Ghostly Armor+1","Rampage+1"],"picked":"Sword Boomerang+1","floor":23},{"not_picked":["Armaments","Shockwave","Pommel Strike+1"],"picked":"SKIP","floor":25},{"not_picked":["Searing Blow+1","Fiend Fire+1","Bloodletting"],"picked":"SKIP","floor":28},{"not_picked":["Cleave+1","Spot Weakness"],"picked":"Pommel Strike+1","floor":29},{"not_picked":["Sentinel","Twin Strike+1","Cleave+1"],"picked":"SKIP","floor":30},{"not_picked":["Sever Soul+1","Carnage+1","Power Through"],"picked":"SKIP","floor":31},{"not_picked":["Bludgeon+1","Juggernaut"],"picked":"Limit Break","floor":33},{"not_picked":["Rage","Wild Strike+1"],"picked":"Whirlwind+1","floor":35},{"not_picked":["Havoc","Headbutt+1"],"picked":"Sword Boomerang+1","floor":37},{"not_picked":["Power Through","Sword Boomerang+1"],"picked":"Shrug It Off+1","floor":38},{"not_picked":["Anger+1","Dropkick+1"],"picked":"Inflame+1","floor":39},{"not_picked":["Blood for Blood+1","Bludgeon+1"],"picked":"Intimidate+1","floor":40},{"not_picked":["Clothesline+1","Heavy Blade+1"],"picked":"Flex","floor":41},{"not_picked":["Inflame","Intimidate"],"picked":"Thunderclap+1","floor":42},{"not_picked":["Wild Strike+1","Pommel Strike+1"],"picked":"Battle Trance","floor":44},{"not_picked":["PanicButton","Mind Blast+1"],"picked":"Trip","floor":45},{"not_picked":["Carnage+1","Havoc+1"],"picked":"Pommel Strike+1","floor":48}],"player_experience":2022605,"relics_obtained":[{"floor":6,"key":"Molten Egg 2"},{"floor":8,"key":"Bag of Marbles"},{"floor":9,"key":"War Paint"},{"floor":10,"key":"Omamori"},{"floor":13,"key":"InkBottle"},{"floor":14,"key":"Anchor"},{"floor":17,"key":"Smiling Mask"},{"floor":17,"key":"Kunai"},{"floor":17,"key":"Lizard Tail"},{"floor":23,"key":"The Courier"},{"floor":25,"key":"Ornamental Fan"},{"floor":26,"key":"Dream Catcher"},{"floor":28,"key":"Torii"},{"floor":31,"key":"MealTicket"},{"floor":40,"key":"Bottled Lightning"},{"floor":42,"key":"Paper Frog"},{"floor":43,"key":"HornCleat"},{"floor":44,"key":"Eternal Feather"}],"event_choices":[{"cards_removed":["Strike_R"],"damage_healed":0,"gold_gain":0,"player_choice":"Card Removal","damage_taken":7,"max_hp_gain":0,"max_hp_loss":0,"event_name":"Golden Wing","floor":2,"gold_loss":0},{"cards_removed":["Strike_R"],"damage_healed":0,"gold_gain":0,"player_choice":"Card Removal","damage_taken":0,"max_hp_gain":0,"max_hp_loss":0,"event_name":"The Cleric","floor":4,"gold_loss":75},{"damage_healed":0,"gold_gain":0,"player_choice":"Inject Mutagens","damage_taken":0,"relics_obtained":["MutagenicStrength"],"max_hp_gain":0,"max_hp_loss":0,"event_name":"Drug Dealer","floor":21,"gold_loss":0},{"damage_healed":0,"gold_gain":0,"player_choice":"Simplicity","damage_taken":0,"max_hp_gain":0,"max_hp_loss":0,"event_name":"Back to Basics","floor":24,"gold_loss":0,"cards_upgraded":["Strike_R","Strike_R","Strike_R","Defend_R","Defend_R","Defend_R","Defend_R"]},{"damage_healed":0,"gold_gain":0,"player_choice":"Read","damage_taken":0,"max_hp_gain":0,"max_hp_loss":0,"event_name":"The Library","floor":27,"gold_loss":0,"cards_obtained":["Pummel"]},{"damage_healed":0,"gold_gain":0,"player_choice":"Max HP","damage_taken":0,"max_hp_gain":0,"max_hp_loss":4,"event_name":"Winding Halls","floor":36,"gold_loss":0},{"damage_healed":0,"gold_gain":0,"player_choice":"Memory 1","damage_taken":0,"max_hp_gain":0,"max_hp_loss":0,"event_name":"SensoryStone","floor":45,"gold_loss":0},{"damage_healed":0,"gold_gain":0,"player_choice":"Upgraded","damage_taken":0,"max_hp_gain":0,"max_hp_loss":0,"event_name":"Upgrade Shrine","floor":46,"gold_loss":0,"cards_upgraded":["Exhume"]}],"is_beta":false,"boss_relics":[{"not_picked":["Mark of Pain","Tiny House"],"picked":"Calling Bell"},{"not_picked":["SlaversCollar","SacredBark"],"picked":"Fusion Hammer"}],"items_purged_floors":[22],"is_endless":false,"potions_floor_spawned":[3,6,10,16,20,25,28,30,37,38,40,48],"ascension_level":15}}