{"host":"cc187","time":1608849897,"event":{"mods":["AchievementEnabler","BaseMod","Bestiary","Colored Map","Colored Powertips","Highlight Path","Keyboard Shortcuts","Minty Spire (QoL Compilation)","Quick Restart","Rare Cards Sparkle","Relic Stats","StSLib","SuperFastMode","Synergy Search","ojb\u0027s Info Mod"],"gold_per_floor":[117,87,12,12,26,56,71,26,26,42,73,73,73,102,102,174,174,189,189,6,17,30,30,57,57,57,90,31,42,42,142,142,142,142],"floor_reached":33,"playtime":2414,"items_purged":["Strike_G"],"score":688,"play_id":"c0018a3d-a180-444e-826e-6c2e3cc97d56","local_time":"20201224224457","is_ascension_mode":true,"campfire_choices":[{"floor":13,"key":"REST"},{"floor":15,"key":"REST"},{"floor":23,"key":"REST"},{"data":"Bullet Time","floor":25,"key":"SMITH"},{"floor":32,"key":"REST"}],"circlet_count":0,"master_deck":["AscendersBane","Survivor","Neutralize","Poisoned Stab+1","Blur","Well Laid Plans","Footwork","Backflip","Underhanded Strike","Deadly Poison","Crippling Poison","Die Die Die","Skewer","Endless Agony","Calculated Gamble","Phantasmal Killer","Venomology+1","Bullet Time+1","Masterful Stab","Terror","Reflex","Backflip","Concentrate","Impatience","Dash+1","Prepared","Dodge and Roll","Backflip"],"relics":["Ring of the Snake","NeowsBlessing","MealTicket","Blood Vial","Question Card","Lantern","Pandora\u0027s Box","Calipers","Centennial Puzzle","Gambling Chip","Letter Opener"],"acts_visited":["Exordium","TheCity"],"potions_floor_usage":[11,11,18,22,22,24,27,31,31,31,31,33,33],"damage_taken":[{"damage":0,"enemies":"2 Louse","floor":1,"turns":1},{"damage":0,"enemies":"Cultist","floor":5,"turns":1},{"damage":0,"enemies":"Lagavulin","floor":6,"turns":1},{"damage":2,"enemies":"Jaw Worm","floor":7,"turns":7},{"damage":10,"enemies":"Exordium Thugs","floor":8,"turns":5},{"damage":2,"enemies":"2 Fungi Beasts","floor":10,"turns":4},{"damage":48,"enemies":"Gremlin Nob","floor":11,"turns":6},{"damage":26,"enemies":"3 Sentries","floor":14,"turns":16},{"damage":9,"enemies":"The Guardian","floor":16,"turns":11},{"damage":31,"enemies":"2 Thieves","floor":18,"turns":4},{"damage":15,"enemies":"Shell Parasite","floor":21,"turns":4},{"damage":14,"enemies":"Snecko","floor":22,"turns":6},{"damage":0,"enemies":"Gremlin Leader","floor":24,"turns":4},{"damage":78,"enemies":"Slavers","floor":27,"turns":8},{"damage":5,"enemies":"Centurion and Healer","floor":29,"turns":7},{"damage":10,"enemies":"Colosseum Slavers","floor":31,"turns":4},{"damage":17,"enemies":"Colosseum Nobs","floor":31,"turns":5},{"damage":78,"enemies":"Champ","floor":33,"turns":12}],"seed_played":"8553063550732237095","potions_obtained":[{"floor":2,"key":"Dexterity Potion"},{"floor":2,"key":"Energy Potion"},{"floor":5,"key":"Ancient Potion"},{"floor":8,"key":"DuplicationPotion"},{"floor":18,"key":"AttackPotion"},{"floor":22,"key":"BlessingOfTheForge"},{"floor":31,"key":"Fruit Juice"}],"is_trial":false,"path_per_floor":["M","?","$","?","M","E","M","M","T","M","E","$","R","E","R","B",null,"M","?","$","M","M","R","E","R","T","E","$","M","$","?","R","B"],"character_chosen":"THE_SILENT","items_purchased":["Concentrate","Impatience","Dodge and Roll"],"campfire_rested":4,"item_purchase_floors":[20,20,28],"current_hp_per_floor":[59,59,59,59,59,59,57,47,47,47,1,16,35,11,30,23,55,40,40,55,42,30,49,51,51,51,11,26,23,38,20,41,0,0],"gold":142,"neow_bonus":"THREE_ENEMY_KILL","is_daily":false,"chose_seed":false,"campfire_upgraded":1,"win_rate":0.0,"timestamp":1608849897,"path_taken":["M","?","?","?","M","E","M","M","T","M","E","$","R","E","R","BOSS","M","?","$","M","M","R","E","R","T","E","?","M","$","?","R","BOSS"],"items_purchased_type":["Card","Card","Card"],"build_version":"2020-12-18","purchased_purges":1,"victory":false,"max_hp_per_floor":[66,66,66,66,66,66,66,66,66,66,66,66,66,66,66,66,66,66,66,66,66,66,66,66,66,66,66,66,66,66,71,71,71,71],"relic_stats":{"Blood Vial":26,"Centennial Puzzle":[12],"counters":[18,106],"Gambling Chip":[3],"MealTicket":60,"Pandora\u0027s Box":["Skewer","Endless Agony","Calculated Gamble","Phantasmal Killer","Venomology","Bullet Time","Masterful Stab","Terror","Reflex"],"Letter Opener":[18],"Question Card":9,"obtain_stats":[{"Blood Vial":9,"Lantern":14,"Centennial Puzzle":27,"Calipers":24,"NeowsBlessing":0,"Gambling Chip":31,"MealTicket":6,"Pandora\u0027s Box":17,"Letter Opener":31,"Question Card":11,"Ring of the Snake":0},{"Blood Vial":5,"Lantern":8,"Centennial Puzzle":14,"Calipers":13,"NeowsBlessing":0,"Gambling Chip":17,"MealTicket":3,"Pandora\u0027s Box":9,"Letter Opener":17,"Question Card":7,"Ring of the Snake":0},{"Blood Vial":15,"Lantern":41,"Centennial Puzzle":78,"Calipers":70,"NeowsBlessing":0,"Gambling Chip":94,"MealTicket":3,"Pandora\u0027s Box":52,"Letter Opener":94,"Question Card":25,"Ring of the Snake":0}],"Ring of the Snake":[37]},"card_choices":[{"not_picked":["Backflip","Heel Hook"],"picked":"Poisoned Stab","floor":1},{"not_picked":["Accuracy","Blade Dance"],"picked":"Blur","floor":5},{"not_picked":["Bane","Masterful Stab"],"picked":"Well Laid Plans","floor":6},{"not_picked":["Deflect","Prepared"],"picked":"Footwork","floor":7},{"not_picked":["Tactician","Flying Knee"],"picked":"Backflip","floor":8},{"not_picked":["Heel Hook","Acrobatics"],"picked":"Underhanded Strike","floor":10},{"not_picked":["Backstab","PiercingWail"],"picked":"Deadly Poison","floor":11},{"not_picked":["Night Terror","Dodge and Roll","Dagger Spray"],"picked":"Crippling Poison","floor":14},{"not_picked":["Envenom","Grand Finale","Doppelganger"],"picked":"Die Die Die","floor":16},{"not_picked":["Outmaneuver","Sucker Punch","All Out Attack"],"picked":"Backflip","floor":18},{"not_picked":["Underhanded Strike","Escape Plan","All Out Attack","Predator"],"picked":"SKIP","floor":21},{"not_picked":["Unload","Prepared","Dagger Spray"],"picked":"Dash+1","floor":22},{"not_picked":["Heel Hook","Blade Dance","Flechettes","Expertise+1"],"picked":"SKIP","floor":24},{"not_picked":["Quick Slash","Backstab","Footwork"],"picked":"Prepared","floor":27},{"not_picked":["Poisoned Stab","Riddle With Holes+1","Dagger Spray+1","Deadly Poison"],"picked":"SKIP","floor":29},{"not_picked":["Masterful Stab","Quick Slash","Underhanded Strike"],"picked":"Backflip","floor":31}],"player_experience":844317,"relics_obtained":[{"floor":6,"key":"MealTicket"},{"floor":9,"key":"Blood Vial"},{"floor":11,"key":"Question Card"},{"floor":14,"key":"Lantern"},{"floor":24,"key":"Calipers"},{"floor":27,"key":"Centennial Puzzle"},{"floor":31,"key":"Gambling Chip"},{"floor":31,"key":"Letter Opener"}],"event_choices":[{"damage_healed":0,"gold_gain":0,"player_choice":"Bought 2 Potions","damage_taken":0,"max_hp_gain":0,"max_hp_loss":0,"event_name":"The Woman in Blue","floor":2,"gold_loss":0},{"damage_healed":0,"gold_gain":0,"player_choice":"Grow","damage_taken":0,"max_hp_gain":0,"max_hp_loss":0,"event_name":"Living Wall","floor":4,"gold_loss":0,"cards_upgraded":["Poisoned Stab"]},{"damage_healed":0,"gold_gain":0,"player_choice":"Forge","damage_taken":0,"max_hp_gain":0,"max_hp_loss":0,"event_name":"Accursed Blacksmith","floor":19,"gold_loss":0,"cards_upgraded":["Venomology"]},{"damage_healed":0,"gold_gain":0,"player_choice":"Fight","damage_taken":0,"max_hp_gain":0,"max_hp_loss":0,"event_name":"Colosseum","floor":31,"gold_loss":0},{"damage_healed":0,"gold_gain":0,"player_choice":"Fought Nobs","damage_taken":0,"max_hp_gain":0,"max_hp_loss":0,"event_name":"Colosseum","floor":31,"gold_loss":0}],"is_beta":true,"boss_relics":[{"not_picked":["Ectoplasm","Cursed Key"],"picked":"Pandora\u0027s Box"}],"items_purged_floors":[3],"is_endless":false,"potions_floor_spawned":[5,8,10,18,22,24,31,31],"killed_by":"Champ","ascension_level":19}}