{"host":"qxeepl7ydvsgmfdb","time":1608786431,"event":{"mods":["AchievementEnabler","BaseMod","Colored Powertips","Minty Spire (QoL Compilation)","Quick Restart","slay the spire mod where everything is the same but ironclad has a cowboy hat"],"gold_per_floor":[112,112,122,122,135,135,170,23,103,103,103,124,139,214,214,334,334,353,353,353,353],"floor_reached":20,"playtime":813,"items_purged":[],"score":194,"play_id":"46acbc23-fe16-4043-adf2-f389120ae9a6","local_time":"20201224000711","is_ascension_mode":true,"campfire_choices":[{"data":"Zap","floor":6,"key":"SMITH"},{"data":"BootSequence","floor":10,"key":"SMITH"},{"floor":15,"key":"REST"}],"circlet_count":0,"master_deck":["Strike_B","Strike_B","Strike_B","Strike_B","Defend_B","Defend_B","Defend_B","Defend_B","Zap+1","Dualcast","BootSequence+1","Regret","Cold Snap","Capacitor","Redo+1","Coolheaded+1","Leap+1","RitualDagger"],"relics":["Cracked Core","NeowsBlessing","Blood Vial","Golden Idol","Odd Mushroom","Strawberry","Toxic Egg 2","Bottled Flame","SlaversCollar"],"acts_visited":["Exordium","TheCity"],"potions_floor_usage":[7,18,20],"damage_taken":[{"damage":0,"enemies":"Small Slimes","floor":1,"turns":1},{"damage":0,"enemies":"2 Louse","floor":3,"turns":1},{"damage":0,"enemies":"Jaw Worm","floor":5,"turns":1},{"damage":7,"enemies":"The Mushroom Lair","floor":7,"turns":4},{"damage":5,"enemies":"Looter","floor":12,"turns":4},{"damage":4,"enemies":"3 Louse","floor":13,"turns":3},{"damage":25,"enemies":"The Guardian","floor":16,"turns":16},{"damage":33,"enemies":"3 Byrds","floor":18,"turns":6},{"damage":43,"enemies":"Masked Bandits","floor":20,"turns":5}],"seed_played":"257404853752864161","potions_obtained":[{"floor":1,"key":"LiquidBronze"},{"floor":12,"key":"SpeedPotion"},{"floor":16,"key":"Block Potion"}],"is_trial":false,"path_per_floor":["M","?","M","?","M","R","?","$","T","R","T","M","M","?","R","B",null,"M","?","?"],"character_chosen":"DEFECT","items_purchased":["Strawberry"],"campfire_rested":1,"item_purchase_floors":[8],"current_hp_per_floor":[75,75,75,57,59,59,54,61,61,61,61,58,56,45,69,46,82,49,43,2,2],"gold":353,"neow_bonus":"THREE_ENEMY_KILL","is_daily":false,"chose_seed":false,"campfire_upgraded":2,"win_rate":0.0,"timestamp":1608786431,"path_taken":["M","?","M","?","M","R","?","$","T","R","?","M","M","?","R","BOSS","M","?","?"],"items_purchased_type":["Relic"],"build_version":"2020-12-22","purchased_purges":0,"victory":false,"max_hp_per_floor":[75,75,75,75,75,75,75,82,82,82,82,82,82,82,82,82,82,82,82,82,82],"card_choices":[{"not_picked":["Loop","Compile Driver"],"picked":"BootSequence","floor":1},{"not_picked":["Gash","Auto Shields"],"picked":"Cold Snap","floor":3},{"not_picked":["Barrage","Machine Learning","Gash"],"picked":"SKIP","floor":5},{"not_picked":["Beam Cell","Reprogram"],"picked":"Capacitor","floor":7},{"not_picked":["Hologram+1","Beam Cell"],"picked":"Redo+1","floor":12},{"not_picked":["Rip and Tear","Barrage"],"picked":"Coolheaded+1","floor":13},{"not_picked":["Turbo+1","Gash"],"picked":"Leap+1","floor":18}],"player_experience":347878,"relics_obtained":[{"floor":7,"key":"Odd Mushroom"},{"floor":9,"key":"Toxic Egg 2"},{"floor":11,"key":"Bottled Flame"}],"event_choices":[{"damage_healed":0,"gold_gain":0,"player_choice":"Box","damage_taken":0,"relics_obtained":["Blood Vial"],"max_hp_gain":0,"max_hp_loss":0,"event_name":"Big Fish","floor":2,"gold_loss":0,"cards_obtained":["Regret"]},{"damage_healed":0,"gold_gain":0,"player_choice":"Take Damage","damage_taken":18,"relics_obtained":["Golden Idol"],"max_hp_gain":0,"max_hp_loss":0,"event_name":"Golden Idol","floor":4,"gold_loss":0},{"damage_healed":0,"gold_gain":0,"player_choice":"Fought Mushrooms","damage_taken":0,"max_hp_gain":0,"max_hp_loss":0,"event_name":"Mushrooms","floor":7,"gold_loss":0},{"damage_healed":0,"gold_gain":75,"player_choice":"Gather Gold","damage_taken":11,"max_hp_gain":0,"max_hp_loss":0,"event_name":"World of Goop","floor":14,"gold_loss":0},{"damage_healed":0,"gold_gain":0,"player_choice":"Joined the Cult","damage_taken":6,"max_hp_gain":0,"max_hp_loss":0,"event_name":"Nest","floor":19,"gold_loss":0,"cards_obtained":["RitualDagger"]},{"damage_healed":0,"gold_gain":0,"player_choice":"Fought Bandits","damage_taken":0,"max_hp_gain":0,"max_hp_loss":0,"event_name":"Masked Bandits","floor":20,"gold_loss":0}],"is_beta":false,"boss_relics":[{"not_picked":["Runic Dome","Snecko Eye"],"picked":"SlaversCollar"}],"items_purged_floors":[],"is_endless":false,"potions_floor_spawned":[1,12,16],"killed_by":"Masked Bandits","ascension_level":4}}