{"host":"0msxzbajcl1c78mb","time":1608789411,"event":{"mods":["AchievementEnabler","BaseMod","Colored Map","Colored Powertips","Highlight Path","Minty Spire (QoL Compilation)","Relic Sorter","Relic Stats","StSLib","The Jungle","everything is the same but u backflip on backflip"],"gold_per_floor":[110,110,110,121,46,80,80,115,115,126,145,173,188,218,218,316,316,336,356,373,323,342,342,342],"floor_reached":23,"playtime":1348,"items_purged":["Strike_R","Strike_R"],"score":360,"play_id":"f3f09ac5-5f1e-4262-84d6-e5bd3577e162","local_time":"20201224005651","is_ascension_mode":true,"campfire_choices":[{"data":"Immolate","floor":7,"key":"SMITH"},{"data":"Bash","floor":15,"key":"SMITH"}],"circlet_count":0,"master_deck":["Strike_R","Strike_R","Strike_R","Defend_R","Defend_R","Defend_R","Bash+1","Intimidate","Armaments","Immolate+1","Power Through","Metallicize","Iron Wave+1","Body Slam+1","Twin Strike+1","Fire Breathing","Entrench","Feed+1","Offering","Fire Breathing","True Grit+1","Shrug It Off"],"relics":["Burning Blood","NeowsBlessing","Shuriken","Molten Egg 2","Smiling Mask","Pantograph","Peace Pipe","Black Star"],"acts_visited":["Exordium","TheCity"],"potions_floor_usage":[8,16,16,20,22,22],"damage_taken":[{"damage":0,"enemies":"2 Louse","floor":1,"turns":1},{"damage":0,"enemies":"Cultist","floor":4,"turns":1},{"damage":0,"enemies":"3 Sentries","floor":6,"turns":1},{"damage":36,"enemies":"Lagavulin","floor":8,"turns":9},{"damage":0,"enemies":"Small Slimes","floor":10,"turns":3},{"damage":2,"enemies":"2 Fungi Beasts","floor":11,"turns":3},{"damage":15,"enemies":"3 Sentries","floor":12,"turns":6},{"damage":0,"enemies":"Large Slime","floor":13,"turns":4},{"damage":7,"enemies":"Lagavulin","floor":14,"turns":7},{"damage":36,"enemies":"Hexaghost","floor":16,"turns":10},{"damage":8,"enemies":"Chosen","floor":18,"turns":5},{"damage":24,"enemies":"2 Thieves","floor":19,"turns":4},{"damage":24,"enemies":"Centurion and Healer","floor":20,"turns":4},{"damage":14,"enemies":"Snake Plant","floor":22,"turns":5},{"damage":36,"enemies":"Book of Stabbing","floor":23,"turns":6}],"seed_played":"-6829720020970406207","potions_obtained":[{"floor":1,"key":"BlessingOfTheForge"},{"floor":4,"key":"SkillPotion"},{"floor":13,"key":"Strength Potion"},{"floor":14,"key":"PowerPotion"},{"floor":16,"key":"Explosive Potion"},{"floor":18,"key":"Ancient Potion"},{"floor":20,"key":"LiquidMemories"}],"is_trial":false,"path_per_floor":["M","?","?","M","$","E","R","E","T","M","M","E","M","E","R","B",null,"M","M","M","$","M","E"],"character_chosen":"IRONCLAD","items_purchased":[],"campfire_rested":0,"item_purchase_floors":[],"current_hp_per_floor":[78,71,71,77,77,80,80,50,50,56,60,51,57,56,56,50,73,71,53,35,35,31,0,0],"gold":342,"neow_bonus":"THREE_ENEMY_KILL","is_daily":false,"chose_seed":false,"campfire_upgraded":2,"win_rate":0.0,"timestamp":1608789411,"path_taken":["M","?","?","?","$","E","R","E","T","M","M","E","M","E","R","BOSS","M","M","M","$","M","E"],"items_purchased_type":[],"build_version":"2020-12-22","purchased_purges":2,"victory":false,"max_hp_per_floor":[80,80,80,80,80,80,80,80,80,80,80,80,80,80,80,80,80,80,80,80,80,84,84,84],"relic_stats":{"Peace Pipe":0,"counters":[15,69],"Shuriken":[11],"Pantograph":24,"Black Star":0,"Smiling Mask":50,"obtain_stats":[{"Peace Pipe":14,"NeowsBlessing":0,"Shuriken":6,"Pantograph":12,"Molten Egg 2":8,"Black Star":17,"Smiling Mask":9,"Burning Blood":0},{"Peace Pipe":9,"NeowsBlessing":0,"Shuriken":3,"Pantograph":7,"Molten Egg 2":4,"Black Star":10,"Smiling Mask":4,"Burning Blood":0},{"Peace Pipe":35,"NeowsBlessing":0,"Shuriken":3,"Pantograph":24,"Molten Egg 2":12,"Black Star":45,"Smiling Mask":12,"Burning Blood":0}],"Burning Blood":81},"card_choices":[{"not_picked":["Shockwave","Anger"],"picked":"Intimidate","floor":1},{"not_picked":["Iron Wave","Twin Strike"],"picked":"Metallicize","floor":4},{"not_picked":["Whirlwind","Intimidate","Flex"],"picked":"SKIP","floor":6},{"not_picked":["Havoc","Brutality"],"picked":"Iron Wave+1","floor":8},{"not_picked":["Heavy Blade+1","Thunderclap+1"],"picked":"Body Slam+1","floor":10},{"not_picked":["Heavy Blade+1","Carnage+1"],"picked":"Twin Strike+1","floor":11},{"not_picked":["Warcry","Twin Strike+1"],"picked":"Fire Breathing","floor":12},{"not_picked":["Body Slam+1","Reckless Charge+1"],"picked":"Entrench","floor":13},{"not_picked":["Wild Strike+1","Intimidate"],"picked":"Feed+1","floor":14},{"not_picked":["Brutality","Corruption"],"picked":"Offering","floor":16},{"not_picked":["Sword Boomerang+1","Disarm","Seeing Red"],"picked":"SKIP","floor":18},{"not_picked":["Anger+1","Cleave+1"],"picked":"Fire Breathing","floor":19},{"not_picked":["Rupture","Headbutt+1"],"picked":"True Grit+1","floor":20},{"not_picked":["Wild Strike+1","Burning Pact"],"picked":"Shrug It Off","floor":22}],"player_experience":286720,"relics_obtained":[{"floor":6,"key":"Shuriken"},{"floor":8,"key":"Molten Egg 2"},{"floor":9,"key":"Smiling Mask"},{"floor":12,"key":"Pantograph"},{"floor":14,"key":"Peace Pipe"}],"event_choices":[{"cards_removed":["Defend_R"],"damage_healed":0,"gold_gain":0,"player_choice":"Card Removal","damage_taken":7,"max_hp_gain":0,"max_hp_loss":0,"event_name":"Golden Wing","floor":2,"gold_loss":0},{"damage_healed":0,"gold_gain":0,"player_choice":"3 cards matched","damage_taken":0,"max_hp_gain":0,"max_hp_loss":0,"event_name":"Match and Keep!","floor":3,"gold_loss":0,"cards_obtained":["Armaments","Immolate","Power Through"]}],"is_beta":false,"boss_relics":[{"not_picked":["Empty Cage","Pandora\u0027s Box"],"picked":"Black Star"}],"items_purged_floors":[5,21],"is_endless":false,"potions_floor_spawned":[1,4,13,14,16,18,20],"killed_by":"Book of Stabbing","ascension_level":9}}