{"host":"qzpuxnheibnu7155","time":1608786911,"event":{"mods":["Act Like it!","BaseMod","Displayed Cursed Tome","Minty Spire (QoL Compilation)","MostiFishMod","Pale of the Ancients","Remilia（蕾米莉亚）","RumiaBox-露米娅的神秘盒子","StSLib","TestMod","Waifu the Spire","【功能Mod】Neow奖励","【遗物卡牌】REMEMod","没有小屋子和绿帽子啦"],"gold_per_floor":[114,114,129,144,144,144,184,184,184,199,218,218,254,287,299,410,422,455,467,479,358,376,411,411,435,511,278,293,331,331,347,347,477,477,488,488,503,521,545,577,354,354,381,420,429,429,246,579,579,579,544,313,333,333,333,333,351,351,79,79,83],"floor_reached":62,"playtime":1956,"items_purged":["Strike_RM","Strike_RM","RedMoon"],"score":3791,"play_id":"80a26c34-43ee-420a-8d3e-7fa01ae189a5","local_time":"20201224131511","is_ascension_mode":true,"campfire_choices":[{"floor":6,"key":"RECALL"},{"data":"MastersStateliness","floor":8,"key":"SMITH"},{"data":"QueenOfMidnight","floor":15,"key":"SMITH"},{"data":"MastersStateliness","floor":24,"key":"SMITH"},{"data":"BatForm","floor":30,"key":"SMITH"},{"data":"MastersStateliness","floor":32,"key":"SMITH"},{"data":"testmod-PainDetonator","floor":42,"key":"SMITH"},{"data":"BloodyCatastrophe","floor":46,"key":"SMITH"},{"data":"MastersStateliness","floor":49,"key":"SMITH"},{"data":"MastersStateliness","floor":56,"key":"SMITH"},{"data":"ForecastOfChange","floor":58,"key":"SMITH"}],"circlet_count":0,"master_deck":["AscendersBane","ScarletShoot","MastersStateliness+1","Ultimatum","testmod-PainDetonator+1","DiffusionOfMisfortune","KillingBlow","Maim","CeilingFear","DiffusionOfMisfortune","QueenOfMidnight+1","DiffusionOfMisfortune","BatForm+1","DemonKingCradle","ScarletDevilSign","VampirishNight","MastersStateliness+1","MastersStateliness+1","ScarletCoffin","DiffusionOfMisfortune+1","MastersStateliness+1","ForecastOfChange+1","DiffusionOfMisfortune+1","DiffusionOfMisfortune+1","BloodyHallows","BloodyCatastrophe+1","MastersStateliness+1","MastersStateliness+1"],"relics":["ScarletHat","DaveBox","testmod-TestBox","REME_ComplimentaryCards","testmod-ThousandKnives","RhineSuit","SynthV:TestCard","Civilization","Civilization","GodSword7","ScarletHat","MagicDraw4","MawBank","testmod-DeterminationOfClimber","Baka2","Civilization","testmod-FatalChain","MagicDraw3","testmod-TestBox","DaveBox","Coffee Dripper","REME_HandOfSuture","Sundial","Regal Pillow","paleoftheancients:Timepiece","paleoftheancients:KeyRelic","testmod-DeterminationOfClimber","GodSword1"],"acts_visited":["Exordium","TheCity","TheBeyond","paleoftheancients:PaleOfTheAncients"],"potions_floor_usage":[33],"damage_taken":[{"damage":0,"enemies":"Small Slimes","floor":1,"turns":2},{"damage":2,"enemies":"Jaw Worm","floor":3,"turns":2},{"damage":0,"enemies":"Cultist","floor":4,"turns":3},{"damage":0,"enemies":"Gremlin Nob","floor":7,"turns":3},{"damage":9,"enemies":"Exordium Thugs","floor":10,"turns":2},{"damage":12,"enemies":"2 Fungi Beasts","floor":11,"turns":2},{"damage":0,"enemies":"Lagavulin","floor":13,"turns":1},{"damage":0,"enemies":"3 Louse","floor":14,"turns":1},{"damage":28,"enemies":"Hexaghost","floor":16,"turns":3},{"damage":0,"enemies":"2 Thieves","floor":18,"turns":1},{"damage":0,"enemies":"3 Byrds","floor":22,"turns":1},{"damage":3,"enemies":"Gremlin Leader","floor":23,"turns":2},{"damage":0,"enemies":"Snake Plant","floor":25,"turns":1},{"damage":0,"enemies":"Cultist and Chosen","floor":28,"turns":1},{"damage":8,"enemies":"Slavers","floor":29,"turns":2},{"damage":0,"enemies":"Snecko","floor":31,"turns":1},{"damage":25,"enemies":"Champ","floor":33,"turns":1},{"damage":0,"enemies":"3 Shapes","floor":35,"turns":1},{"damage":0,"enemies":"Orb Walker","floor":37,"turns":2},{"damage":0,"enemies":"Jaw Worm Horde","floor":38,"turns":1},{"damage":0,"enemies":"Writhing Mass","floor":39,"turns":1},{"damage":0,"enemies":"Nemesis","floor":40,"turns":3},{"damage":0,"enemies":"Giant Head","floor":41,"turns":1},{"damage":0,"enemies":"Nemesis","floor":44,"turns":1},{"damage":0,"enemies":"Maw","floor":45,"turns":1},{"damage":15,"enemies":"Time Eater","floor":50,"turns":1},{"damage":0,"enemies":"Awakened One","floor":51,"turns":2},{"damage":0,"enemies":"Awakened One","floor":52,"turns":3},{"damage":1,"enemies":"Awakened One","floor":53,"turns":2},{"damage":0,"enemies":"Awakened One","floor":57,"turns":1},{"damage":263,"enemies":"paleoftheancients:N","floor":61,"turns":2}],"seed_played":"4940197604283383520","potions_obtained":[{"floor":4,"key":"EssenceOfSteel"},{"floor":10,"key":"SkillPotion"},{"floor":14,"key":"ColorlessPotion"},{"floor":22,"key":"PowerPotion"},{"floor":28,"key":"AttackPotion"},{"floor":31,"key":"REME_GoldPotion"},{"floor":41,"key":"DuplicationPotion"}],"is_trial":false,"path_per_floor":["M","?","M","M","?","R","E","R","T","M","M","T","E","M","R","B",null,"M","?","?","$","M","E","R","M","T","$","M","E","R","M","R","B",null,"M","?","M","M","M","E","E","R","T","E","M","R","$","?","R","B","B","M","M","?","$","R","M","R","$","?","B",null],"character_chosen":"REMILIA","items_purchased":["MastersStateliness","MastersStateliness","ForecastOfChange","MastersStateliness","GodSword1"],"campfire_rested":0,"item_purchase_floors":[21,27,27,47,59],"current_hp_per_floor":[63,39,38,41,41,41,45,45,45,49,52,52,70,92,92,96,138,165,165,165,165,210,251,251,295,295,295,345,396,396,460,460,507,525,600,600,678,774,875,976,1080,1080,1080,1187,1297,1297,1297,1297,1297,1410,1694,1831,1007,1007,1007,1007,1639,1639,1639,1639,2179],"gold":83,"neow_bonus":"REMOVE_CARD","is_daily":false,"chose_seed":false,"campfire_upgraded":10,"win_rate":0.0,"timestamp":1608786911,"path_taken":["M","?","M","M","?","R","E","R","T","M","?","?","E","M","R","BOSS","M","?","?","$","?","E","R","M","T","$","M","E","R","M","R","BOSS","M","?","?","M","M","E","E","R","T","E","?","R","$","?","R","BOSS","BOSS","M","M","?","$","R","M","R","$","?","BOSS"],"items_purchased_type":["Card","Card","Card","Card","Relic"],"build_version":"2020-12-22","purchased_purges":3,"victory":true,"max_hp_per_floor":[70,70,70,72,72,72,76,76,76,84,96,96,110,130,130,152,152,178,178,178,178,210,251,251,295,295,295,345,404,404,466,466,531,531,605,605,682,777,875,976,1080,1080,1080,1187,1297,1297,1297,1297,1297,1410,1694,1831,1974,1974,1974,1974,2120,2120,2120,2120,2284],"card_choices":[{"not_picked":["UnderTheZenith","FitfulNightmare"],"picked":"MastersStateliness","floor":1},{"not_picked":["FavorOfDestiny","EmergencyRegeneration","UnderTheZenith","StarOfDavid"],"picked":"Ultimatum","floor":3},{"not_picked":["EndlessAdversity","UnderTheZenith","UltimateOffering","NightDance"],"picked":"DiffusionOfMisfortune","floor":4},{"not_picked":["BombardNight","BloodAndWine","DiffusionOfMisfortune","VampireClaw"],"picked":"Maim","floor":7},{"not_picked":["BloodHunter","DiffusionOfMisfortune","BlasphemousPunishment","CharismaGuard"],"picked":"CeilingFear","floor":10},{"not_picked":["NightDance","ScarletImprint","BombardNight","UnstableMagic","DevilSight"],"picked":"SKIP","floor":11},{"not_picked":["BombardNight","BlasphemousPunishment","ReincarnationDial","UnstableMagic"],"picked":"DiffusionOfMisfortune","floor":13},{"not_picked":["BloodAndWine","VampirishNight","ScarletDevilSign","TwelveNightmare"],"picked":"QueenOfMidnight","floor":14},{"not_picked":["ScarletDevil","MiserableFate","StarOfDavid","ScarletImprint"],"picked":"DiffusionOfMisfortune","floor":14},{"not_picked":["HellCatastrophe","BloodyCatastrophe","CurseOfVladTepes","BloodySeventeenLaser"],"picked":"BatForm","floor":16},{"not_picked":["AfternoonTea","FavorOfDestiny+1","Maim","UltimateOffering","Stigmanizer"],"picked":"SKIP","floor":18},{"not_picked":["AfternoonTea","FavorOfDestiny","EndlessAdversity","NightDance"],"picked":"MastersStateliness","floor":22},{"not_picked":["ScarletDevilSign","UnstableMagic","ScarletImprint","BloodyTrap"],"picked":"ScarletCoffin","floor":23},{"not_picked":["NightLord","Septette","ScarletDevilSign","FavorOfDestiny"],"picked":"DiffusionOfMisfortune+1","floor":23},{"not_picked":["EternalNight","BombardNight+1","DevilSight","ScarletDevil","DiffusionOfMisfortune"],"picked":"SKIP","floor":23},{"not_picked":["RedRainbow","VampireKiss","BloodyMagicSquare","UnderTheZenith","BloodHunter"],"picked":"SKIP","floor":23},{"not_picked":["UnstableMagic","VampireKiss","NightDance","FavorOfDestiny","NightLord"],"picked":"SKIP","floor":25},{"not_picked":["MiserableFate","LeisurelyOfLord","FavorOfDestiny","BombardNight","VampireKiss"],"picked":"SKIP","floor":25},{"not_picked":["RedRainbow","FitfulNightmare","DevilSight","UnderTheZenith","EndlessAdversity"],"picked":"SKIP","floor":28},{"not_picked":["KillingBlow","NightLord","Stigmanizer","VampireKiss","RedRainbow+1"],"picked":"SKIP","floor":29},{"not_picked":["StarOfDavid","UltimateOffering","BloodAndWine+1","NightLord","UnstableMagic"],"picked":"SKIP","floor":31},{"not_picked":["RedRainbow","Stigmanizer","VampireFantasy","BloodHunter","CharismaGuard"],"picked":"SKIP","floor":35},{"not_picked":["UnstableMagic","RedRainbow","ScarletImprint","FitfulNightmare","EndlessAdversity+1"],"picked":"SKIP","floor":37},{"not_picked":["ChainGang","ScarletCoffin","UltimateOffering","BloodyTrap","ScarletDevil+1"],"picked":"SKIP","floor":38},{"not_picked":["ChainGang","ScarletCoffin","UltimateOffering","BloodyTrap","ScarletDevil+1"],"picked":"SKIP","floor":38},{"not_picked":["HunterOfTheNight","UnderTheZenith+1","UltimateOffering","CharismaGuard"],"picked":"DiffusionOfMisfortune+1","floor":39},{"not_picked":["BloodyTrap","BloodHunter+1","ForbiddenFruit","Stigmanizer","SuperhumanBloodyKnife"],"picked":"SKIP","floor":40},{"not_picked":["BombardNight","BloodyMagicSquare","ScarletImprint","BlasphemousPunishment"],"picked":"BloodyHallows","floor":41},{"not_picked":["UnderTheZenith","Septette","VampireFantasy","FavorOfDestiny","NightDance"],"picked":"SKIP","floor":44},{"not_picked":["RedRainbow","NightDance","BadLadyScramble","FavorOfDestiny"],"picked":"BloodyCatastrophe","floor":45},{"not_picked":["NightDance","VampireKiss+1","RedRainbow+1","FitfulNightmare+1","MillenniumVampire"],"picked":"SKIP","floor":45},{"not_picked":["BloodyMagicSquare+1","CharismaGuard","StarOfDavid+1","RedRainbow+1"],"picked":"MastersStateliness","floor":52},{"not_picked":["NightDance+1","FavorOfDestiny","ScarletImprint","CharismaGuard","StarOfDavid"],"picked":"SKIP","floor":53},{"not_picked":["BlasphemousPunishment","Stigmanizer","VampireClaw","StarOfDavid","EternalNight"],"picked":"SKIP","floor":57}],"player_experience":560129,"relics_obtained":[{"floor":1,"key":"Baka"},{"floor":1,"key":"SynthV:TestCard"},{"floor":3,"key":"Civilization"},{"floor":3,"key":"Civilization"},{"floor":7,"key":"GodSword7"},{"floor":10,"key":"ScarletHat"},{"floor":12,"key":"MagicDraw4"},{"floor":13,"key":"MawBank"},{"floor":22,"key":"Baka2"},{"floor":22,"key":"Civilization"},{"floor":23,"key":"testmod-FatalChain"},{"floor":26,"key":"MagicDraw3"},{"floor":28,"key":"testmod-TestBox"},{"floor":33,"key":"DaveBox"},{"floor":40,"key":"REME_HandOfSuture"},{"floor":41,"key":"Sundial"},{"floor":44,"key":"Regal Pillow"},{"floor":53,"key":"testmod-DeterminationOfClimber"}],"event_choices":[{"damage_healed":0,"gold_gain":0,"player_choice":"Take Damage","damage_taken":24,"relics_obtained":["Golden Idol"],"max_hp_gain":0,"max_hp_loss":0,"event_name":"Golden Idol","floor":2,"gold_loss":0},{"damage_healed":0,"gold_gain":0,"cards_transformed":["Defend_RM"],"player_choice":"Transformed","damage_taken":0,"max_hp_gain":0,"max_hp_loss":0,"event_name":"Transmorgrifier","floor":5,"gold_loss":0,"cards_obtained":["KillingBlow"]},{"damage_healed":0,"gold_gain":0,"cards_transformed":["Strike_RM","Defend_RM"],"player_choice":"Became Test Subject","damage_taken":0,"max_hp_gain":0,"max_hp_loss":0,"event_name":"Drug Dealer","floor":19,"gold_loss":0,"cards_obtained":["DemonKingCradle","ScarletDevilSign"]},{"damage_healed":0,"gold_gain":0,"player_choice":"Read","damage_taken":0,"max_hp_gain":0,"max_hp_loss":0,"event_name":"The Library","floor":20,"gold_loss":0,"cards_obtained":["VampirishNight"]},{"damage_healed":0,"gold_gain":0,"player_choice":"Upgraded","damage_taken":0,"max_hp_gain":0,"max_hp_loss":0,"event_name":"Upgrade Shrine","floor":36,"gold_loss":0,"cards_upgraded":["MastersStateliness"]},{"damage_healed":0,"gold_gain":333,"player_choice":"Gave Idol","damage_taken":0,"max_hp_gain":0,"max_hp_loss":0,"event_name":"The Moai Head","floor":48,"relics_lost":["Golden Idol"],"gold_loss":0},{"damage_healed":0,"gold_gain":0,"player_choice":"Swap Relic","damage_taken":0,"relics_obtained":["Empty Cage"],"max_hp_gain":0,"max_hp_loss":0,"event_name":"给自己的盒子","floor":54,"relics_lost":["Empty Cage"],"gold_loss":0}],"is_beta":false,"boss_relics":[{"not_picked":["testmod-BatchProcessingSystem","testmod-NegativeEmotionEnhancer"],"picked":"testmod-DeterminationOfClimber"},{"not_picked":["FrostBlade","xbg"],"picked":"Coffee Dripper"}],"items_purged_floors":[21,27,47],"is_endless":false,"potions_floor_spawned":[4,10,13,14,22,28,29,31,39,41,44,45,53],"ascension_level":20}}