{"host":"baymyijz6sxaqj5s","time":1608804552,"event":{"mods":["AchievementEnabler","BaseMod","Colored Map","Colored Powertips","DeckTracker","KOR Keyword Fix","Keyboard Shortcuts","Minty Spire (QoL Compilation)","Quick Restart","StSLib","SuperFastMode"],"gold_per_floor":[110,110,110,120,139,174,174,185,185,185,202,218,218,229,229,331,331,345,360,275,352,107,107,132,132,155,132,132,145,1,15,15,118,118,135,149,149,160,15,15,34,34,34,34,53,53,70,81,81,81,81],"floor_reached":50,"playtime":2031,"items_purged":[],"score":493,"play_id":"8d6e22a2-389d-4cf3-8d3a-cc1472b96958","local_time":"20201224190912","is_ascension_mode":true,"campfire_choices":[{"data":"Deadly Poison","floor":7,"key":"SMITH"},{"floor":10,"key":"REST"},{"floor":13,"key":"REST"},{"floor":15,"key":"REST"},{"data":"Noxious Fumes","floor":23,"key":"SMITH"},{"data":"Crippling Poison","floor":28,"key":"SMITH"},{"floor":32,"key":"REST"},{"floor":40,"key":"REST"},{"floor":46,"key":"REST"},{"floor":49,"key":"REST"}],"circlet_count":0,"master_deck":["Defend_G","Defend_G","Defend_G","Defend_G","Defend_G","Survivor","Neutralize+1","Deadly Poison+1","Catalyst","Poisoned Stab","Crippling Poison+1","Dodge and Roll+1","Outmaneuver+1","Outmaneuver+1","Noxious Fumes+1","Flying Knee","Bane","Deflect","Deflect+1","After Image+1","Leg Sweep+1","Terror","Deflect+1","Accuracy+1","Backflip+1"],"relics":["Ring of the Snake","Whetstone","Pen Nib","Astrolabe","Mercury Hourglass","Frozen Egg 2","Bronze Scales","Red Mask","Strawberry","Happy Flower","SlaversCollar","Orichalcum","Question Card"],"acts_visited":["Exordium","TheCity","TheBeyond"],"potions_floor_usage":[6,11,16,24,29,33,33,36,38,47],"damage_taken":[{"damage":1,"enemies":"Jaw Worm","floor":1,"turns":4},{"damage":0,"enemies":"2 Louse","floor":4,"turns":3},{"damage":1,"enemies":"Cultist","floor":5,"turns":3},{"damage":12,"enemies":"Gremlin Nob","floor":6,"turns":4},{"damage":41,"enemies":"Gremlin Gang","floor":8,"turns":7},{"damage":0,"enemies":"2 Fungi Beasts","floor":11,"turns":2},{"damage":17,"enemies":"Exordium Thugs","floor":12,"turns":4},{"damage":5,"enemies":"3 Louse","floor":14,"turns":3},{"damage":30,"enemies":"The Guardian","floor":16,"turns":8},{"damage":8,"enemies":"Spheric Guardian","floor":18,"turns":4},{"damage":9,"enemies":"Shell Parasite","floor":19,"turns":4},{"damage":35,"enemies":"Masked Bandits","floor":24,"turns":4},{"damage":5,"enemies":"Centurion and Healer","floor":29,"turns":5},{"damage":19,"enemies":"Sentry and Sphere","floor":31,"turns":5},{"damage":58,"enemies":"Champ","floor":33,"turns":9},{"damage":13,"enemies":"Orb Walker","floor":35,"turns":4},{"damage":18,"enemies":"3 Darklings","floor":36,"turns":6},{"damage":12,"enemies":"Jaw Worm Horde","floor":38,"turns":4},{"damage":47,"enemies":"Sphere and 2 Shapes","floor":41,"turns":5},{"damage":8,"enemies":"Spire Growth","floor":45,"turns":6},{"damage":21,"enemies":"Transient","floor":47,"turns":5},{"damage":13,"enemies":"Jaw Worm Horde","floor":48,"turns":5},{"damage":36,"enemies":"Time Eater","floor":50,"turns":13}],"seed_played":"-4247934238745298818","potions_obtained":[{"floor":5,"key":"Fire Potion"},{"floor":8,"key":"AttackPotion"},{"floor":12,"key":"GamblersBrew"},{"floor":14,"key":"DistilledChaos"},{"floor":16,"key":"Swift Potion"},{"floor":18,"key":"LiquidBronze"},{"floor":31,"key":"Poison Potion"},{"floor":35,"key":"SkillPotion"},{"floor":36,"key":"SteroidPotion"},{"floor":45,"key":"Strength Potion"}],"is_trial":false,"path_per_floor":["M","?","?","M","M","E","R","M","T","R","M","M","R","M","R","B",null,"M","M","?","T","$","R","?","?","T","$","R","M","$","M","R","B",null,"M","M","?","M","$","R","M","?","T","?","M","R","M","M","R","B"],"character_chosen":"THE_SILENT","items_purchased":["Fruit Juice","Bronze Scales","Deflect","Happy Flower","Orichalcum"],"campfire_rested":7,"item_purchase_floors":[22,22,27,30,39],"current_hp_per_floor":[76,61,61,61,60,48,48,7,7,30,30,13,36,31,54,24,77,69,60,60,60,60,60,30,57,64,64,64,59,59,40,66,8,89,76,58,58,46,46,72,25,25,25,25,17,43,22,9,35,0,0],"gold":81,"neow_bonus":"TEN_PERCENT_HP_BONUS","is_daily":false,"chose_seed":false,"campfire_upgraded":3,"win_rate":0.0,"timestamp":1608804552,"path_taken":["M","?","?","?","M","E","R","M","T","R","M","?","R","M","R","BOSS","M","M","?","?","$","R","?","?","T","$","R","M","$","M","R","BOSS","M","M","?","?","?","R","M","?","T","?","M","R","?","M","R","BOSS"],"items_purchased_type":["Potion","Relic","Card","Relic","Relic"],"build_version":"2020-12-22","purchased_purges":0,"victory":false,"max_hp_per_floor":[77,77,77,77,77,77,77,77,77,77,77,77,77,77,77,77,77,77,77,77,77,77,77,82,82,89,89,89,89,89,89,89,89,89,89,89,89,89,89,89,89,89,89,89,89,89,89,89,89,89,89],"card_choices":[{"not_picked":["Infinite Blades","All Out Attack"],"picked":"Quick Slash","floor":1},{"not_picked":["Expertise","Blur"],"picked":"Deadly Poison","floor":4},{"not_picked":["PiercingWail","Skewer","Cloak And Dagger"],"picked":"SKIP","floor":5},{"not_picked":["Predator","Deflect"],"picked":"Catalyst","floor":6},{"not_picked":["Prepared","Blur"],"picked":"Poisoned Stab","floor":8},{"not_picked":["Endless Agony","Well Laid Plans"],"picked":"Crippling Poison","floor":11},{"not_picked":["Blade Dance","Flechettes","Accuracy"],"picked":"SKIP","floor":12},{"not_picked":["Reflex","Masterful Stab","Tactician"],"picked":"SKIP","floor":14},{"not_picked":["All Out Attack","Deadly Poison"],"picked":"Noxious Fumes","floor":18},{"not_picked":["Eviscerate","Sucker Punch"],"picked":"Flying Knee","floor":19},{"not_picked":["Sucker Punch","PiercingWail+1"],"picked":"Bane","floor":24},{"not_picked":["Prepared","Outmaneuver"],"picked":"Deflect+1","floor":29},{"not_picked":["Bullet Time","Underhanded Strike","Eviscerate+1"],"picked":"SKIP","floor":31},{"not_picked":["Unload","Die Die Die"],"picked":"After Image+1","floor":33},{"not_picked":["Well Laid Plans+1","PiercingWail+1"],"picked":"Leg Sweep+1","floor":35},{"not_picked":["Backstab+1","Tactician","Blade Dance+1"],"picked":"SKIP","floor":36},{"not_picked":["Flying Knee+1","Masterful Stab"],"picked":"Terror","floor":38},{"not_picked":["Phantasmal Killer","Acrobatics"],"picked":"Deflect+1","floor":41},{"not_picked":["Prepared+1","Deflect+1","Underhanded Strike+1","Bane"],"picked":"SKIP","floor":45},{"not_picked":["Bane","Outmaneuver","Dagger Throw+1"],"picked":"Backflip+1","floor":47},{"not_picked":["Eviscerate+1","Underhanded Strike+1","Prepared+1","Expertise"],"picked":"SKIP","floor":48}],"player_experience":220760,"relics_obtained":[{"floor":6,"key":"Whetstone"},{"floor":9,"key":"Pen Nib"},{"floor":21,"key":"Frozen Egg 2"},{"floor":24,"key":"Red Mask"},{"floor":26,"key":"Strawberry"},{"floor":43,"key":"Question Card"}],"event_choices":[{"damage_healed":0,"gold_gain":0,"player_choice":"Entered Light","damage_taken":15,"max_hp_gain":0,"max_hp_loss":0,"event_name":"Shining Light","floor":2,"gold_loss":0,"cards_upgraded":["Quick Slash","Strike_G"]},{"damage_healed":0,"gold_gain":0,"player_choice":"Forge","damage_taken":0,"max_hp_gain":0,"max_hp_loss":0,"event_name":"Accursed Blacksmith","floor":3,"gold_loss":0,"cards_upgraded":["Neutralize"]},{"damage_healed":0,"gold_gain":0,"player_choice":"Obtained Relic","damage_taken":0,"relics_obtained":["Mercury Hourglass"],"max_hp_gain":0,"max_hp_loss":0,"event_name":"Addict","floor":20,"gold_loss":85},{"damage_healed":0,"gold_gain":0,"player_choice":"Fought Bandits","damage_taken":0,"max_hp_gain":0,"max_hp_loss":0,"event_name":"Masked Bandits","floor":24,"gold_loss":0},{"damage_healed":27,"gold_gain":0,"player_choice":"Heal","damage_taken":0,"max_hp_gain":0,"max_hp_loss":0,"event_name":"The Library","floor":25,"gold_loss":0},{"cards_removed":["Strike_G"],"damage_healed":0,"gold_gain":0,"player_choice":"Offered Basic","damage_taken":0,"max_hp_gain":0,"max_hp_loss":0,"event_name":"Bonfire Elementals","floor":37,"gold_loss":0},{"cards_removed":["Quick Slash"],"damage_healed":0,"gold_gain":0,"player_choice":"Removed Attack","damage_taken":0,"max_hp_gain":0,"max_hp_loss":0,"event_name":"Falling","floor":42,"gold_loss":0},{"damage_healed":0,"gold_gain":0,"cards_transformed":["Strike_G"],"player_choice":"Transformed","damage_taken":0,"max_hp_gain":0,"max_hp_loss":0,"event_name":"Transmorgrifier","floor":44,"gold_loss":0,"cards_obtained":["Accuracy"]}],"is_beta":false,"boss_relics":[{"not_picked":["Runic Dome","Fusion Hammer"],"picked":"Astrolabe"},{"not_picked":["Snecko Eye","WristBlade"],"picked":"SlaversCollar"}],"items_purged_floors":[],"is_endless":false,"potions_floor_spawned":[5,8,12,14,16,18,31,35,36,45],"killed_by":"Time Eater","ascension_level":1}}