{"host":"6s2g4ctvxbrgoc4e","time":1608795655,"event":{"mods":["BaseMod","Minty Spire (QoL Compilation)"],"gold_per_floor":[111,386,232,251,268,268,278,306,333,333,333,356,356,374,374,493,493,509,5,30,30,51,90,90,129,129,129,129],"floor_reached":27,"playtime":1737,"items_purged":["Regret","Strike_B"],"score":278,"play_id":"afb22bba-c734-48f6-ac10-101cf05aec86","local_time":"20201224084055","is_ascension_mode":true,"campfire_choices":[{"data":"Zap","floor":6,"key":"SMITH"},{"data":"Static Discharge","floor":10,"key":"SMITH"},{"floor":13,"key":"REST"},{"data":"Static Discharge","floor":15,"key":"SMITH"},{"floor":24,"key":"REST"}],"circlet_count":0,"master_deck":["Strike_B","Strike_B","Strike_B","Defend_B","Defend_B","Defend_B","Defend_B","Zap+1","Dualcast","Conserve Battery","Steam","Heatsinks","Static Discharge+1","Static Discharge+1","Machine Learning","Echo Form","Fusion+1","Dramatic Entrance+1","Hologram","Conserve Battery","Steam","Steam+1"],"relics":["Cracked Core","Happy Flower","Oddly Smooth Stone","Golden Idol","Fusion Hammer","Mummified Hand","Pen Nib","MealTicket","Ice Cream"],"acts_visited":["Exordium","TheCity"],"potions_floor_usage":[7,8,22,23,25],"damage_taken":[{"damage":0,"enemies":"2 Louse","floor":1,"turns":4},{"damage":1,"enemies":"Cultist","floor":4,"turns":3},{"damage":0,"enemies":"Small Slimes","floor":5,"turns":2},{"damage":8,"enemies":"Gremlin Gang","floor":7,"turns":4},{"damage":18,"enemies":"3 Sentries","floor":8,"turns":7},{"damage":5,"enemies":"Exordium Thugs","floor":12,"turns":4},{"damage":2,"enemies":"3 Louse","floor":14,"turns":3},{"damage":34,"enemies":"Slime Boss","floor":16,"turns":9},{"damage":19,"enemies":"Shell Parasite","floor":18,"turns":3},{"damage":5,"enemies":"3 Byrds","floor":20,"turns":2},{"damage":23,"enemies":"Centurion and Healer","floor":22,"turns":8},{"damage":8,"enemies":"Book of Stabbing","floor":23,"turns":6},{"damage":43,"enemies":"Slavers","floor":25,"turns":6},{"damage":8,"enemies":"Snake Plant","floor":27,"turns":3}],"seed_played":"8118773708166038864","potions_obtained":[{"floor":4,"key":"Dexterity Potion"},{"floor":5,"key":"Fire Potion"},{"floor":16,"key":"DuplicationPotion"},{"floor":18,"key":"LiquidMemories"},{"floor":25,"key":"FearPotion"}],"is_trial":false,"path_per_floor":["M","?","$","M","M","R","M","E","T","R","?","M","R","M","R","B",null,"M","$","M","?","M","E","R","E","T","M"],"character_chosen":"DEFECT","items_purchased":["DistilledChaos","Mummified Hand","Dramatic Entrance","Hologram"],"campfire_rested":2,"item_purchase_floors":[3,19,19,19],"current_hp_per_floor":[82,82,82,81,81,81,73,55,55,55,35,30,54,52,52,18,82,63,63,58,58,35,27,51,8,8,0,0],"gold":129,"neow_bonus":"TEN_PERCENT_HP_BONUS","is_daily":false,"chose_seed":false,"campfire_upgraded":3,"win_rate":0.0,"timestamp":1608795655,"path_taken":["M","?","$","M","M","R","?","E","T","R","?","M","R","M","R","BOSS","M","$","M","?","?","E","R","E","T","M"],"items_purchased_type":["Potion","Relic","Card","Card"],"build_version":"2020-12-22","purchased_purges":2,"victory":false,"max_hp_per_floor":[82,82,82,82,82,82,82,82,82,82,82,82,82,82,82,82,82,82,82,82,82,82,82,82,82,82,82,82],"card_choices":[{"not_picked":["Barrage","Leap"],"picked":"Conserve Battery","floor":1},{"not_picked":["Barrage","Cold Snap"],"picked":"Steam","floor":4},{"not_picked":["Capacitor","Ball Lightning"],"picked":"Heatsinks","floor":5},{"not_picked":["Redo","Hologram"],"picked":"Static Discharge","floor":7},{"not_picked":["Double Energy","Auto Shields"],"picked":"Static Discharge","floor":8},{"not_picked":["Stack","Turbo","Steam Power"],"picked":"SKIP","floor":12},{"not_picked":["Fusion","Stack"],"picked":"Machine Learning","floor":14},{"not_picked":["Core Surge","Biased Cognition"],"picked":"Echo Form","floor":16},{"not_picked":["Skim","Auto Shields+1"],"picked":"Fusion+1","floor":18},{"not_picked":["Rip and Tear","Hello World+1"],"picked":"Conserve Battery","floor":20},{"not_picked":["Scrape","Redo"],"picked":"Steam","floor":22},{"not_picked":["Undo+1","Leap"],"picked":"Steam+1","floor":23},{"not_picked":["Scrape","Redo","Aggregate"],"picked":"SKIP","floor":25}],"player_experience":29272,"relics_obtained":[{"floor":8,"key":"Happy Flower"},{"floor":9,"key":"Oddly Smooth Stone"},{"floor":23,"key":"Pen Nib"},{"floor":25,"key":"MealTicket"},{"floor":26,"key":"Ice Cream"}],"event_choices":[{"damage_healed":0,"gold_gain":275,"player_choice":"Desecrate","damage_taken":0,"max_hp_gain":0,"max_hp_loss":0,"event_name":"Golden Shrine","floor":2,"gold_loss":0,"cards_obtained":["Regret"]},{"damage_healed":0,"gold_gain":0,"player_choice":"Take Damage","damage_taken":20,"relics_obtained":["Golden Idol"],"max_hp_gain":0,"max_hp_loss":0,"event_name":"Golden Idol","floor":11,"gold_loss":0},{"damage_healed":0,"gold_gain":0,"player_choice":"Upgraded","damage_taken":0,"max_hp_gain":0,"max_hp_loss":0,"event_name":"Upgrade Shrine","floor":21,"gold_loss":0,"cards_upgraded":["Dramatic Entrance"]}],"is_beta":false,"boss_relics":[{"not_picked":["Astrolabe","FrozenCore"],"picked":"Fusion Hammer"}],"items_purged_floors":[3,19],"is_endless":false,"potions_floor_spawned":[4,5,16,18,25],"killed_by":"Snake Plant","ascension_level":2}}