{"host":"qwttrqaysb380yri","time":1608790952,"event":{"mods":["BaseMod","Custom Start","Minty Spire (QoL Compilation)","Permanent Neow","Puzzle Mod","Relic Stats","StSLib","The Cursed","The Hierophant"],"gold_per_floor":[112,112,133,146,73,109,109,93,147,147,112,112,151,142,142,188,188,178,185,23,15,15],"floor_reached":21,"playtime":755,"items_purged":[],"score":243,"play_id":"00cc2c14-da23-4532-a8c2-170d195f1fa7","local_time":"20201224072232","is_ascension_mode":true,"campfire_choices":[{"floor":7.0,"key":"REST"},{"floor":10.0,"key":"REST"},{"data":"hierophant:Martyrdom","floor":12.0,"key":"SMITH"},{"data":"hierophant:ChurchCoffers","floor":15.0,"key":"SMITH"}],"circlet_count":0,"master_deck":["AscendersBane","hierophant:Strike_Hierophant","hierophant:Strike_Hierophant","hierophant:Strike_Hierophant","hierophant:Punish","hierophant:Defend_Hierophant","hierophant:Defend_Hierophant","hierophant:Defend_Hierophant","hierophant:ChurchCoffers+1","hierophant:HammerAndAnvil","hierophant:OrnateBuckler","hierophant:Martyrdom+1","hierophant:RepressedViolence","hierophant:Refuge","hierophant:Doubloon","hierophant:Doubloon","hierophant:FieryStrike","hierophant:HolyVerse","hierophant:Doubloon","hierophant:ConvertCurrency","hierophant:SealAway","hierophant:Community"],"relics":["hierophant:PropheticMaskRelic","Eternal Feather","MealTicket","Akabeko","Empty Cage"],"acts_visited":["Exordium","TheCity"],"potions_floor_usage":[21,21],"damage_taken":[{"damage":7.0,"enemies":"Small Slimes","floor":1.0,"turns":3.0},{"damage":16.0,"enemies":"Cultist","floor":3.0,"turns":4.0},{"damage":2.0,"enemies":"Jaw Worm","floor":4.0,"turns":4.0},{"damage":20.0,"enemies":"3 Sentries","floor":6.0,"turns":3.0},{"damage":50.0,"enemies":"Lagavulin","floor":8.0,"turns":9.0},{"damage":0.0,"enemies":"3 Louse","floor":13.0,"turns":4.0},{"damage":1.0,"enemies":"Looter","floor":14.0,"turns":4.0},{"damage":64.0,"enemies":"Slime Boss","floor":16.0,"turns":16.0},{"damage":44.0,"enemies":"2 Thieves","floor":18.0,"turns":5.0},{"damage":7.0,"enemies":"Chosen","floor":19.0,"turns":4.0},{"damage":16,"enemies":"3 Cultists","floor":21,"turns":4}],"seed_played":"5713658198760861146","potions_obtained":[{"floor":1.0,"key":"Strength Potion"},{"floor":4.0,"key":"ColorlessPotion"},{"floor":14.0,"key":"EntropicBrew"},{"floor":18.0,"key":"FearPotion"}],"is_trial":false,"path_per_floor":["M","?","M","M","$","E","R","E","T","R","?","R","M","M","R","B",null,"M","M","$","M"],"character_chosen":"HIEROPHANT","items_purchased":["hierophant:Refuge","hierophant:Community","Block Potion","EssenceOfSteel"],"campfire_rested":2,"item_purchase_floors":[5,20,20,20],"current_hp_per_floor":[61,61,45,43,43,23,54,4,4,35,53,62,62,61,73,9,59,15,8,23,7,7],"gold":15,"neow_bonus":"THREE_CARDS","is_daily":false,"chose_seed":false,"campfire_upgraded":2,"win_rate":0.0,"timestamp":1608790952,"path_taken":["M","?","M","M","$","E","R","E","T","R","?","R","M","M","R","BOSS","M","M","$","M"],"items_purchased_type":["Card","Card","Potion","Potion"],"build_version":"2020-12-22","purchased_purges":0,"victory":false,"max_hp_per_floor":[75,75,75,75,75,75,75,75,75,75,75,75,75,75,75,75,75,75,75,75,75,75],"relic_stats":{"counters":[11,60],"Eternal Feather":39,"MealTicket":15,"obtain_stats":[{"hierophant:PropheticMaskRelic":0,"Eternal Feather":6,"MealTicket":8,"Empty Cage":17,"Akabeko":9},{"hierophant:PropheticMaskRelic":0,"Eternal Feather":4,"MealTicket":5,"Empty Cage":8,"Akabeko":5},{"hierophant:PropheticMaskRelic":0,"Eternal Feather":14,"MealTicket":23,"Empty Cage":47,"Akabeko":23}]},"card_choices":[{"not_picked":["hierophant:DisplayOfPower","hierophant:Encroach"],"picked":"hierophant:HammerAndAnvil","floor":0.0},{"not_picked":["hierophant:Mercenaries","hierophant:Flagellation"],"picked":"hierophant:OrnateBuckler","floor":1.0},{"not_picked":["hierophant:FlamingChariot","hierophant:SealAway"],"picked":"hierophant:Martyrdom","floor":3.0},{"not_picked":["hierophant:Repentance","hierophant:Shelter"],"picked":"hierophant:RepressedViolence","floor":4.0},{"not_picked":["hierophant:RecallFunds","hierophant:Invocation","hierophant:Encroach"],"picked":"SKIP","floor":6.0},{"not_picked":["hierophant:HolyVerse","hierophant:WrathOfGod"],"picked":"hierophant:Doubloon","floor":8.0},{"not_picked":["hierophant:MirrorShield","hierophant:Racketeering"],"picked":"hierophant:FieryStrike","floor":13.0},{"not_picked":["hierophant:Anathema","hierophant:SecretStash"],"picked":"hierophant:HolyVerse","floor":14.0},{"not_picked":["hierophant:SealAway+1","hierophant:Remorse"],"picked":"hierophant:ConvertCurrency","floor":18.0},{"not_picked":["hierophant:AuricBeam","hierophant:FaithHealing"],"picked":"hierophant:SealAway","floor":19}],"player_experience":1943150,"relics_obtained":[{"floor":6.0,"key":"Eternal Feather"},{"floor":8.0,"key":"MealTicket"},{"floor":9.0,"key":"Akabeko"}],"event_choices":[{"damage_healed":0.0,"max_hp_gain":0.0,"max_hp_loss":0.0,"gold_gain":0.0,"event_name":"Shining Light","player_choice":"Ignored","floor":2.0,"gold_loss":0.0,"damage_taken":0.0},{"damage_healed":18.0,"max_hp_gain":0.0,"max_hp_loss":0.0,"gold_gain":0.0,"event_name":"The Cleric","player_choice":"Healed","floor":11.0,"gold_loss":35.0,"damage_taken":0.0}],"is_beta":false,"boss_relics":[{"not_picked":["Busted Crown","Runic Dome"],"picked":"Empty Cage"}],"items_purged_floors":[],"is_endless":false,"potions_floor_spawned":[1,4,14,18],"killed_by":"3 Cultists","ascension_level":15}}