{"host":"mniz8q056kux99zk","time":1608830419,"event":{"mods":["BaseMod","CapriCore","Highlight Path","Minty Spire (QoL Compilation)","Replay The Spire","StSLib"],"gold_per_floor":[118,134,134,134,148,148,159,190,190,200,165,165,165],"floor_reached":12,"playtime":523,"items_purged":[],"score":86,"play_id":"632846c0-a28b-4b23-b6ef-142a319393c2","local_time":"20201224122019","is_ascension_mode":true,"campfire_choices":[{"floor":6,"key":"RECALL"}],"circlet_count":0,"master_deck":["Strike_P+1","Strike_P+1","Strike_P","Strike_P","Defend_P","Defend_P","Defend_P","Defend_P","Eruption+1","Vigilance","Meditate","JustLucky","Swivel","Devotion","FollowUp","EmptyBody","InnerPeace"],"relics":["PureWater","NeowsBlessing","Replay:Ringing Soul"],"acts_visited":["Exordium"],"potions_floor_usage":[8,8,11],"damage_taken":[{"damage":0,"enemies":"2 Louse","floor":1,"turns":1},{"damage":0,"enemies":"Small Slimes","floor":2,"turns":1},{"damage":0,"enemies":"Cultist","floor":5,"turns":1},{"damage":25,"enemies":"Gremlin Gang","floor":7,"turns":5},{"damage":16,"enemies":"3 Sentries","floor":8,"turns":8},{"damage":2,"enemies":"Looter","floor":10,"turns":2},{"damage":6,"enemies":"Exordium Thugs","floor":11,"turns":6},{"damage":27,"enemies":"Gremlin Nob","floor":12,"turns":4}],"seed_played":"4013000009827995042","potions_obtained":[{"floor":2,"key":"Strength Potion"},{"floor":7,"key":"LiquidMemories"},{"floor":8,"key":"Fruit Juice"}],"is_trial":false,"path_per_floor":["M","M","?","?","M","R","M","E","T","M","M","E"],"character_chosen":"WATCHER","items_purchased":[],"campfire_rested":0,"item_purchase_floors":[],"current_hp_per_floor":[72,72,72,58,58,58,33,25,25,26,23,0,0],"gold":165,"neow_bonus":"THREE_ENEMY_KILL","is_daily":false,"chose_seed":false,"campfire_upgraded":0,"win_rate":0.0,"timestamp":1608830419,"path_taken":["M","M","?","?","M","R","M","E","T","M","M","E"],"items_purchased_type":[],"build_version":"2020-12-22","purchased_purges":0,"victory":false,"max_hp_per_floor":[72,72,72,72,72,72,72,80,80,83,86,86,86],"card_choices":[{"not_picked":["Replay:AtTheReady","Protect"],"picked":"Meditate","floor":1},{"not_picked":["WindmillStrike","Protect"],"picked":"JustLucky","floor":2},{"not_picked":["CrushJoints","FearNoEvil"],"picked":"Swivel","floor":5},{"not_picked":["EmptyFist","ThirdEye"],"picked":"Devotion","floor":7},{"not_picked":["CutThroughFate","FlyingSleeves"],"picked":"FollowUp","floor":8},{"not_picked":["Fasting2","Evaluate"],"picked":"EmptyBody","floor":10},{"not_picked":["Sanctity","ClearTheMind"],"picked":"InnerPeace","floor":11}],"player_experience":79086,"relics_obtained":[{"floor":8,"key":"Replay:Ringing Soul"}],"event_choices":[{"damage_healed":0,"gold_gain":0,"player_choice":"Entered Light","damage_taken":14,"max_hp_gain":0,"max_hp_loss":0,"event_name":"Shining Light","floor":4,"gold_loss":0,"cards_upgraded":["Strike_P","Eruption"]}],"is_beta":false,"boss_relics":[],"items_purged_floors":[],"is_endless":false,"potions_floor_spawned":[2,7,8],"killed_by":"Gremlin Nob","ascension_level":1}}