{"host":"1mv6gj0zv8k9e9tz","time":1608840133,"event":{"mods":["AchievementEnabler","BaseMod","Better Third Choice","Colored Map","KOR Keyword Fix","Minty Spire (QoL Compilation)","Permanent Neow","Rare Cards Sparkle","StSLib"],"gold_per_floor":[117,117,42,92,106,106,133,133,187,216,226,251,251,251,251,355,355,365,55,45,63,63,63,91,91,162,190,45,80,0,25,25,127,127,147,147,147,47,47,47,58,58,134,152,152,152,152,171,171,171,171,171,73,102,102],"floor_reached":56,"playtime":3488,"items_purged":["Decay","Defend_B"],"score":1720,"play_id":"0e5b48d4-7dec-405d-9443-467dd7fc5ad7","local_time":"20201225050213","is_ascension_mode":true,"campfire_choices":[{"data":"Sunder","floor":6.0,"key":"SMITH"},{"data":"Self Repair","floor":13.0,"key":"SMITH"},{"floor":15.0,"key":"REST"},{"data":"Zap","floor":23.0,"key":"SMITH"},{"data":"Buffer","floor":25.0,"key":"SMITH"},{"floor":32.0,"key":"REST"},{"floor":40.0,"key":"DIG"},{"data":"Seek","floor":42.0,"key":"SMITH"},{"data":"Fission","floor":45.0,"key":"SMITH"},{"floor":47.0,"key":"DIG"},{"floor":49.0,"key":"RECALL"},{"data":"Coolheaded","floor":52.0,"key":"SMITH"}],"circlet_count":0,"master_deck":["Defend_B","Defend_B","Zap+1","Dualcast+1","Loop","Echo Form","Conserve Battery","Sunder+1","Buffer+1","BootSequence","Coolheaded+1","Self Repair+1","Electrodynamics","Capacitor","Seek+1","Glacier","Consume+1","Turbo+1","Fission+1","Conserve Battery+1","Madness","Madness","Hologram+1"],"relics":["Cracked Core","FaceOfCleric","Regal Pillow","Vajra","White Beast Statue","PreservedInsect","Inserter","Anchor","Darkstone Periapt","Ornamental Fan","WingedGreaves","Runic Capacitor","Shovel","Toy Ornithopter","Empty Cage","StrikeDummy","Ancient Tea Set","Pear","Gremlin Horn","Eternal Feather"],"acts_visited":["Exordium","TheCity","TheBeyond","TheEnding"],"potions_floor_usage":[55,55,55,55,55,55],"damage_taken":[{"damage":26.0,"enemies":"Small Slimes","floor":1.0,"turns":4.0},{"damage":0.0,"enemies":"Cultist","floor":5.0,"turns":3.0},{"damage":10.0,"enemies":"3 Sentries","floor":7.0,"turns":6.0},{"damage":16.0,"enemies":"Gremlin Nob","floor":10.0,"turns":4.0},{"damage":0.0,"enemies":"2 Louse","floor":11.0,"turns":3.0},{"damage":10.0,"enemies":"3 Sentries","floor":12.0,"turns":8.0},{"damage":0.0,"enemies":"Gremlin Gang","floor":14.0,"turns":1.0},{"damage":41.0,"enemies":"Hexaghost","floor":16.0,"turns":9.0},{"damage":2.0,"enemies":"Spheric Guardian","floor":18.0,"turns":5.0},{"damage":18.0,"enemies":"2 Thieves","floor":20.0,"turns":5.0},{"damage":12.0,"enemies":"Centurion and Healer","floor":21.0,"turns":5.0},{"damage":41.0,"enemies":"Book of Stabbing","floor":24.0,"turns":4.0},{"damage":12.0,"enemies":"Gremlin Leader","floor":27.0,"turns":7.0},{"damage":0.0,"enemies":"Book of Stabbing","floor":29.0,"turns":6.0},{"damage":44.0,"enemies":"Gremlin Leader","floor":31.0,"turns":5.0},{"damage":2.0,"enemies":"Collector","floor":33.0,"turns":8.0},{"damage":19.0,"enemies":"Orb Walker","floor":35.0,"turns":4.0},{"damage":2.0,"enemies":"3 Darklings","floor":41.0,"turns":5.0},{"damage":23.0,"enemies":"Jaw Worm Horde","floor":44.0,"turns":5.0},{"damage":0.0,"enemies":"Sphere and 2 Shapes","floor":48.0,"turns":3.0},{"damage":33.0,"enemies":"Awakened One","floor":50.0,"turns":13.0},{"damage":0.0,"enemies":"Shield and Spear","floor":54.0,"turns":6.0},{"damage":53,"enemies":"The Heart","floor":55,"turns":14}],"seed_played":"589656417072272723","potions_obtained":[{"floor":7.0,"key":"Strength Potion"},{"floor":10.0,"key":"CultistPotion"},{"floor":11.0,"key":"Fire Potion"},{"floor":12.0,"key":"SmokeBomb"},{"floor":16.0,"key":"Block Potion"},{"floor":18.0,"key":"EssenceOfSteel"},{"floor":20.0,"key":"GamblersBrew"},{"floor":21.0,"key":"Fire Potion"},{"floor":24.0,"key":"SkillPotion"},{"floor":27.0,"key":"Energy Potion"},{"floor":29.0,"key":"Ancient Potion"},{"floor":31.0,"key":"Energy Potion"},{"floor":35.0,"key":"SteroidPotion"},{"floor":41.0,"key":"Regen Potion"},{"floor":44.0,"key":"EssenceOfSteel"},{"floor":48.0,"key":"Energy Potion"},{"floor":54.0,"key":"PotionOfCapacity"}],"is_trial":false,"path_per_floor":["M","?","$","T","M","R","E","?","T","E","M","E","R","M","R","B",null,"M","$","M","M","?","R","E","R","T","E","$","E","?","E","R","B",null,"M","?","?","$","T","R","M","R","T","M","R","?","R","M","R","B",null,"R","$","E","B",null],"character_chosen":"DEFECT","items_purchased":["Seek","Anchor","Runic Capacitor","EntropicBrew"],"campfire_rested":2,"item_purchase_floors":[19,19,28,53],"current_hp_per_floor":[42,42,42,42,43,43,34,34,34,19,20,11,11,12,51,21,67,76,76,69,78,78,78,48,48,48,47,47,48,48,15,56,55,81,88,88,77,77,77,77,86,86,96,99,99,99,99,104,104,72,97,97,97,106,94],"gold":102,"neow_bonus":"TRANSFORM_TWO_CARDS","is_daily":false,"chose_seed":false,"campfire_upgraded":7,"win_rate":0.0,"timestamp":1608840133,"path_taken":["M","?","$","?","?","R","E","?","T","E","M","E","R","?","R","BOSS","M","$","M","?","?","R","E","R","T","E","?","E","?","E","R","BOSS","M","?","?","$","?","R","M","R","T","M","R","?","R","?","R","BOSS","R","$","E","BOSS"],"items_purchased_type":["Card","Relic","Relic","Potion"],"build_version":"2020-12-22","purchased_purges":2,"victory":true,"max_hp_per_floor":[75,75,75,75,76,76,77,77,77,78,79,80,80,81,81,82,82,83,83,84,85,85,85,86,86,86,87,87,88,88,89,89,90,90,91,91,91,91,91,91,92,92,102,103,103,103,103,104,104,105,105,105,105,106,107],"card_choices":[{"not_picked":["Hologram","Force Field"],"picked":"Conserve Battery","floor":1.0},{"not_picked":["Force Field","Skim"],"picked":"Sunder","floor":5.0},{"not_picked":["Ball Lightning","Loop"],"picked":"Buffer","floor":7.0},{"not_picked":["Hologram","Conserve Battery"],"picked":"Coolheaded","floor":10.0},{"not_picked":["Heatsinks","Barrage","Steam"],"picked":"SKIP","floor":11.0},{"not_picked":["Stack","Scrape"],"picked":"Self Repair","floor":12.0},{"not_picked":["Echo Form","Creative AI"],"picked":"Electrodynamics","floor":16.0},{"not_picked":["Cold Snap","Gash+1"],"picked":"Capacitor","floor":18.0},{"not_picked":["Redo","Coolheaded"],"picked":"Glacier","floor":20.0},{"not_picked":["Heatsinks","Turbo","Rebound+1"],"picked":"SKIP","floor":21.0},{"not_picked":["Conserve Battery","Darkness","Barrage"],"picked":"SKIP","floor":24.0},{"not_picked":["Steam","Hologram"],"picked":"Consume+1","floor":27.0},{"not_picked":["Meteor Strike","Coolheaded","Hello World"],"picked":"SKIP","floor":29.0},{"not_picked":["Tempest","Loop+1"],"picked":"Turbo+1","floor":31.0},{"not_picked":["Meteor Strike","Core Surge"],"picked":"Fission","floor":33.0},{"not_picked":["Scrape","Rebound"],"picked":"Conserve Battery+1","floor":35.0},{"not_picked":["Leap+1","Streamline+1","Barrage"],"picked":"SKIP","floor":41.0},{"not_picked":["Self Repair","Cold Snap+1","Steam"],"picked":"SKIP","floor":44.0},{"not_picked":["Cold Snap","Stack+1"],"picked":"Hologram+1","floor":48.0},{"not_picked":["Barrage+1","Reprogram","Auto Shields"],"picked":"SKIP","floor":54.0}],"player_experience":487080,"relics_obtained":[{"floor":4.0,"key":"Regal Pillow"},{"floor":7.0,"key":"Vajra"},{"floor":10.0,"key":"White Beast Statue"},{"floor":12.0,"key":"PreservedInsect"},{"floor":24.0,"key":"Darkstone Periapt"},{"floor":26.0,"key":"Ornamental Fan"},{"floor":27.0,"key":"WingedGreaves"},{"floor":29.0,"key":"Shovel"},{"floor":31.0,"key":"Toy Ornithopter"},{"floor":39.0,"key":"StrikeDummy"},{"floor":40.0,"key":"Ancient Tea Set"},{"floor":43.0,"key":"Pear"},{"floor":47.0,"key":"Gremlin Horn"},{"floor":54.0,"key":"Eternal Feather"}],"event_choices":[{"damage_healed":0.0,"max_hp_gain":0.0,"max_hp_loss":0.0,"gold_gain":0.0,"event_name":"FaceTrader","player_choice":"Trade","floor":2.0,"gold_loss":0.0,"damage_taken":0.0,"relics_obtained":["FaceOfCleric"]},{"damage_healed":0.0,"max_hp_gain":0.0,"max_hp_loss":0.0,"gold_gain":0.0,"cards_transformed":["Strike_B"],"event_name":"Transmorgrifier","player_choice":"Transformed","floor":8.0,"gold_loss":0.0,"damage_taken":0.0,"cards_obtained":["BootSequence"]},{"damage_healed":0.0,"max_hp_gain":0.0,"max_hp_loss":0.0,"gold_gain":0.0,"event_name":"Upgrade Shrine","player_choice":"Upgraded","floor":22.0,"gold_loss":0.0,"damage_taken":0.0,"cards_upgraded":["Dualcast"]},{"damage_healed":0.0,"max_hp_gain":0.0,"max_hp_loss":0.0,"gold_gain":0.0,"event_name":"Masked Bandits","player_choice":"Paid Fearfully","floor":30.0,"gold_loss":80.0,"damage_taken":0.0},{"damage_healed":0.0,"max_hp_gain":0.0,"max_hp_loss":0.0,"gold_gain":0.0,"event_name":"Tomb of Lord Red Mask","player_choice":"Ignored","floor":36.0,"gold_loss":0.0,"damage_taken":0.0},{"damage_healed":0.0,"max_hp_gain":0.0,"max_hp_loss":0.0,"gold_gain":0.0,"event_name":"Winding Halls","player_choice":"Embrace Madness","floor":37.0,"gold_loss":0.0,"damage_taken":11.0,"cards_obtained":["Madness","Madness"]},{"damage_healed":0.0,"max_hp_gain":0.0,"max_hp_loss":0.0,"gold_gain":0.0,"event_name":"Match and Keep!","player_choice":"0 cards matched","floor":46.0,"gold_loss":0.0,"damage_taken":0.0,"cards_obtained":[]}],"is_beta":false,"boss_relics":[{"not_picked":["Nuclear Battery","Fusion Hammer"],"picked":"Inserter"},{"not_picked":["Sozu","Runic Pyramid"],"picked":"Empty Cage"}],"items_purged_floors":[3,38],"is_endless":false,"potions_floor_spawned":[7,10,11,12,14,16,18,20,21,24,27,29,31,33,35,41,44,48,54],"ascension_level":9}}