{"host":"2e3z4r48quhw80cc","time":1608782300,"event":{"mods":["BaseMod","Minty Spire (QoL Compilation)","Quick Restart","StSLib","SuperFastMode"],"gold_per_floor":[117,67,67,77,252,286,561,573,573,573,592,592,204,218,218,218,218],"floor_reached":16,"playtime":314,"items_purged":["Doubt"],"score":160,"play_id":"2dfe6325-af1a-4e57-af75-136ffbc97fcc","local_time":"20201224125820","is_ascension_mode":true,"campfire_choices":[{"floor":10,"key":"REST"},{"data":"Zap","floor":12,"key":"SMITH"},{"data":"Defragment","floor":15,"key":"SMITH"}],"circlet_count":0,"master_deck":["AscendersBane","Strike_B","Strike_B","Strike_B","Strike_B","Defend_B","Defend_B","Defend_B","Zap+1","Dualcast","Conserve Battery","Melter","Undo","Regret","Defragment+1","Capacitor","Force Field"],"relics":["Cracked Core","Ancient Tea Set","Calipers","Turnip","Matryoshka"],"acts_visited":["Exordium"],"potions_floor_usage":[16],"damage_taken":[{"damage":7.0,"enemies":"Small Slimes","floor":1.0,"turns":4.0},{"damage":3,"enemies":"2 Louse","floor":4,"turns":3},{"damage":44,"enemies":"3 Sentries","floor":6,"turns":9},{"damage":3,"enemies":"Cultist","floor":8,"turns":3},{"damage":4,"enemies":"2 Fungi Beasts","floor":11,"turns":4},{"damage":16,"enemies":"Red Slaver","floor":14,"turns":4},{"damage":3,"enemies":"Slime Boss","floor":16,"turns":3}],"seed_played":"-6702273968915869421","potions_obtained":[{"floor":1.0,"key":"DuplicationPotion"},{"floor":8,"key":"Energy Potion"}],"is_trial":false,"path_per_floor":["M","?","?","M","?","E","?","M","T","R","M","R","$","M","R","B"],"character_chosen":"DEFECT","items_purchased":["Capacitor","Matryoshka"],"campfire_rested":1,"item_purchase_floors":[13,13],"current_hp_per_floor":[61,61,66,63,63,19,19,16,16,40,36,36,36,20,20,17,17],"gold":218,"neow_bonus":"RANDOM_COMMON_RELIC","is_daily":false,"chose_seed":false,"campfire_upgraded":2,"win_rate":0.0,"timestamp":1608782300,"path_taken":["M","?","?","M","?","E","?","?","T","R","M","R","$","M","R","BOSS"],"items_purchased_type":["Card","Relic"],"build_version":"2020-12-22","purchased_purges":1,"victory":false,"max_hp_per_floor":[75,75,80,80,80,80,80,80,80,80,80,80,80,80,80,80,80],"card_choices":[{"not_picked":["Auto Shields","Turbo"],"picked":"Conserve Battery","floor":1.0},{"not_picked":["Undo","Stack"],"picked":"Melter","floor":4},{"not_picked":["Beam Cell","Sweeping Beam"],"picked":"Undo","floor":6},{"not_picked":["Hologram","Coolheaded","Beam Cell"],"picked":"SKIP","floor":8},{"not_picked":["Ball Lightning","Sunder"],"picked":"Defragment","floor":11},{"not_picked":["Recycle","Chill"],"picked":"Force Field","floor":14}],"player_experience":80690,"relics_obtained":[{"floor":6,"key":"Calipers"},{"floor":9,"key":"Turnip"}],"event_choices":[{"cards_removed":["Defend_B"],"damage_healed":0.0,"max_hp_gain":0.0,"max_hp_loss":0.0,"gold_gain":0.0,"event_name":"The Cleric","player_choice":"Card Removal","floor":2.0,"gold_loss":50.0,"damage_taken":0.0},{"damage_healed":0.0,"max_hp_gain":5.0,"max_hp_loss":0.0,"gold_gain":0.0,"event_name":"Big Fish","player_choice":"Donut","floor":3.0,"gold_loss":0.0,"damage_taken":0.0},{"damage_healed":0,"gold_gain":175,"player_choice":"AGREE","damage_taken":0,"max_hp_gain":0,"max_hp_loss":0,"event_name":"Liars Game","floor":5,"gold_loss":0,"cards_obtained":["Doubt"]},{"damage_healed":0,"gold_gain":275,"player_choice":"Desecrate","damage_taken":0,"max_hp_gain":0,"max_hp_loss":0,"event_name":"Golden Shrine","floor":7,"gold_loss":0,"cards_obtained":["Regret"]}],"is_beta":false,"boss_relics":[],"items_purged_floors":[13],"is_endless":false,"potions_floor_spawned":[1,8,11],"killed_by":"Slime Boss","ascension_level":12}}