{"host":"ci7ivtocgfxh0ueo","time":1608768073,"event":{"mods":["BaseMod","GifTheSpireLib","Minty Spire (QoL Compilation)","StSLib"],"gold_per_floor":[109,184,184,197,210,240,240,11,11,11,21,51,69,69,69,146,146,157,73,73,73,73],"floor_reached":21,"playtime":389,"items_purged":["Parasite"],"score":346,"play_id":"fb1a1756-a806-47bb-b544-bba56c654e1e","local_time":"20201224080113","is_ascension_mode":true,"campfire_choices":[{"floor":10,"key":"REST"},{"floor":15,"key":"REST"}],"circlet_count":0,"master_deck":["AscendersBane","Strike_G+1","Strike_G","Strike_G+1","Strike_G","Strike_G","Defend_G","Defend_G","Defend_G","Defend_G","Survivor","Neutralize","Bane","Crippling Poison","Deadly Poison","Deep Breath","Poisoned Stab","All Out Attack","All Out Attack","Corpse Explosion","Cloak And Dagger+1"],"relics":["Ring of the Snake","NeowsBlessing","The Specimen","Kunai","Vajra","SacredBark"],"acts_visited":["Exordium","TheCity"],"potions_floor_usage":[6,16,16,21,21],"damage_taken":[{"damage":0,"enemies":"2 Louse","floor":1,"turns":1},{"damage":0,"enemies":"Jaw Worm","floor":4,"turns":1},{"damage":0,"enemies":"Small Slimes","floor":5,"turns":1},{"damage":25,"enemies":"Lagavulin","floor":6,"turns":7},{"damage":11,"enemies":"Looter","floor":11,"turns":3},{"damage":24,"enemies":"Gremlin Nob","floor":12,"turns":4},{"damage":0,"enemies":"Red Slaver","floor":13,"turns":3},{"damage":26,"enemies":"Slime Boss","floor":16,"turns":6},{"damage":48,"enemies":"Spheric Guardian","floor":18,"turns":6},{"damage":3,"enemies":"Shell Parasite","floor":21,"turns":1}],"seed_played":"5919573075736163199","potions_obtained":[{"floor":1,"key":"CultistPotion"},{"floor":6,"key":"Strength Potion"},{"floor":18,"key":"LiquidBronze"}],"is_trial":false,"path_per_floor":["M","?","?","M","M","E","?","$","T","R","M","E","M","?","R","B",null,"M","$","?","M"],"character_chosen":"THE_SILENT","items_purchased":["Deep Breath","Poison Potion","DistilledChaos"],"campfire_rested":2,"item_purchase_floors":[8,8,19],"current_hp_per_floor":[59,48,28,28,28,3,19,19,19,37,26,2,2,23,41,15,51,3,3,3,0,0],"gold":73,"neow_bonus":"THREE_ENEMY_KILL","is_daily":false,"chose_seed":false,"campfire_upgraded":0,"win_rate":0.0,"timestamp":1608768073,"path_taken":["M","?","?","M","M","E","?","$","T","R","M","E","?","?","R","BOSS","M","$","?","?"],"items_purchased_type":["Card","Potion","Potion"],"build_version":"2020-12-22","purchased_purges":1,"victory":false,"max_hp_per_floor":[66,66,66,66,66,66,66,63,63,63,63,63,63,63,63,63,63,63,63,63,63,63],"card_choices":[{"not_picked":["Finisher","Cloak And Dagger"],"picked":"Bane","floor":1},{"not_picked":["Well Laid Plans","Backflip"],"picked":"Crippling Poison","floor":4},{"not_picked":["Backflip","Cloak And Dagger","Flying Knee"],"picked":"SKIP","floor":5},{"not_picked":["Quick Slash","Dagger Spray"],"picked":"Deadly Poison","floor":6},{"not_picked":["Concentrate","Underhanded Strike"],"picked":"Poisoned Stab","floor":11},{"not_picked":["Venomology","Underhanded Strike"],"picked":"All Out Attack","floor":12},{"not_picked":["Slice","Eviscerate"],"picked":"All Out Attack","floor":13},{"not_picked":["Venomology","Grand Finale"],"picked":"Corpse Explosion","floor":16},{"not_picked":["Flechettes","Backflip"],"picked":"Cloak And Dagger+1","floor":18}],"player_experience":1284762,"relics_obtained":[{"floor":6,"key":"The Specimen"},{"floor":9,"key":"Kunai"},{"floor":12,"key":"Vajra"}],"event_choices":[{"damage_healed":0,"gold_gain":75,"player_choice":"Gather Gold","damage_taken":11,"max_hp_gain":0,"max_hp_loss":0,"event_name":"World of Goop","floor":2,"gold_loss":0},{"damage_healed":0,"gold_gain":0,"player_choice":"Entered Light","damage_taken":20,"max_hp_gain":0,"max_hp_loss":0,"event_name":"Shining Light","floor":3,"gold_loss":0,"cards_upgraded":["Strike_G","Strike_G"]},{"damage_healed":16,"gold_gain":0,"player_choice":"Healed and dodged fight","damage_taken":0,"max_hp_gain":0,"max_hp_loss":0,"event_name":"Mushrooms","floor":7,"gold_loss":0,"cards_obtained":["Parasite"]},{"damage_healed":21,"gold_gain":0,"player_choice":"Banana","damage_taken":0,"max_hp_gain":0,"max_hp_loss":0,"event_name":"Big Fish","floor":14,"gold_loss":0},{"cards_removed":["Defend_G"],"damage_healed":0,"gold_gain":0,"player_choice":"Purged","damage_taken":0,"max_hp_gain":0,"max_hp_loss":0,"event_name":"Purifier","floor":20,"gold_loss":0}],"is_beta":false,"boss_relics":[{"not_picked":["Fusion Hammer","Sozu"],"picked":"SacredBark"}],"items_purged_floors":[8],"is_endless":false,"potions_floor_spawned":[1,6,13,18],"killed_by":"Shell Parasite","ascension_level":17}}