{"host":"xnrw1j8ho83czkv7","time":1608846880,"event":{"mods":["AchievementEnabler","BaseMod","Colored Map","Colored Powertips","Minty Spire (QoL Compilation)","Quick Restart","StSLib"],"gold_per_floor":[113,113,113,140,67,67,67,85,85,110,143,143,181,131,131,251,251,275,200,215,215,67,67,110,123,123,162,77,77,77,95,95,225,225,238,571,571,621,635,662,675,706,706,733,733,733,752,198,198,198],"floor_reached":51,"playtime":4947,"items_purged":["Strike_G","Defend_G"],"score":1002,"play_id":"4b48856a-f0d8-4827-97a1-fe86aa9c0ce0","local_time":"20201224215440","is_ascension_mode":false,"campfire_choices":[{"data":"Blur","floor":7.0,"key":"SMITH"},{"data":"Blur","floor":12.0,"key":"SMITH"},{"data":"Poisoned Stab","floor":15.0,"key":"SMITH"},{"data":"Neutralize","floor":23.0,"key":"SMITH"},{"data":"Caltrops","floor":32.0,"key":"SMITH"},{"data":"After Image","floor":49,"key":"SMITH"}],"circlet_count":0,"master_deck":["Defend_G+1","Defend_G+1","Survivor","Neutralize+1","Blur+1","Blur+1","Poisoned Stab+1","Caltrops+1","Prepared+1","Blur+1","Bullet Time+1","Deadly Poison+1","Backflip+1","Expertise+1","Outmaneuver+1","Escape Plan+1","After Image+1","Crippling Poison+1","Good Instincts+1","Madness+1","Madness+1","Crippling Poison+1"],"relics":["Ring of the Snake","NeowsBlessing","Oddly Smooth Stone","War Paint","Juzu Bracelet","Toxic Egg 2","Matryoshka","Astrolabe","TwistedFunnel","InkBottle","Sundial","Happy Flower","Darkstone Periapt","Orichalcum","Busted Crown","Girya","Lantern","Strawberry","Centennial Puzzle","Bag of Preparation","Eternal Feather","Anchor","Gambling Chip"],"acts_visited":["Exordium","TheCity","TheBeyond"],"potions_floor_usage":[40,44,50,50],"damage_taken":[{"damage":0.0,"enemies":"Small Slimes","floor":1.0,"turns":1.0},{"damage":0.0,"enemies":"Jaw Worm","floor":8.0,"turns":1.0},{"damage":0.0,"enemies":"2 Louse","floor":10.0,"turns":1.0},{"damage":27.0,"enemies":"Gremlin Nob","floor":11.0,"turns":5.0},{"damage":0.0,"enemies":"3 Sentries","floor":13.0,"turns":10.0},{"damage":12.0,"enemies":"Slime Boss","floor":16.0,"turns":23.0},{"damage":0.0,"enemies":"Spheric Guardian","floor":18.0,"turns":10.0},{"damage":0.0,"enemies":"Shell Parasite","floor":20.0,"turns":5.0},{"damage":0.0,"enemies":"Book of Stabbing","floor":24.0,"turns":6.0},{"damage":0.0,"enemies":"Sentry and Sphere","floor":25.0,"turns":5.0},{"damage":0.0,"enemies":"Gremlin Leader","floor":27.0,"turns":7.0},{"damage":0.0,"enemies":"Centurion and Healer","floor":31.0,"turns":7.0},{"damage":0.0,"enemies":"Automaton","floor":33.0,"turns":8.0},{"damage":0,"enemies":"Orb Walker","floor":35,"turns":5},{"damage":0,"enemies":"Mind Bloom Boss Battle","floor":38,"turns":7},{"damage":0,"enemies":"3 Darklings","floor":39,"turns":5},{"damage":0,"enemies":"Nemesis","floor":40,"turns":9},{"damage":0,"enemies":"Transient","floor":41,"turns":5},{"damage":0,"enemies":"Giant Head","floor":42,"turns":9},{"damage":0,"enemies":"Reptomancer","floor":44,"turns":6},{"damage":0,"enemies":"4 Shapes","floor":47,"turns":4},{"damage":0,"enemies":"Donu and Deca","floor":50,"turns":11}],"seed_played":"-8207779232428149254","potions_obtained":[{"floor":1.0,"key":"Poison Potion"},{"floor":11.0,"key":"Explosive Potion"},{"floor":13.0,"key":"EssenceOfSteel"},{"floor":20.0,"key":"BlessingOfTheForge"},{"floor":27.0,"key":"AttackPotion"},{"floor":35,"key":"Ancient Potion"},{"floor":39,"key":"Explosive Potion"},{"floor":40,"key":"Regen Potion"},{"floor":47,"key":"DuplicationPotion"}],"is_trial":false,"path_per_floor":["M","?","?","T","$","?","R","M","T","M","E","R","E","?","R","B",null,"M","$","M","?","$","R","E","M","T","E","?","?","$","M","R","B",null,"M","?","?","?","M","E","M","E","T","E","?","?","M","$","R","B",null],"character_chosen":"THE_SILENT","items_purchased":["Blur","TwistedFunnel","Anchor","Gambling Chip"],"campfire_rested":0,"item_purchase_floors":[5,22,48,48],"current_hp_per_floor":[70,70,53,53,53,46,46,46,46,46,19,19,19,19,19,7,70,70,70,70,70,70,70,70,70,70,70,70,70,70,70,70,70,70,70,70,70,70,70,70,70,77,77,77,67,57,57,57,69,77],"gold":198,"neow_bonus":"THREE_ENEMY_KILL","is_daily":false,"chose_seed":false,"campfire_upgraded":6,"win_rate":0.0,"timestamp":1608846880,"path_taken":["M","?","?","?","$","?","R","M","T","M","E","R","E","?","R","BOSS","M","$","M","?","$","R","E","M","T","E","?","?","?","M","R","BOSS","M","?","?","?","M","E","M","E","T","E","?","?","M","$","R","BOSS"],"items_purchased_type":["Card","Relic","Relic","Relic"],"build_version":"2020-12-22","purchased_purges":2,"victory":true,"max_hp_per_floor":[70,70,70,70,70,70,70,70,70,70,70,70,70,70,70,70,70,70,70,70,70,70,70,70,70,70,70,70,70,70,70,70,70,70,70,70,70,70,70,70,70,77,77,77,77,77,77,77,77,77],"card_choices":[{"not_picked":["Choke","Footwork"],"picked":"Blur","floor":1.0},{"not_picked":["Acrobatics","Dash","Endless Agony"],"picked":"SKIP","floor":8.0},{"not_picked":["Outmaneuver","Acrobatics"],"picked":"Poisoned Stab","floor":10.0},{"not_picked":["PiercingWail+1","Well Laid Plans"],"picked":"Caltrops","floor":11.0},{"not_picked":["Finisher","Poisoned Stab","A Thousand Cuts"],"picked":"SKIP","floor":13.0},{"not_picked":["Dodge and Roll+1","Backflip+1"],"picked":"Deadly Poison+1","floor":18.0},{"not_picked":["Flying Knee","Deadly Poison+1"],"picked":"Backflip+1","floor":20.0},{"not_picked":["Bullet Time+1","Backflip+1"],"picked":"Escape Plan+1","floor":24.0},{"not_picked":["Acrobatics+1","Backstab+1","Eviscerate"],"picked":"SKIP","floor":25.0},{"not_picked":["Dodge and Roll+1","Poisoned Stab","Blade Dance+1"],"picked":"SKIP","floor":27.0},{"not_picked":["Endless Agony","Outmaneuver+1","All Out Attack"],"picked":"SKIP","floor":31.0},{"not_picked":["Burst+1","Night Terror+1"],"picked":"After Image","floor":33.0},{"not_picked":["Flying Knee+1"],"picked":"SKIP","floor":35},{"not_picked":["Escape Plan+1"],"picked":"SKIP","floor":39},{"not_picked":["Escape Plan+1"],"picked":"SKIP","floor":39},{"not_picked":["Quick Slash"],"picked":"SKIP","floor":40},{"not_picked":["PiercingWail+1"],"picked":"SKIP","floor":41},{"not_picked":["Acrobatics+1"],"picked":"SKIP","floor":42},{"not_picked":[],"picked":"Crippling Poison+1","floor":44},{"not_picked":[],"picked":"Good Instincts+1","floor":45},{"not_picked":[],"picked":"Crippling Poison+1","floor":47}],"player_experience":5944,"relics_obtained":[{"floor":4.0,"key":"War Paint"},{"floor":9.0,"key":"Juzu Bracelet"},{"floor":11.0,"key":"Toxic Egg 2"},{"floor":13.0,"key":"Matryoshka"},{"floor":24.0,"key":"InkBottle"},{"floor":26.0,"key":"Sundial"},{"floor":26.0,"key":"Happy Flower"},{"floor":27.0,"key":"Darkstone Periapt"},{"floor":38,"key":"Girya"},{"floor":40,"key":"Lantern"},{"floor":42,"key":"Strawberry"},{"floor":43,"key":"Centennial Puzzle"},{"floor":43,"key":"Bag of Preparation"},{"floor":44,"key":"Eternal Feather"}],"event_choices":[{"damage_healed":0.0,"max_hp_gain":0.0,"max_hp_loss":0.0,"gold_gain":0.0,"event_name":"Big Fish","player_choice":"Box","floor":2.0,"gold_loss":0.0,"damage_taken":0.0,"relics_obtained":["Oddly Smooth Stone"],"cards_obtained":["Regret"]},{"damage_healed":0.0,"max_hp_gain":0.0,"max_hp_loss":0.0,"gold_gain":0.0,"event_name":"Golden Idol","player_choice":"Take Damage","floor":3.0,"gold_loss":0.0,"damage_taken":17.0,"relics_obtained":["Golden Idol"]},{"cards_removed":["Regret"],"damage_healed":0.0,"max_hp_gain":0.0,"max_hp_loss":0.0,"gold_gain":0.0,"event_name":"Golden Wing","player_choice":"Card Removal","floor":6.0,"gold_loss":0.0,"damage_taken":7.0},{"cards_removed":["Strike_G"],"damage_healed":0.0,"max_hp_gain":0.0,"max_hp_loss":0.0,"gold_gain":0.0,"event_name":"The Cleric","player_choice":"Card Removal","floor":14.0,"gold_loss":50.0,"damage_taken":0.0},{"damage_healed":0.0,"max_hp_gain":0.0,"max_hp_loss":0.0,"gold_gain":0.0,"cards_transformed":["Defend_G","Defend_G"],"event_name":"Drug Dealer","player_choice":"Became Test Subject","floor":21.0,"gold_loss":0.0,"damage_taken":0.0,"cards_obtained":["Expertise","Outmaneuver"]},{"damage_healed":0.0,"max_hp_gain":0.0,"max_hp_loss":0.0,"gold_gain":0.0,"event_name":"Addict","player_choice":"Obtained Relic","floor":28.0,"gold_loss":85.0,"damage_taken":0.0,"relics_obtained":["Orichalcum"]},{"damage_healed":0.0,"max_hp_gain":0.0,"max_hp_loss":0.0,"gold_gain":0.0,"event_name":"Ghosts","player_choice":"Ignored","floor":29.0,"gold_loss":0.0,"damage_taken":0.0},{"damage_healed":0,"gold_gain":333,"player_choice":"Gave Idol","damage_taken":0,"max_hp_gain":0,"max_hp_loss":0,"event_name":"The Moai Head","floor":36,"relics_lost":["Golden Idol"],"gold_loss":0},{"damage_healed":0,"gold_gain":0,"player_choice":"Ignored","damage_taken":0,"max_hp_gain":0,"max_hp_loss":0,"event_name":"Tomb of Lord Red Mask","floor":37,"gold_loss":0},{"damage_healed":0,"gold_gain":0,"player_choice":"Fight","damage_taken":0,"max_hp_gain":0,"max_hp_loss":0,"event_name":"MindBloom","floor":38,"gold_loss":0},{"damage_healed":0,"gold_gain":0,"player_choice":"Memory 3","damage_taken":10,"max_hp_gain":0,"max_hp_loss":0,"event_name":"SensoryStone","floor":45,"gold_loss":0},{"damage_healed":0,"gold_gain":0,"player_choice":"Embrace Madness","damage_taken":10,"max_hp_gain":0,"max_hp_loss":0,"event_name":"Winding Halls","floor":46,"gold_loss":0,"cards_obtained":["Madness","Madness"]}],"is_beta":false,"boss_relics":[{"not_picked":["Black Star","Philosopher\u0027s Stone"],"picked":"Astrolabe"},{"not_picked":["WristBlade","Ring of the Serpent"],"picked":"Busted Crown"}],"items_purged_floors":[19,48],"is_endless":false,"potions_floor_spawned":[1,11,13,20,27,35,39,40,47],"ascension_level":0}}