{"host":"z9811rt50ti81n54","time":1608770448,"event":{"mods":["BaseMod","Minty Spire (QoL Compilation)"],"gold_per_floor":[109,127,77,96,157,191,191,211,211,3,13,38,55,84,84,188,188,200,200,220,247,262,262,262,262],"floor_reached":24,"playtime":1064,"items_purged":[],"score":208,"play_id":"dbd6e1ce-5134-4fff-999f-9684b87bad40","local_time":"20201224094048","is_ascension_mode":false,"campfire_choices":[{"floor":7,"key":"REST"},{"floor":15,"key":"REST"},{"data":"Fission","floor":23,"key":"SMITH"}],"circlet_count":0,"master_deck":["Zap","Sweeping Beam+1","Streamline","Amplify","Conserve Battery","Recycle","Biased Cognition","Conserve Battery","Ball Lightning","Rebound","Fission+1","Go for the Eyes","Aggregate","All For One","Glacier","Undo","Heatsinks","Consume","Conserve Battery","Recycle","Melter","Buffer","Loop","Gash+1","Defragment","Turbo"],"relics":["Cracked Core","Dream Catcher","MealTicket","Whetstone","Bag of Preparation","Question Card","Odd Mushroom","Pandora\u0027s Box","Red Mask"],"acts_visited":["Exordium","TheCity"],"potions_floor_usage":[18,18,22,24,24],"damage_taken":[{"damage":1,"enemies":"Jaw Worm","floor":1,"turns":3},{"damage":5,"enemies":"Small Slimes","floor":2,"turns":3},{"damage":0,"enemies":"2 Louse","floor":4,"turns":1},{"damage":35,"enemies":"3 Sentries","floor":6,"turns":6},{"damage":7,"enemies":"Blue Slaver","floor":8,"turns":3},{"damage":8,"enemies":"Looter","floor":11,"turns":3},{"damage":18,"enemies":"Gremlin Nob","floor":12,"turns":3},{"damage":0,"enemies":"3 Louse","floor":13,"turns":3},{"damage":5,"enemies":"The Mushroom Lair","floor":14,"turns":2},{"damage":39,"enemies":"The Guardian","floor":16,"turns":11},{"damage":10,"enemies":"3 Byrds","floor":18,"turns":4},{"damage":0,"enemies":"Spheric Guardian","floor":20,"turns":2},{"damage":22,"enemies":"Masked Bandits","floor":21,"turns":3},{"damage":3,"enemies":"Snake Plant","floor":22,"turns":6},{"damage":44,"enemies":"Gremlin Leader","floor":24,"turns":6}],"seed_played":"5475779171093275569","potions_obtained":[{"floor":4,"key":"SpeedPotion"},{"floor":8,"key":"Energy Potion"},{"floor":12,"key":"Block Potion"},{"floor":16,"key":"GamblersBrew"},{"floor":18,"key":"SkillPotion"},{"floor":22,"key":"Weak Potion"}],"is_trial":false,"path_per_floor":["M","M","?","M","?","E","R","M","T","$","M","E","M","?","R","B",null,"M","?","M","?","M","R","E"],"character_chosen":"DEFECT","items_purchased":["Bag of Preparation","Conserve Battery"],"campfire_rested":2,"item_purchase_floors":[10,10],"current_hp_per_floor":[74,69,69,69,69,34,56,49,49,64,56,38,38,33,55,16,75,65,65,65,43,40,40,0,0],"gold":262,"neow_bonus":"RANDOM_COMMON_RELIC","is_daily":false,"chose_seed":false,"campfire_upgraded":1,"win_rate":0.0,"timestamp":1608770448,"path_taken":["M","M","?","M","?","E","R","M","T","$","M","E","M","?","R","BOSS","M","?","M","?","M","R","E"],"items_purchased_type":["Relic","Card"],"build_version":"2020-12-22","purchased_purges":0,"victory":false,"max_hp_per_floor":[75,75,75,75,75,75,75,75,75,75,75,75,75,75,75,75,75,75,75,75,75,75,75,75,75],"card_choices":[{"not_picked":["Turbo","Cold Snap"],"picked":"Sweeping Beam","floor":1},{"not_picked":["Sweeping Beam","Blizzard"],"picked":"Streamline","floor":2},{"not_picked":["Steam","Beam Cell"],"picked":"Amplify","floor":4},{"not_picked":["Barrage","Ball Lightning"],"picked":"Conserve Battery","floor":6},{"not_picked":["Hologram","Beam Cell"],"picked":"Recycle","floor":7},{"not_picked":["Turbo","Scrape"],"picked":"Biased Cognition","floor":8},{"not_picked":["Compile Driver","Sweeping Beam"],"picked":"Ball Lightning","floor":11},{"not_picked":["Hologram","Blizzard"],"picked":"Rebound","floor":12},{"not_picked":["Conserve Battery","Go for the Eyes","Sweeping Beam"],"picked":"Fission","floor":13},{"not_picked":["Force Field","Storm","Hologram"],"picked":"Go for the Eyes","floor":14},{"not_picked":["Rip and Tear","Sweeping Beam","Streamline"],"picked":"Aggregate","floor":15},{"not_picked":["Buffer","Hyperbeam","Machine Learning"],"picked":"All For One","floor":16},{"not_picked":["Leap","Steam","Ball Lightning"],"picked":"Melter","floor":18},{"not_picked":["Sunder","Static Discharge","Streamline"],"picked":"Gash+1","floor":20},{"not_picked":["Fusion+1","Leap","Redo"],"picked":"Defragment","floor":21},{"not_picked":["Sweeping Beam","Go for the Eyes+1","Steam"],"picked":"Turbo","floor":22}],"player_experience":202398,"relics_obtained":[{"floor":6,"key":"MealTicket"},{"floor":9,"key":"Whetstone"},{"floor":12,"key":"Question Card"},{"floor":14,"key":"Odd Mushroom"},{"floor":21,"key":"Red Mask"}],"event_choices":[{"cards_removed":["Strike_B"],"damage_healed":0,"gold_gain":0,"player_choice":"Card Removal","damage_taken":0,"max_hp_gain":0,"max_hp_loss":0,"event_name":"The Cleric","floor":3,"gold_loss":50},{"damage_healed":0,"gold_gain":61,"player_choice":"Gained Gold","damage_taken":0,"max_hp_gain":0,"max_hp_loss":0,"event_name":"Golden Wing","floor":5,"gold_loss":0},{"damage_healed":0,"gold_gain":0,"player_choice":"Fought Mushrooms","damage_taken":0,"max_hp_gain":0,"max_hp_loss":0,"event_name":"Mushrooms","floor":14,"gold_loss":0},{"damage_healed":0,"gold_gain":0,"cards_transformed":["Hello World","Dualcast"],"player_choice":"Became Test Subject","damage_taken":0,"max_hp_gain":0,"max_hp_loss":0,"event_name":"Drug Dealer","floor":19,"gold_loss":0,"cards_obtained":["Buffer","Loop"]},{"damage_healed":0,"gold_gain":0,"player_choice":"Fought Bandits","damage_taken":0,"max_hp_gain":0,"max_hp_loss":0,"event_name":"Masked Bandits","floor":21,"gold_loss":0}],"is_beta":false,"boss_relics":[{"not_picked":["Runic Pyramid","Cursed Key"],"picked":"Pandora\u0027s Box"}],"items_purged_floors":[],"is_endless":false,"potions_floor_spawned":[4,8,12,16,18,22],"killed_by":"Gremlin Leader","ascension_level":0}}