{"host":"agbyy69nq62afhwx","time":1608833348,"event":{"mods":["BaseMod","Colored Map","DeckTracker","Highlight Path","Keyboard Shortcuts","Minty Spire (QoL Compilation)","Quick Restart","StSLib","SuperFastMode","everything is the same but u backflip on backflip"],"gold_per_floor":[118,118,118,118,130,158,83,83,83,83,97,97,97,117,117,219,219,232,242,254,2,22,22,39,39,39,39,57,57,70,70,70,166,166,179,195,209,260,58,87,87,87,87,100,100,128,128,139,139,139],"floor_reached":51,"playtime":2020,"items_purged":["Strike_G","Defend_G","Strike_G"],"score":1040,"play_id":"009d626b-8455-481b-bd1c-9ad52df1c345","local_time":"20201225030908","is_ascension_mode":true,"campfire_choices":[{"data":"Prepared","floor":8.0,"key":"SMITH"},{"data":"Prepared","floor":10.0,"key":"SMITH"},{"data":"Dagger Throw","floor":13.0,"key":"SMITH"},{"data":"Neutralize","floor":15.0,"key":"SMITH"},{"data":"Acrobatics","floor":23.0,"key":"SMITH"},{"floor":32.0,"key":"REST"},{"data":"A Thousand Cuts","floor":41.0,"key":"SMITH"},{"floor":47.0,"key":"REST"},{"data":"Backflip","floor":49.0,"key":"SMITH"}],"circlet_count":0,"master_deck":["Defend_G","Defend_G","Survivor","Neutralize+1","Dagger Throw+1","Prepared+1","Prepared+1","After Image","PiercingWail+1","Grand Finale+1","Bane+1","Calculated Gamble+1","Acrobatics+1","After Image","Underhanded Strike+1","Calculated Gamble+1","Tactician+1","Backflip+1","Escape Plan"],"relics":["Ring of the Snake","NeowsBlessing","Pear","Sundial","Astrolabe","Ancient Tea Set","Black Star","Torii","Pen Nib","White Beast Statue","Prayer Wheel","Toy Ornithopter","StrikeDummy"],"acts_visited":["Exordium","TheCity","TheBeyond"],"potions_floor_usage":[50,50],"damage_taken":[{"damage":0.0,"enemies":"Jaw Worm","floor":1.0,"turns":1.0},{"damage":0.0,"enemies":"Small Slimes","floor":5.0,"turns":1.0},{"damage":0.0,"enemies":"Lagavulin","floor":6.0,"turns":1.0},{"damage":0.0,"enemies":"Cultist","floor":11.0,"turns":4.0},{"damage":4.0,"enemies":"Exordium Wildlife","floor":14.0,"turns":4.0},{"damage":60.0,"enemies":"Slime Boss","floor":16.0,"turns":19.0},{"damage":1.0,"enemies":"Shell Parasite","floor":18.0,"turns":5.0},{"damage":10.0,"enemies":"Spheric Guardian","floor":19.0,"turns":4.0},{"damage":0.0,"enemies":"Centurion and Healer","floor":20.0,"turns":2.0},{"damage":0.0,"enemies":"Shelled Parasite and Fungi","floor":22.0,"turns":2.0},{"damage":0.0,"enemies":"3 Cultists","floor":24.0,"turns":1.0},{"damage":20.0,"enemies":"Snecko","floor":28.0,"turns":7.0},{"damage":5.0,"enemies":"Centurion and Healer","floor":30.0,"turns":3.0},{"damage":33.0,"enemies":"Collector","floor":33.0,"turns":9.0},{"damage":10.0,"enemies":"3 Darklings","floor":35.0,"turns":5.0},{"damage":0.0,"enemies":"Orb Walker","floor":36.0,"turns":2.0},{"damage":0.0,"enemies":"Jaw Worm Horde","floor":37.0,"turns":1.0},{"damage":0.0,"enemies":"2 Orb Walkers","floor":38.0,"turns":3.0},{"damage":6.0,"enemies":"Giant Head","floor":40.0,"turns":6.0},{"damage":0.0,"enemies":"Writhing Mass","floor":44.0,"turns":5.0},{"damage":16.0,"enemies":"Nemesis","floor":46.0,"turns":9.0},{"damage":0.0,"enemies":"Sphere and 2 Shapes","floor":48.0,"turns":1.0},{"damage":32,"enemies":"Time Eater","floor":50,"turns":10}],"seed_played":"-3932256460895392631","potions_obtained":[{"floor":5.0,"key":"ColorlessPotion"},{"floor":6.0,"key":"GamblersBrew"},{"floor":14.0,"key":"CunningPotion"},{"floor":22.0,"key":"Fire Potion"},{"floor":33.0,"key":"SneckoOil"},{"floor":36.0,"key":"PowerPotion"}],"is_trial":false,"path_per_floor":["M","?","?","?","M","E","$","R","T","R","M","$","R","M","R","B",null,"M","M","M","$","M","R","M","?","T","$","M","?","M","$","R","B",null,"M","M","M","?","$","E","R","?","T","M","$","E","R","M","R","B",null],"character_chosen":"THE_SILENT","items_purchased":["After Image","Escape Plan"],"campfire_rested":2,"item_purchase_floors":[21,39],"current_hp_per_floor":[63,56,56,56,56,66,66,66,66,66,66,66,66,62,62,2,61,60,50,50,50,50,50,50,50,50,50,30,30,25,25,49,16,64,54,54,54,54,54,48,48,48,48,48,48,32,56,56,56,34],"gold":139,"neow_bonus":"THREE_ENEMY_KILL","is_daily":false,"chose_seed":false,"campfire_upgraded":7,"win_rate":0.0,"timestamp":1608833348,"path_taken":["M","?","?","?","?","E","?","R","T","R","M","$","R","M","R","BOSS","M","M","M","$","M","R","M","?","T","?","M","?","?","$","R","BOSS","M","M","M","?","$","E","R","?","T","M","?","E","R","M","R","BOSS"],"items_purchased_type":["Card","Card"],"build_version":"2020-12-22","purchased_purges":3,"victory":true,"max_hp_per_floor":[70,70,70,70,70,80,80,80,80,80,80,80,80,80,80,80,80,80,80,80,80,80,80,80,80,80,80,80,80,80,80,80,80,80,80,80,80,80,80,80,80,80,80,80,80,80,80,80,80,80],"card_choices":[{"not_picked":["Predator","Bane"],"picked":"Dagger Throw","floor":1.0},{"not_picked":["Sucker Punch","Deflect"],"picked":"Prepared","floor":5.0},{"not_picked":["Setup","Bane"],"picked":"Prepared","floor":6.0},{"not_picked":["Slice","Bane","Terror"],"picked":"SKIP","floor":11.0},{"not_picked":["Dodge and Roll","PiercingWail","Accuracy"],"picked":"SKIP","floor":14.0},{"not_picked":["Night Terror","Envenom"],"picked":"After Image","floor":16.0},{"not_picked":["Cloak And Dagger+1","Noxious Fumes","Backstab"],"picked":"SKIP","floor":18.0},{"not_picked":["Dagger Spray","Masterful Stab+1"],"picked":"Calculated Gamble+1","floor":19.0},{"not_picked":["Flechettes","Flying Knee"],"picked":"Acrobatics","floor":20.0},{"not_picked":["Deflect","Flying Knee"],"picked":"Underhanded Strike+1","floor":22.0},{"not_picked":["Dagger Throw","Poisoned Stab","Prepared"],"picked":"SKIP","floor":24.0},{"not_picked":["Prepared","Slice"],"picked":"Tactician","floor":28.0},{"not_picked":["Backstab","Flying Knee","Deadly Poison"],"picked":"SKIP","floor":30.0},{"not_picked":["Corpse Explosion","Die Die Die"],"picked":"A Thousand Cuts","floor":33.0},{"not_picked":["Underhanded Strike+1","Prepared","Dagger Spray+1"],"picked":"SKIP","floor":35.0},{"not_picked":["Blade Dance+1","Backstab","Catalyst"],"picked":"SKIP","floor":36.0},{"not_picked":["Blade Dance","Adrenaline"],"picked":"Backflip","floor":37.0},{"not_picked":["Accuracy+1","Outmaneuver+1","Leg Sweep+1"],"picked":"SKIP","floor":40.0},{"not_picked":["Catalyst","Backflip","Flying Knee+1"],"picked":"SKIP","floor":44.0},{"not_picked":["Burst","Deadly Poison+1","PiercingWail+1"],"picked":"SKIP","floor":44.0},{"not_picked":["Backflip","Outmaneuver","Dash+1"],"picked":"SKIP","floor":46.0},{"not_picked":["Dagger Throw","Sucker Punch+1","Acrobatics"],"picked":"SKIP","floor":48.0},{"not_picked":["Endless Agony+1","Dash","Deadly Poison+1"],"picked":"SKIP","floor":48.0}],"player_experience":363086,"relics_obtained":[{"floor":6.0,"key":"Pear"},{"floor":9.0,"key":"Sundial"},{"floor":26.0,"key":"Ancient Tea Set"},{"floor":38.0,"key":"Torii"},{"floor":40.0,"key":"Pen Nib"},{"floor":40.0,"key":"White Beast Statue"},{"floor":43.0,"key":"Prayer Wheel"},{"floor":46.0,"key":"Toy Ornithopter"},{"floor":46.0,"key":"StrikeDummy"}],"event_choices":[{"cards_removed":["Strike_G"],"damage_healed":0.0,"max_hp_gain":0.0,"max_hp_loss":0.0,"gold_gain":0.0,"event_name":"Golden Wing","player_choice":"Card Removal","floor":2.0,"gold_loss":0.0,"damage_taken":7.0},{"cards_removed":["Strike_G"],"damage_healed":0.0,"max_hp_gain":0.0,"max_hp_loss":0.0,"gold_gain":0.0,"event_name":"Living Wall","player_choice":"Forget","floor":3.0,"gold_loss":0.0,"damage_taken":0.0},{"damage_healed":0.0,"max_hp_gain":0.0,"max_hp_loss":0.0,"gold_gain":0.0,"event_name":"Shining Light","player_choice":"Ignored","floor":4.0,"gold_loss":0.0,"damage_taken":0.0},{"damage_healed":0.0,"max_hp_gain":0.0,"max_hp_loss":0.0,"gold_gain":0.0,"event_name":"Duplicator","player_choice":"Copied","floor":25.0,"gold_loss":0.0,"damage_taken":0.0,"cards_obtained":["Calculated Gamble"]},{"damage_healed":0.0,"max_hp_gain":0.0,"max_hp_loss":0.0,"gold_gain":0.0,"event_name":"Accursed Blacksmith","player_choice":"Forge","floor":29.0,"gold_loss":0.0,"damage_taken":0.0,"cards_upgraded":["Tactician"]},{"damage_healed":0.0,"max_hp_gain":0.0,"max_hp_loss":0.0,"gold_gain":0.0,"event_name":"Mysterious Sphere","player_choice":"Fight","floor":38.0,"gold_loss":0.0,"damage_taken":0.0},{"cards_removed":["A Thousand Cuts"],"damage_healed":0.0,"max_hp_gain":0.0,"max_hp_loss":0.0,"gold_gain":0.0,"event_name":"Falling","player_choice":"Removed Power","floor":42.0,"gold_loss":0.0,"damage_taken":0.0}],"is_beta":false,"boss_relics":[{"not_picked":["Cursed Key","Busted Crown"],"picked":"Astrolabe"},{"not_picked":["Sozu","Calling Bell"],"picked":"Black Star"}],"items_purged_floors":[7,21,39],"is_endless":false,"potions_floor_spawned":[5,6,14,22,33,36,44,46,48],"ascension_level":8}}