{"host":"vc42n08di9czm3e7","time":1608775974,"event":{"mods":["AchievementEnabler","Act Like it!","BaseMod","Colored Powertips","Downfall","Friendly Minions","GifTheSpireLib","Minty Spire (QoL Compilation)","Rare Cards Sparkle","StSLib"],"gold_per_floor":[99,119,134,146,146,71,96,96,123,139,153,172,172,184,198,294,294,219,236,236,255,255,255,255],"floor_reached":23,"playtime":1526,"items_purged":[],"score":195,"play_id":"f54e398b-2544-4347-9b08-ef274f492ab4","local_time":"20201223211254","is_ascension_mode":false,"campfire_choices":[{"floor":1,"key":"RECALL"},{"data":"sneckomod:ImprovisedGuard","floor":6,"key":"SMITH"},{"data":"sneckomod:MorePower","floor":18,"key":"SMITH"}],"circlet_count":0,"master_deck":["sneckomod:Strike","sneckomod:Strike","sneckomod:Strike","sneckomod:Defend","sneckomod:Defend+1","sneckomod:TailWhip","sneckomod:SnekBite","sneckomod:Unknown+1","sneckomod:Unknown","sneckomod:DefensiveFlair","sneckomod:QuickMove+1","sneckomod:ImprovisedGuard+1","sneckomod:UnknownClassPURPLE","sneckomod:QuickMove","sneckomod:SoulRoll","sneckomod:ImprovisedAttack","sneckomod:SoulDraw+1","sneckomod:SerpentIdol","sneckomod:MorePower+1","sneckomod:Unknown3Cost+1","sneckomod:UnknownRarePower+1"],"relics":["sneckomod:SneckoSoul","downfall:HeartBlessingRed","Art of War","Bag of Marbles","Snecko Eye","downfall:HeartBlessingGreen"],"acts_visited":["Exordium","TheCity"],"potions_floor_usage":[12,23,23],"damage_taken":[{"damage":12,"enemies":"2 Louse","floor":2,"turns":3},{"damage":0,"enemies":"Jaw Worm","floor":3,"turns":3},{"damage":6,"enemies":"Cultist","floor":4,"turns":3},{"damage":36,"enemies":"3 Sentries","floor":9,"turns":19},{"damage":0,"enemies":"3 Louse","floor":10,"turns":3},{"damage":10,"enemies":"Gremlin Gang","floor":11,"turns":4},{"damage":0,"enemies":"Exordium Wildlife","floor":12,"turns":1},{"damage":31,"enemies":"Exordium Thugs","floor":14,"turns":7},{"damage":0,"enemies":"2 Fungi Beasts","floor":15,"turns":3},{"damage":1,"enemies":"downfall:Watcher","floor":16,"turns":13},{"damage":0,"enemies":"Shell Parasite","floor":19,"turns":2},{"damage":0,"enemies":"3 Byrds","floor":21,"turns":4},{"damage":93,"enemies":"Slavers","floor":23,"turns":8}],"seed_played":"4195637099797109663","potions_obtained":[{"floor":3,"key":"EssenceOfSteel"},{"floor":4,"key":"Fire Potion"},{"floor":12,"key":"Dexterity Potion"},{"floor":13,"key":"Block Potion"}],"is_trial":false,"path_per_floor":["R","M","M","M","?","R","T","?","E","M","M","M","?","M","M","B",null,"R","M","?","M","?","E"],"character_chosen":"THE_SNECKO","items_purchased":[],"campfire_rested":0,"item_purchase_floors":[],"current_hp_per_floor":[90,78,78,72,77,77,77,77,42,42,32,32,32,19,19,18,96,96,97,97,98,90,0,0],"gold":255,"neow_bonus":"UPGRADE_CARD","is_daily":false,"chose_seed":false,"campfire_upgraded":2,"win_rate":0.0,"timestamp":1608775974,"path_taken":["R","M","M","M","?","R","T","?","E","M","?","M","?","?","M","BOSS","R","M","?","M","?","E"],"items_purchased_type":[],"build_version":"2020-12-22","purchased_purges":0,"victory":false,"max_hp_per_floor":[90,90,90,90,95,95,95,95,96,96,96,96,96,96,96,96,96,96,97,97,98,98,98,98],"card_choices":[{"not_picked":["sneckomod:UnknownExhaust","sneckomod:UnknownVulnerable"],"picked":"sneckomod:DefensiveFlair","floor":2},{"not_picked":["sneckomod:IronFang","sneckomod:QuickBite"],"picked":"sneckomod:QuickMove","floor":3},{"not_picked":["sneckomod:UnknownClassSLIMEBOUND","sneckomod:RainOfDice"],"picked":"sneckomod:ImprovisedGuard","floor":4},{"not_picked":["sneckomod:UnknownEthereal","sneckomod:UnknownStrength"],"picked":"sneckomod:UnknownClassPURPLE","floor":9},{"not_picked":["sneckomod:Nope","sneckomod:DiceBlock"],"picked":"sneckomod:QuickMove","floor":10},{"not_picked":["sneckomod:UnknownCommonSkill","sneckomod:UnknownClassRED"],"picked":"sneckomod:SoulRoll","floor":11},{"not_picked":["sneckomod:Unknown1Cost","sneckomod:UnknownClassRED"],"picked":"sneckomod:ImprovisedAttack","floor":12},{"not_picked":["sneckomod:SnekBeam","sneckomod:UnknownEthereal"],"picked":"sneckomod:SoulDraw","floor":14},{"not_picked":["sneckomod:QuickMove","sneckomod:ImprovisedAttack"],"picked":"sneckomod:SerpentIdol","floor":15},{"not_picked":["sneckomod:SoulExchange","sneckomod:Cheat"],"picked":"sneckomod:MorePower","floor":16},{"not_picked":["sneckomod:Unknown1Cost+1","sneckomod:UnknownClassHEXA_GHOST_PURPLE+1"],"picked":"sneckomod:Unknown3Cost+1","floor":19},{"not_picked":["sneckomod:UnknownBlock+1","sneckomod:UnknownStrike","sneckomod:SoulCleanse"],"picked":"SKIP","floor":19},{"not_picked":["sneckomod:UnknownDexterity+1","sneckomod:UnknownClassRED+1"],"picked":"sneckomod:UnknownRarePower+1","floor":21},{"not_picked":["sneckomod:UnknownClassBLUE","sneckomod:Nope+1","sneckomod:UnknownBlock"],"picked":"SKIP","floor":21}],"player_experience":196307,"relics_obtained":[{"floor":7,"key":"Art of War"},{"floor":9,"key":"Bag of Marbles"}],"event_choices":[{"damage_healed":0,"gold_gain":0,"player_choice":"Donut","damage_taken":0,"max_hp_gain":5,"max_hp_loss":0,"event_name":"Big Fish","floor":5,"gold_loss":0},{"damage_healed":0,"gold_gain":0,"player_choice":"Upgraded","damage_taken":0,"max_hp_gain":0,"max_hp_loss":0,"event_name":"Upgrade Shrine","floor":8,"gold_loss":0,"cards_upgraded":["sneckomod:QuickMove"]},{"damage_healed":0,"gold_gain":0,"player_choice":"Got Potions","damage_taken":0,"max_hp_gain":0,"max_hp_loss":0,"event_name":"Lab","floor":13,"gold_loss":0}],"is_beta":false,"boss_relics":[{"not_picked":["Black Star","Velvet Choker"],"picked":"Snecko Eye"}],"items_purged_floors":[],"is_endless":false,"potions_floor_spawned":[3,4,12,15,19],"killed_by":"Slavers","ascension_level":0}}