{"host":"Charlie","time":1608776003,"event":{"mods":["Aspiration","BaseMod","Better Match","Better Skull","Better Third Choice","BetterRewards","ChefMod","Colored Map","Colored Powertips","Conspire","Curses Come First","Downfall","Ekko","Friendly Minions","Halation","Hermit","Hubris","Infinite Spire","Luminous","Melee Mod","Minty Spire (QoL Compilation)","Quick Restart","Rare Cards Sparkle","Relic Stats","Robot Space Explorer","Shade Mod","Spicy Shops","StSLib","SuperFastMode","Synergy Search","The Animator","The Blue Laboratory","The Cursed","The Dragon Tamer","The Factory","The Gatherer","The Jungle","The Marked","The Necromancer","Unceasing Turn Reminder","vexMod"],"gold_per_floor":[119,139,156,173,173,173,173],"floor_reached":6,"playtime":293,"items_purged":[],"score":40,"play_id":"bc5665b6-8bea-476e-a019-f64fe2d44263","local_time":"20201223181323","is_ascension_mode":true,"campfire_choices":[],"circlet_count":0,"master_deck":["Luminous:Light_Flash_Shower","Luminous:Light_Flash_Shower","Luminous:Light_Flash_Shower","Luminous:Dark_Abyssal_Drop","Luminous:Dark_Abyssal_Drop","Luminous:Dark_Abyssal_Drop+1","Luminous:Defend_Luminous","Luminous:Defend_Luminous","Luminous:Defend_Luminous+1","Luminous:Defend_Luminous","Luminous:Switch_Luminous","Luminous:Darks_Surge_Luminous","Luminous:Accumulation_Luminous","Luminous:Dark_Raid"],"relics":["Luminous:MirrorRelic","aspiration:Nostalgia","hermit:Momento"],"acts_visited":["Exordium"],"potions_floor_usage":[6,6],"damage_taken":[{"damage":14,"enemies":"infinitespire:Voidling","floor":1,"turns":6},{"damage":0,"enemies":"conspire:RoseBush","floor":2,"turns":3},{"damage":7,"enemies":"Small Slimes","floor":3,"turns":5},{"damage":4,"enemies":"2 Fungi Beasts","floor":4,"turns":4},{"damage":53,"enemies":"Gremlin Nob","floor":6,"turns":5}],"seed_played":"2273517526198642739","potions_obtained":[{"floor":1,"key":"blueLaboratory:PhilterOfMotion"},{"floor":2,"key":"EssenceOfSteel"}],"is_trial":false,"path_per_floor":["M","M","M","M","?","E"],"character_chosen":"LuminousClass","items_purchased":[],"campfire_rested":0,"item_purchase_floors":[],"current_hp_per_floor":[61,61,54,50,35,0,0],"gold":173,"neow_bonus":"NOSTALGIA","is_daily":false,"chose_seed":false,"campfire_upgraded":0,"win_rate":0.0,"timestamp":1608776003,"path_taken":["M","M","M","?","?","E"],"items_purchased_type":[],"build_version":"2020-12-18","purchased_purges":0,"victory":false,"max_hp_per_floor":[75,75,75,75,75,75,75],"relic_stats":{"counters":[5,23],"obtain_stats":[{"aspiration:Nostalgia":0,"Luminous:MirrorRelic":0,"hermit:Momento":0},{"aspiration:Nostalgia":0,"Luminous:MirrorRelic":0,"hermit:Momento":0},{"aspiration:Nostalgia":0,"Luminous:MirrorRelic":0,"hermit:Momento":0}]},"card_choices":[{"not_picked":["Luminous:Magic_Boost_Luminous","Luminous:Dark_Pressure_Void"],"picked":"Luminous:Darks_Surge_Luminous","floor":1},{"not_picked":["Luminous:Magic_Accelerate_Luminous","Luminous:Light_Disperse","Luminous:Blinding_Pillar_Luminous"],"picked":"SKIP","floor":2},{"not_picked":["Luminous:Light_Sylvan_Lance","Luminous:Dark_Dim_Erosion"],"picked":"Luminous:Accumulation_Luminous","floor":3},{"not_picked":["Luminous:Light_Wash_Luminous","Luminous:Light_Disperse"],"picked":"Luminous:Dark_Raid","floor":4}],"player_experience":437659,"relics_obtained":[],"event_choices":[{"damage_healed":50,"gold_gain":0,"player_choice":"Upgrade","damage_taken":15,"max_hp_gain":0,"max_hp_loss":75,"event_name":"betterThird:BetterShining","floor":5,"gold_loss":0,"cards_upgraded":["Luminous:Defend_Luminous","Luminous:Dark_Abyssal_Drop"]}],"is_beta":true,"boss_relics":[],"items_purged_floors":[],"is_endless":false,"potions_floor_spawned":[1,2],"killed_by":"Gremlin Nob","ascension_level":1}}