{"host":"iphsb0ccnjx0pfn6","time":1608772551,"event":{"mods":["2.2 Compatiblity","AchievementEnabler","BaseMod","Colored Map","DeckTracker","Keyboard Shortcuts","Minty Spire (QoL Compilation)","Permanent Neow","Quick Restart","Relic Stats","StSLib","SuperFastMode","Uncapped","everything is the same but u backflip on backflip"],"gold_per_floor":[109,109,128,145,145,180,180,210,210,250,274,167,167,187,187,187,187],"floor_reached":16,"playtime":204,"items_purged":[],"score":216,"play_id":"50e0f7f5-3ece-471e-b959-26d2cf6c65d3","local_time":"20201224101551","is_ascension_mode":true,"campfire_choices":[{"floor":7,"key":"REST"},{"data":"Perfected Strike","floor":15,"key":"SMITH"}],"circlet_count":0,"master_deck":["AscendersBane","Strike_R","Strike_R","Strike_R","Strike_R","Defend_R","Defend_R","Bash","Perfected Strike+1","Cleave","Offering","Perfected Strike","Perfected Strike"],"relics":["Burning Blood","Golden Idol","Calipers","Odd Mushroom","Turnip","Bird Faced Urn","Bronze Scales"],"acts_visited":["Exordium"],"potions_floor_usage":[6,8,16],"damage_taken":[{"damage":6,"enemies":"Cultist","floor":1,"turns":3},{"damage":0,"enemies":"2 Louse","floor":3,"turns":2},{"damage":12,"enemies":"Jaw Worm","floor":4,"turns":3},{"damage":25,"enemies":"Gremlin Nob","floor":6,"turns":4},{"damage":0,"enemies":"The Mushroom Lair","floor":8,"turns":2},{"damage":46,"enemies":"3 Sentries","floor":10,"turns":8},{"damage":11,"enemies":"Looter","floor":14,"turns":2},{"damage":39,"enemies":"The Guardian","floor":16,"turns":5}],"seed_played":"7418858421490498240","potions_obtained":[{"floor":3,"key":"HeartOfIron"},{"floor":6,"key":"Explosive Potion"},{"floor":14,"key":"BloodPotion"}],"is_trial":false,"path_per_floor":["M","?","M","M","?","E","R","?","T","E","T","$","?","M","R","B"],"character_chosen":"IRONCLAD","items_purchased":["FairyPotion"],"campfire_rested":1,"item_purchase_floors":[12],"current_hp_per_floor":[50,43,49,43,43,24,44,50,50,10,10,10,10,26,26,0,0],"gold":187,"neow_bonus":"REMOVE_TWO","is_daily":false,"chose_seed":false,"campfire_upgraded":1,"win_rate":0.0,"timestamp":1608772551,"path_taken":["M","?","M","M","?","E","R","?","T","E","?","$","?","M","R","BOSS"],"items_purchased_type":["Potion"],"build_version":"2020-12-22","purchased_purges":0,"victory":false,"max_hp_per_floor":[75,75,75,75,68,68,68,68,68,68,68,68,68,68,68,68,68],"relic_stats":{"counters":[8,29],"Golden Idol":25,"Bird Faced Urn":[0],"Bronze Scales":[12],"Turnip":[0],"obtain_stats":[{"Calipers":6,"Golden Idol":5,"Bird Faced Urn":10,"Bronze Scales":11,"Turnip":9,"Odd Mushroom":8,"Burning Blood":0},{"Calipers":4,"Golden Idol":3,"Bird Faced Urn":6,"Bronze Scales":6,"Turnip":5,"Odd Mushroom":5,"Burning Blood":0},{"Calipers":12,"Golden Idol":8,"Bird Faced Urn":22,"Bronze Scales":22,"Turnip":14,"Odd Mushroom":14,"Burning Blood":0}],"Burning Blood":42},"card_choices":[{"not_picked":["Iron Wave","Shrug It Off"],"picked":"Perfected Strike","floor":1},{"not_picked":["Clothesline","Body Slam","Thunderclap"],"picked":"SKIP","floor":3},{"not_picked":["Havoc","Cleave","Reckless Charge"],"picked":"SKIP","floor":4},{"not_picked":["Havoc","Reckless Charge"],"picked":"Cleave","floor":4},{"not_picked":["Spot Weakness","Flex"],"picked":"Offering","floor":6},{"not_picked":["Dropkick","Rupture"],"picked":"Perfected Strike","floor":8},{"not_picked":["Headbutt","Pommel Strike"],"picked":"Perfected Strike","floor":10},{"not_picked":["Anger","Thunderclap","Armaments"],"picked":"SKIP","floor":14}],"player_experience":1255403,"relics_obtained":[{"floor":6,"key":"Calipers"},{"floor":8,"key":"Odd Mushroom"},{"floor":9,"key":"Turnip"},{"floor":10,"key":"Bird Faced Urn"},{"floor":11,"key":"Bronze Scales"}],"event_choices":[{"cards_removed":["Defend_R"],"damage_healed":0,"gold_gain":0,"player_choice":"Card Removal","damage_taken":7,"max_hp_gain":0,"max_hp_loss":0,"event_name":"Golden Wing","floor":2,"gold_loss":0},{"damage_healed":0,"gold_gain":0,"player_choice":"Lose Max HP","damage_taken":0,"relics_obtained":["Golden Idol"],"max_hp_gain":0,"max_hp_loss":7,"event_name":"Golden Idol","floor":5,"gold_loss":0},{"damage_healed":0,"gold_gain":0,"player_choice":"Fought Mushrooms","damage_taken":0,"max_hp_gain":0,"max_hp_loss":0,"event_name":"Mushrooms","floor":8,"gold_loss":0},{"damage_healed":0,"gold_gain":0,"player_choice":"Fled","damage_taken":0,"max_hp_gain":0,"max_hp_loss":0,"event_name":"Scrap Ooze","floor":13,"gold_loss":0}],"is_beta":false,"boss_relics":[],"items_purged_floors":[],"is_endless":false,"potions_floor_spawned":[3,6,14],"killed_by":"The Guardian","ascension_level":20}}