{"host":"gvhxj4mzhoewha5t","time":1608806735,"event":{"mods":["2.2 Compatiblity","AchievementEnabler","BaseMod","Better Altar","Better Match","Better Note","Better Sensory Stone","Better Skull","Better Third Choice","Better Vampires","BetterRewards","CapriCore","Colored Map","Disable Question Mark Monsters","Downfall","Emptier Cage","GifTheSpireLib","Hermit","Marked Mod","Minty Spire (QoL Compilation)","Quick Restart","Rare Cards Sparkle","Robot Space Explorer","Spicy Shops","StSLib","The Immortal"],"gold_per_floor":[99,9,9,26,42,58,83,93,113,113,147,37,37,49,62,62,62,62],"floor_reached":16,"playtime":2529,"items_purged":[],"score":104,"play_id":"a52e4008-39cd-4c02-a82c-976de66bd683","local_time":"20201224054535","is_ascension_mode":false,"campfire_choices":[{"floor":1,"key":"RECALL"},{"data":"sneckomod:Unknown0Cost","floor":10,"key":"SMITH"},{"floor":13,"key":"REST"}],"circlet_count":0,"master_deck":["hexamod:Strike","hexamod:Strike","hexamod:Strike","hexamod:Strike","hexamod:Defend","hexamod:Defend","hexamod:Defend","hexamod:Defend","hexamod:Sear","hexamod:Float","hexamod:FirstSeal","hexamod:FourthSeal","sneckomod:Unknown0Cost+1","hexamod:GhostLash","hexamod:FastForward","hexamod:CatchUp","hexamod:VolcanoVisage","hexamod:FastForward","hexamod:FifthSeal","hexamod:ChargedBarrage","hexamod:ExtraCrispy","hexamod:SixthSeal","hexamod:AdvancingGuard"],"relics":["hexamod:SpiritBrand","Bronze Scales","Bottled Lightning"],"acts_visited":["Exordium"],"potions_floor_usage":[8,9,11,11,11,16,16,16],"damage_taken":[{"damage":0,"enemies":"downfall:FleeingMerchant","floor":2,"turns":4},{"damage":0,"enemies":"Cultist","floor":4,"turns":3},{"damage":7,"enemies":"Jaw Worm","floor":5,"turns":3},{"damage":7,"enemies":"2 Louse","floor":6,"turns":2},{"damage":11,"enemies":"Gremlin Gang","floor":8,"turns":4},{"damage":2,"enemies":"3 Louse","floor":9,"turns":1},{"damage":56,"enemies":"3 Sentries","floor":11,"turns":11},{"damage":0,"enemies":"downfall:FleeingMerchant","floor":12,"turns":4},{"damage":9,"enemies":"Exordium Wildlife","floor":14,"turns":4},{"damage":14,"enemies":"2 Fungi Beasts","floor":15,"turns":5},{"damage":25,"enemies":"downfall:Watcher","floor":16,"turns":5}],"seed_played":"3005055385623597820","potions_obtained":[{"floor":4,"key":"Strength Potion"},{"floor":4,"key":"LiquidMemories"},{"floor":5,"key":"hexamod:InfernoChargePotion"},{"floor":6,"key":"EntropicBrew"},{"floor":6,"key":"Swift Potion"},{"floor":8,"key":"Slimebound:ThreeZeroPotion"},{"floor":9,"key":"SneckoOil"},{"floor":11,"key":"Dexterity Potion"},{"floor":12,"key":"Ancient Potion"},{"floor":14,"key":"BlessingOfTheForge"}],"is_trial":false,"path_per_floor":["R","$","?","M","M","M","T","M","M","R","E","$","R","M","M","B"],"character_chosen":"THE_SPIRIT","items_purchased":["hexamod:FourthSeal","hexamod:ChargedBarrage"],"campfire_rested":1,"item_purchase_floors":[2,12],"current_hp_per_floor":[70,70,70,70,70,63,63,59,57,57,8,8,29,27,20,0,0,0],"gold":62,"neow_bonus":"RANDOM_COMMON_RELIC","is_daily":false,"chose_seed":false,"campfire_upgraded":1,"win_rate":0.0,"timestamp":1608806735,"path_taken":["R","?","?","M","M","M","T","M","?","R","E","?","R","?","M","BOSS"],"items_purchased_type":["Card","Card"],"build_version":"2020-12-22","purchased_purges":0,"victory":false,"max_hp_per_floor":[70,70,70,70,70,70,70,70,70,70,70,70,70,70,70,70,70,70],"card_choices":[{"not_picked":["hexamod:Again","hexamod:BurningTouch"],"picked":"hexamod:FirstSeal","floor":2},{"not_picked":["hexamod:NightmareGuise","hexamod:ShieldOfDarkness"],"picked":"hexamod:GhostLash","floor":4},{"not_picked":["hexamod:PhantomFireball","hexamod:NightmareStrike"],"picked":"hexamod:FastForward","floor":5},{"not_picked":["hexamod:HeatMetal","hexamod:Hexaguard"],"picked":"hexamod:CatchUp","floor":6},{"not_picked":["hexamod:InspiringFlames","hexamod:SpectersWail"],"picked":"hexamod:VolcanoVisage","floor":8},{"not_picked":["hexamod:SwordOfDarkness","hexamod:BacktrackSmack","hexamod:ShieldOfDarkness"],"picked":"SKIP","floor":9},{"not_picked":["hexamod:GhostShield","hexamod:SpectersWail"],"picked":"hexamod:FastForward","floor":11},{"not_picked":["hexamod:SecondSeal","hexamod:RainOfEmbers"],"picked":"hexamod:FifthSeal","floor":12},{"not_picked":["hexamod:SwordOfDarkness","hexamod:GhostflameBarrier"],"picked":"hexamod:ExtraCrispy","floor":14},{"not_picked":["hexamod:FirstSeal","hexamod:FourthSeal"],"picked":"hexamod:SixthSeal","floor":15},{"not_picked":["hexamod:ThermalTransfer","hexamod:SpectersWail"],"picked":"hexamod:AdvancingGuard","floor":15}],"player_experience":352485,"relics_obtained":[{"floor":11,"key":"Bottled Lightning"}],"event_choices":[{"cards_removed":["hexamod:FirstSeal"],"damage_healed":0,"gold_gain":0,"player_choice":"Take \u0026 Give","damage_taken":0,"max_hp_gain":0,"max_hp_loss":0,"event_name":"betterNote:BetterNote","floor":3,"gold_loss":0,"cards_obtained":["sneckomod:Unknown0Cost"]}],"is_beta":false,"boss_relics":[],"items_purged_floors":[],"is_endless":false,"potions_floor_spawned":[4,5,6,9,11,15],"killed_by":"downfall:Watcher","ascension_level":0}}