{"host":"5fasz840ryq7obdf","time":1608829231,"event":{"mods":["AchievementEnabler","BaseMod","Bestiary","Better Altar","Better Skull","Better Third Choice","BetterRewards","Block Reminder","Colored Powertips","Curses Come First","Minty Spire (QoL Compilation)","Quick Restart","Relic Stats","Shop Mod","Spicy Shops","StSLib"],"gold_per_floor":[116,42,63,9,19,56,76,117,165,185,198,233,233,271,271,355,364,383,383,24,24,24,63,63,106,187,218,262,290,318,9,9,91,91,129,155,21,51,84,124,197,238,238,256,298,298,327,348,348,348,348,348],"floor_reached":51,"playtime":3085,"items_purged":["Normality","Defend_R"],"score":1954,"play_id":"eb7bd0a9-12df-4b75-999f-5db80a930985","local_time":"20201224170031","is_ascension_mode":true,"campfire_choices":[{"data":"Immolate","floor":13.0,"key":"SMITH"},{"data":"Bludgeon","floor":15.0,"key":"SMITH"},{"data":"Dark Embrace","floor":24.0,"key":"SMITH"},{"data":"Offering","floor":32.0,"key":"SMITH"},{"floor":46.0,"key":"RECALL"},{"data":"Brutality","floor":49.0,"key":"SMITH"}],"circlet_count":0,"master_deck":["AscendersBane","Strike_R","Strike_R","Strike_R+1","Strike_R","Strike_R+1","Defend_R","Defend_R","Defend_R","Bash","True Grit","Inflame","Panache","Offering+1","Inflame","Inflame","Shrug It Off","Immolate+1","Heavy Blade","Immolate","Power Through","Dual Wield","Bludgeon+1","Fiend Fire","CurseOfTheBell","Bloodletting+1","Pummel","Shockwave+1","Dark Embrace+1","Shrug It Off+1","Headbutt","Battle Trance+1","Sentinel+1","Demon Form","Offering+1","True Grit+1","True Grit+1","Seeing Red+1","Secret Technique+1","Fire Breathing","Limit Break+1","Shrug It Off+1","Evolve","Combust","Power Through+1","Bloodletting+1","Thunderclap","Shrug It Off+1","Warcry+1","Seeing Red+1","Madness+1","Madness+1","Brutality+1","Burning Pact+1","Pummel"],"relics":["Burning Blood","Membership Card","PreservedInsect","Matryoshka","Happy Flower","Ginger","CeramicFish","Art of War","Eternal Feather","Smiling Mask","Whetstone","Darkstone Periapt","Bottled Lightning","Calling Bell","betterAltar:BloodRelic","Toxic Egg 2","Prayer Wheel","Tiny Chest","Vajra","Red Skull","Bloody Idol","Toy Ornithopter","Omamori","Nunchaku","Ornamental Fan","Paper Frog","Self Forming Clay","OrangePellets","Cursed Key","Brimstone","Letter Opener","Bronze Scales","TungstenRod","Thread and Needle"],"acts_visited":["Exordium","TheCity","TheBeyond"],"potions_floor_usage":[50,50],"damage_taken":[{"damage":7.0,"enemies":"Cultist","floor":1.0,"turns":4.0},{"damage":9.0,"enemies":"2 Louse","floor":3.0,"turns":3.0},{"damage":7.0,"enemies":"Jaw Worm","floor":5.0,"turns":3.0},{"damage":7.0,"enemies":"3 Sentries","floor":6.0,"turns":4.0},{"damage":0.0,"enemies":"Gremlin Gang","floor":7.0,"turns":2.0},{"damage":6.0,"enemies":"Gremlin Nob","floor":8.0,"turns":2.0},{"damage":6.0,"enemies":"Exordium Wildlife","floor":10.0,"turns":2.0},{"damage":13.0,"enemies":"Blue Slaver","floor":11.0,"turns":2.0},{"damage":16.0,"enemies":"Lagavulin","floor":12.0,"turns":4.0},{"damage":6.0,"enemies":"Gremlin Nob","floor":14.0,"turns":1.0},{"damage":7.0,"enemies":"Slime Boss","floor":16.0,"turns":6.0},{"damage":6.0,"enemies":"Chosen","floor":18.0,"turns":2.0},{"damage":10.0,"enemies":"Slavers","floor":23.0,"turns":3.0},{"damage":6.0,"enemies":"Gremlin Leader","floor":25.0,"turns":3.0},{"damage":10.0,"enemies":"Shell Parasite","floor":27.0,"turns":3.0},{"damage":56.0,"enemies":"Book of Stabbing","floor":28.0,"turns":5.0},{"damage":9.0,"enemies":"Centurion and Healer","floor":29.0,"turns":3.0},{"damage":44.0,"enemies":"Snake Plant","floor":30.0,"turns":3.0},{"damage":48.0,"enemies":"Automaton","floor":33.0,"turns":5.0},{"damage":27.0,"enemies":"3 Darklings","floor":35.0,"turns":2.0},{"damage":9.0,"enemies":"3 Shapes","floor":36.0,"turns":2.0},{"damage":24.0,"enemies":"Writhing Mass","floor":38.0,"turns":3.0},{"damage":23.0,"enemies":"4 Shapes","floor":39.0,"turns":2.0},{"damage":29.0,"enemies":"Reptomancer","floor":40.0,"turns":3.0},{"damage":12.0,"enemies":"Giant Head","floor":42.0,"turns":2.0},{"damage":25.0,"enemies":"Nemesis","floor":45.0,"turns":3.0},{"damage":7.0,"enemies":"Jaw Worm Horde","floor":47.0,"turns":2.0},{"damage":5.0,"enemies":"Sphere and 2 Shapes","floor":48.0,"turns":1.0},{"damage":88,"enemies":"Awakened One","floor":50,"turns":6},{"damage":35,"enemies":"Time Eater","floor":51,"turns":2}],"seed_played":"3903445173947179536","potions_obtained":[{"floor":6.0,"key":"ColorlessPotion"},{"floor":7.0,"key":"AttackPotion"},{"floor":8.0,"key":"ElixirPotion"},{"floor":23.0,"key":"Strength Potion"},{"floor":39.0,"key":"SneckoOil"},{"floor":40.0,"key":"LiquidBronze"},{"floor":42.0,"key":"Dexterity Potion"},{"floor":48.0,"key":"BloodPotion"}],"is_trial":false,"path_per_floor":["M","$","M","$","M","E","M","E","T","M","M","E","R","E","R","B",null,"M","?","$","?","?","E","R","E","T","M","E","M","M","$","R","B",null,"M","M","$","M","M","E","T","E","T","?","E","R","M","M","R","B","B"],"character_chosen":"IRONCLAD","items_purchased":["Membership Card","PreservedInsect","Matryoshka","Happy Flower","Ginger","True Grit","Inflame","Panache","Offering","CeramicFish","Inflame","Immolate","Heavy Blade","Tiny Chest","Vajra","Red Skull","Pummel","Shockwave+1","Dark Embrace","Shrug It Off+1","Self Forming Clay","Secret Technique+1","OrangePellets","Fire Breathing","Brimstone"],"campfire_rested":0,"item_purchase_floors":[0,0,0,0,0,0,0,0,0,2,2,4,4,20,20,20,20,20,20,20,31,31,31,31,37],"current_hp_per_floor":[32,32,29,29,28,27,33,33,33,33,26,16,28,28,40,39,72,74,74,74,25,25,35,53,67,72,81,41,57,33,43,67,43,72,71,81,81,78,79,68,73,81,81,77,72,81,81,81,81,25,0,0],"gold":348,"neow_bonus":"","is_daily":false,"chose_seed":false,"campfire_upgraded":5,"win_rate":0.0,"timestamp":1608829231,"path_taken":["M","?","M","$","?","E","M","E","T","M","M","E","R","E","R","BOSS","M","?","$","?","?","E","R","E","T","M","E","M","M","?","R","BOSS","M","M","$","M","M","E","?","E","T","?","E","R","M","M","R","BOSS","BOSS"],"items_purchased_type":["Relic","Relic","Relic","Relic","Relic","Card","Card","Card","Card","Relic","Card","Card","Card","Relic","Relic","Relic","Card","Card","Card","Card","Relic","Card","Relic","Card","Relic"],"build_version":"2020-12-22","purchased_purges":2,"victory":false,"max_hp_per_floor":[75,75,75,75,75,75,75,75,75,75,75,75,75,75,75,75,81,81,81,81,81,81,81,81,81,81,81,81,81,81,81,81,81,81,81,81,81,81,81,81,81,81,81,81,81,81,81,81,81,81,81,81],"relic_stats":{"Darkstone Periapt":6,"Happy Flower":[29],"counters":[40,127],"Self Forming Clay":[135],"CeramicFish":360,"Eternal Feather":75,"PreservedInsect":479,"Ginger":[3],"Whetstone":["Strike_R","Strike_R"],"Letter Opener":[86],"Smiling Mask":0,"Cursed Key":2,"Burning Blood":227,"OrangePellets":[4],"Nunchaku":[7],"Ornamental Fan":[24],"Bloody Idol":187,"Bronze Scales":[37],"Prayer Wheel":10,"Tiny Chest":1,"Art of War":[5],"obtain_stats":[{"Darkstone Periapt":12,"Lantern":9,"CeramicFish":2,"Vajra":20,"Ginger":0,"Whetstone":9,"Smiling Mask":9,"Cursed Key":34,"Burning Blood":0,"Blood Vial":17,"Nunchaku":26,"Matryoshka":0,"Prayer Wheel":17,"Tiny Chest":20,"HandDrill":0,"Toxic Egg 2":0,"Red Skull":20,"Paper Frog":28,"Happy Flower":0,"betterAltar:BloodRelic":21,"Self Forming Clay":31,"Eternal Feather":8,"Thread and Needle":45,"Pen Nib":0,"PreservedInsect":0,"Omamori":25,"Letter Opener":40,"Frozen Egg 2":0,"Odd Mushroom":10,"Question Card":14,"Calling Bell":17,"Strange Spoon":0,"OrangePellets":31,"Ornamental Fan":26,"Brimstone":37,"Bloody Idol":21,"Bronze Scales":42,"Art of War":6,"Membership Card":0,"Bottled Lightning":14,"Toy Ornithopter":23,"TungstenRod":43},{"Darkstone Periapt":19,"Lantern":4,"CeramicFish":11,"Vajra":22,"Ginger":10,"Whetstone":16,"Smiling Mask":16,"Cursed Key":29,"Burning Blood":0,"Blood Vial":21,"Nunchaku":24,"Matryoshka":10,"Prayer Wheel":21,"Tiny Chest":22,"HandDrill":0,"Toxic Egg 2":0,"Red Skull":22,"Paper Frog":26,"Happy Flower":10,"betterAltar:BloodRelic":22,"Self Forming Clay":28,"Eternal Feather":16,"Thread and Needle":36,"Pen Nib":0,"PreservedInsect":10,"Omamori":24,"Letter Opener":34,"Frozen Egg 2":0,"Odd Mushroom":5,"Question Card":9,"Calling Bell":21,"Strange Spoon":0,"OrangePellets":28,"Ornamental Fan":24,"Brimstone":31,"Bloody Idol":22,"Bronze Scales":35,"Art of War":14,"Membership Card":10,"Bottled Lightning":20,"Toy Ornithopter":23,"TungstenRod":35},{"Darkstone Periapt":65,"Lantern":11,"CeramicFish":43,"Vajra":74,"Ginger":39,"Whetstone":57,"Smiling Mask":57,"Cursed Key":99,"Burning Blood":0,"Blood Vial":72,"Nunchaku":80,"Matryoshka":39,"Prayer Wheel":72,"Tiny Chest":74,"HandDrill":0,"Toxic Egg 2":0,"Red Skull":74,"Paper Frog":88,"Happy Flower":39,"betterAltar:BloodRelic":74,"Self Forming Clay":94,"Eternal Feather":57,"Thread and Needle":116,"Pen Nib":0,"PreservedInsect":39,"Omamori":80,"Letter Opener":111,"Frozen Egg 2":0,"Odd Mushroom":14,"Question Card":33,"Calling Bell":72,"Strange Spoon":0,"OrangePellets":94,"Ornamental Fan":80,"Brimstone":103,"Bloody Idol":74,"Bronze Scales":113,"Art of War":53,"Membership Card":39,"Bottled Lightning":66,"Toy Ornithopter":77,"TungstenRod":113}],"Toy Ornithopter":15,"TungstenRod":22},"card_choices":[{"not_picked":["Evolve","Thunderclap"],"picked":"Inflame","floor":1.0},{"not_picked":["Evolve","Cleave"],"picked":"Shrug It Off","floor":3.0},{"not_picked":["Thunderclap","Clash","Clothesline"],"picked":"SKIP","floor":5.0},{"not_picked":["Feel No Pain","Heavy Blade"],"picked":"Immolate","floor":6.0},{"not_picked":["Inflame","Sentinel"],"picked":"Power Through","floor":7.0},{"not_picked":["Clash","Clothesline"],"picked":"Dual Wield","floor":8.0},{"not_picked":["Dual Wield","Iron Wave","Clash"],"picked":"SKIP","floor":10.0},{"not_picked":["Armaments","Ghostly Armor","Rage"],"picked":"SKIP","floor":11.0},{"not_picked":["Twin Strike","Infernal Blade","Clothesline"],"picked":"SKIP","floor":12.0},{"not_picked":["Feel No Pain","Ghostly Armor"],"picked":"Bludgeon","floor":14.0},{"not_picked":["Exhume","Barricade"],"picked":"Fiend Fire","floor":16.0},{"not_picked":["Cleave","Twin Strike"],"picked":"Bloodletting+1","floor":18.0},{"not_picked":["Hemokinesis","Entrench+1","Sword Boomerang"],"picked":"SKIP","floor":18.0},{"not_picked":["Flex+1","Anger"],"picked":"Headbutt","floor":23.0},{"not_picked":["Wild Strike","Bloodletting+1"],"picked":"Battle Trance+1","floor":25.0},{"not_picked":["Burning Pact+1","Power Through+1"],"picked":"Sentinel+1","floor":27.0},{"not_picked":["Flame Barrier+1","Warcry+1"],"picked":"Demon Form","floor":27.0},{"not_picked":["Pummel","Headbutt"],"picked":"Offering+1","floor":28.0},{"not_picked":["Sword Boomerang","Havoc+1"],"picked":"True Grit+1","floor":29.0},{"not_picked":["Hemokinesis","Headbutt"],"picked":"True Grit+1","floor":29.0},{"not_picked":["Flame Barrier+1","Anger"],"picked":"Seeing Red+1","floor":30.0},{"not_picked":["Uppercut","Flex+1","Havoc+1"],"picked":"SKIP","floor":30.0},{"not_picked":["Barricade","Impervious+1"],"picked":"Limit Break+1","floor":33.0},{"not_picked":["Flex+1","Wild Strike"],"picked":"Shrug It Off+1","floor":35.0},{"not_picked":["Heavy Blade","Flex+1"],"picked":"Evolve","floor":35.0},{"not_picked":["Entrench+1","Armaments+1"],"picked":"Combust","floor":36.0},{"not_picked":["Heavy Blade","Flame Barrier+1","True Grit+1"],"picked":"SKIP","floor":36.0},{"not_picked":["Flex+1","Wild Strike"],"picked":"Power Through+1","floor":38.0},{"not_picked":["Pommel Strike+1","Fire Breathing+1"],"picked":"Bloodletting+1","floor":38.0},{"not_picked":["Disarm+1","Heavy Blade"],"picked":"Thunderclap","floor":39.0},{"not_picked":["Ghostly Armor+1","Thunderclap"],"picked":"Shrug It Off+1","floor":39.0},{"not_picked":["Sword Boomerang","Body Slam+1"],"picked":"Warcry+1","floor":40.0},{"not_picked":["Clash","Armaments+1"],"picked":"Seeing Red+1","floor":42.0},{"not_picked":["Whirlwind","Rage+1"],"picked":"Brutality","floor":45.0},{"not_picked":["Body Slam","Thunderclap"],"picked":"Burning Pact+1","floor":47.0},{"not_picked":["Clothesline","Sever Soul+1","Spot Weakness+1"],"picked":"SKIP","floor":47.0},{"not_picked":["Heavy Blade","Sword Boomerang"],"picked":"Pummel","floor":48.0},{"not_picked":["Disarm+1","Carnage+1","Flex+1"],"picked":"SKIP","floor":48.0}],"player_experience":1042702,"relics_obtained":[{"floor":6.0,"key":"Art of War"},{"floor":8.0,"key":"Eternal Feather"},{"floor":9.0,"key":"Smiling Mask"},{"floor":9.0,"key":"Whetstone"},{"floor":12.0,"key":"Darkstone Periapt"},{"floor":14.0,"key":"Bottled Lightning"},{"floor":17.0,"key":"Blood Vial"},{"floor":17.0,"key":"Toxic Egg 2"},{"floor":17.0,"key":"Prayer Wheel"},{"floor":23.0,"key":"Toy Ornithopter"},{"floor":25.0,"key":"Omamori"},{"floor":26.0,"key":"Nunchaku"},{"floor":26.0,"key":"Ornamental Fan"},{"floor":28.0,"key":"Paper Frog"},{"floor":40.0,"key":"Letter Opener"},{"floor":42.0,"key":"Bronze Scales"},{"floor":43.0,"key":"TungstenRod"},{"floor":45.0,"key":"Thread and Needle"}],"event_choices":[{"damage_healed":0.0,"max_hp_gain":0.0,"max_hp_loss":0.0,"gold_gain":0.0,"event_name":"Ghosts","player_choice":"Ignored","floor":19.0,"gold_loss":0.0,"damage_taken":0.0},{"damage_healed":0.0,"max_hp_gain":74.0,"max_hp_loss":25.0,"gold_gain":0.0,"event_name":"betterAltar:BetterAltar","player_choice":" Idol RottenVial ","floor":21.0,"potions_obtained":[],"relics_lost":["Blood Vial"],"gold_loss":0.0,"damage_taken":49.0,"relics_obtained":["Bloody Idol","betterAltar:BloodRelic"]},{"damage_healed":0.0,"max_hp_gain":0.0,"max_hp_loss":0.0,"gold_gain":0.0,"event_name":"Cursed Tome","player_choice":"Ignored","floor":22.0,"gold_loss":0.0,"damage_taken":0.0},{"damage_healed":0.0,"max_hp_gain":0.0,"max_hp_loss":0.0,"gold_gain":0.0,"event_name":"Winding Halls","player_choice":"Embrace Madness","floor":44.0,"gold_loss":0.0,"damage_taken":15.0,"cards_obtained":["Madness","Madness"]}],"is_beta":false,"boss_relics":[{"not_picked":["Runic Pyramid","SlaversCollar"],"picked":"Calling Bell"},{"not_picked":["Sozu","SacredBark"],"picked":"Cursed Key"}],"items_purged_floors":[0,37],"is_endless":false,"potions_floor_spawned":[6,7,8,12,23,25,39,40,42,48],"killed_by":"Time Eater","ascension_level":20}}