{"host":"0hb9w7uizu7y13wj","time":1608851013,"event":{"mods":["Act Like it!","Aspiration","BaseMod","BetterRewards","Colored Map","Conspire","Downfall","Energized Spire","FTL Soundtrack","Friendly Minions","Halation","Hubris","Infinite Spire","Minty Spire (QoL Compilation)","Quick Restart","Replay The Spire","StSLib","Synergy Search","The Factory","The Hierophant","The Jungle","The Poker Player","Trackpad","everything is the same but u backflip on backflip","vexMod"],"gold_per_floor":[114,39,39,52,52,78,78,89,89,124,141,191,191,208,208,303,303,319,319,379,390,453,486,504,531,531,531,511,511,592,670,670,866,866,933,1004,1004,1080,1264,1264,1380,1480,1506,1634,1634,1750,1940,2081,2081,2081,2081,2081,2381,4796,4796],"floor_reached":56,"playtime":2380,"items_purged":["Defend_B"],"score":2056,"play_id":"8b7815e2-6337-4d8b-a479-704ba6d11a3f","local_time":"20201224230333","is_ascension_mode":true,"campfire_choices":[{"data":"Loop","floor":7,"key":"SMITH"},{"data":"Defragment","floor":12,"key":"SMITH"},{"data":"Hologram","floor":15,"key":"SMITH"},{"floor":29,"key":"REST"},{"data":"Storm","floor":32,"key":"SMITH"},{"data":"Echo Form","floor":40,"key":"SMITH"},{"data":"Mirror Shield","floor":45,"key":"SMITH"},{"floor":49,"key":"RECALL"},{"data":"Storm","floor":52,"key":"SMITH"}],"circlet_count":0,"master_deck":["Strike_B","Strike_B","Strike_B","Defend_B","Defend_B","Defend_B","Zap+1","Dualcast","Loop+1","Storm+1","Glacier","Storm+1","Defragment+1","Hologram+1","Mirror Shield+1","Lockon+1","infinitespire:Oblivion","Ball Lightning+1","ReplayTheSpireMod:Calculation Training","hubris:PowerSurge","Undo+1","Coolheaded","Conserve Battery+1","Capacitor","Chill","Cold Snap","Echo Form+1","FIFO Queue+1","Barrage+1","BootSequence+1","Double Energy","hubris:Ukulele+1","All For One","Hologram+1","ReplaySolidLightProjector+1","White Noise+1","Creative AI","Hologram+1","Coolheaded","Defragment","Defragment+1"],"relics":["Cracked Core","Eternal Feather","hubris:MobiusCoin","Prayer Wheel","PreservedInsect","vexMod:DeviousBotling","Bag of Preparation","Smiling Mask","hubris:SoftwareUpdate","WingedGreaves","Guardian:PocketSentry","trackpad:CultistFigurine","infinitespire:EvilPickle","Painkiller Herb","halation:Gekota","trackpad:ByrdCharm","infinitespire:FocusingShard","hubris:NiceRug","Geode","Carrot","trackpad:WritersBlock"],"acts_visited":["Exordium","TheCity","TheBeyond","TheEnding"],"potions_floor_usage":[6,16,16,16,16,16,16,25,33,33,55],"damage_taken":[{"damage":1,"enemies":"Cultist","floor":1,"turns":3},{"damage":0,"enemies":"Small Slimes","floor":4,"turns":3},{"damage":10,"enemies":"3 Sentries","floor":6,"turns":9},{"damage":0,"enemies":"2 Louse","floor":8,"turns":2},{"damage":7,"enemies":"Replay:BlueRogue","floor":10,"turns":9},{"damage":6,"enemies":"2 Fungi Beasts","floor":11,"turns":3},{"damage":1,"enemies":"Exordium Wildlife","floor":14,"turns":3},{"damage":74,"enemies":"Fading Forest","floor":16,"turns":11},{"damage":0,"enemies":"Spheric Guardian","floor":18,"turns":5},{"damage":2,"enemies":"Shell Parasite","floor":20,"turns":4},{"damage":14,"enemies":"Snake Plant","floor":21,"turns":3},{"damage":7,"enemies":"3 Cultists","floor":22,"turns":3},{"damage":21,"enemies":"Slavers","floor":23,"turns":4},{"damage":19,"enemies":"Centurion and Healer","floor":24,"turns":4},{"damage":0,"enemies":"Gremlin Leader","floor":25,"turns":4},{"damage":0,"enemies":"Book of Stabbing","floor":30,"turns":4},{"damage":9,"enemies":"Slavers","floor":31,"turns":4},{"damage":0,"enemies":"Pondfish","floor":33,"turns":8},{"damage":20,"enemies":"3 Shapes","floor":35,"turns":3},{"damage":0,"enemies":"3 Darklings","floor":36,"turns":4},{"damage":0,"enemies":"Maw","floor":38,"turns":3},{"damage":3,"enemies":"Sphere and 2 Shapes","floor":39,"turns":3},{"damage":0,"enemies":"Reptomancer","floor":41,"turns":4},{"damage":3,"enemies":"R_Hoarder","floor":44,"turns":4},{"damage":2,"enemies":"4 Shapes","floor":46,"turns":4},{"damage":0,"enemies":"Reptomancer","floor":47,"turns":2},{"damage":0,"enemies":"3 Darklings","floor":48,"turns":3},{"damage":0,"enemies":"Replay:Hell Engine","floor":50,"turns":8},{"damage":0,"enemies":"hubris:Merchant","floor":53,"turns":5},{"damage":0,"enemies":"Shield and Spear","floor":54,"turns":7},{"damage":1,"enemies":"The Heart","floor":55,"turns":6}],"seed_played":"-622305813158050332","potions_obtained":[{"floor":4,"key":"Block Potion"},{"floor":6,"key":"EntropicBrew"},{"floor":11,"key":"Regen Potion"},{"floor":14,"key":"Weak Potion"},{"floor":21,"key":"Dexterity Potion"},{"floor":25,"key":"PotionOfCapacity"},{"floor":28,"key":"LifebloodPotion"},{"floor":30,"key":"AttackPotion"},{"floor":35,"key":"Energy Potion"},{"floor":39,"key":"BlessingOfTheForge"}],"is_trial":false,"path_per_floor":["M","$","$","M","?","E","R","M","T","E","M","R","?","M","R","B",null,"M","AVR","M","M","M","E","M","E","T","?","?","R","E","E","R","B",null,"?","?","?","?","?","T","E","?","T","E","T","?","E","?","T","B",null,"T","T","E","B",null],"character_chosen":"DEFECT","items_purchased":["Storm"],"campfire_rested":1,"item_purchase_floors":[2],"current_hp_per_floor":[67,67,67,67,67,57,63,63,63,56,50,59,59,58,67,62,72,72,72,70,56,49,28,9,9,9,9,9,46,46,37,52,52,69,49,49,49,49,46,64,64,64,64,61,75,73,73,73,75,75,75,75,75,75,74],"gold":4796,"neow_bonus":"UPGRADE_CARD","is_daily":false,"chose_seed":false,"campfire_upgraded":7,"win_rate":0.0,"timestamp":1608851013,"path_taken":["M","?","$","M","?","E","R","M","T","E","M","R","?","M","R","BOSS","M","AVR","M","M","M","E","M","E","T","?","?","R","E","E","R","BOSS","?","?","?","?","?","T","E","?","T","E","T","?","E","?","T","BOSS","T","T","E","BOSS"],"items_purchased_type":["Card"],"build_version":"2020-12-22","purchased_purges":1,"victory":true,"max_hp_per_floor":[75,75,75,75,75,75,75,75,75,75,75,75,75,75,75,75,75,75,75,75,75,75,75,75,75,75,75,75,75,75,75,75,75,75,75,75,75,75,75,75,75,75,75,75,75,75,75,75,75,75,75,75,75,75,75],"card_choices":[{"not_picked":["Cold Snap","Hologram"],"picked":"Loop","floor":1},{"not_picked":["Redo","Cold Snap"],"picked":"Glacier","floor":4},{"not_picked":["BasicCrystalCard","Chaos"],"picked":"Storm","floor":6},{"not_picked":["Conserve Battery","Panic Button"],"picked":"ReplayTheSpireMod:Fabricate Wheel","floor":8},{"not_picked":["Go for the Eyes","Beam Cell","Panic Button"],"picked":"SKIP","floor":10},{"not_picked":["Coolheaded","Ball Lightning"],"picked":"Defragment","floor":11},{"not_picked":["White Noise","Beam Cell"],"picked":"Hologram","floor":11},{"not_picked":["Stack","Turbo","Rebound"],"picked":"SKIP","floor":14},{"not_picked":["Gash","Go for the Eyes","ReplayTheSpireMod:Dual Polarity"],"picked":"SKIP","floor":14},{"not_picked":["ReplayRNGCard","Multi-Cast"],"picked":"Mirror Shield","floor":16},{"not_picked":["Cold Snap","ReplaySort"],"picked":"Lockon+1","floor":18},{"not_picked":["Leap","Compile Driver","Melter"],"picked":"SKIP","floor":18},{"not_picked":["Reprogram","Melter+1"],"picked":"Ball Lightning+1","floor":20},{"not_picked":["Barrage","Consume"],"picked":"ReplayTheSpireMod:Calculation Training","floor":20},{"not_picked":["Hologram","Self Repair"],"picked":"hubris:PowerSurge","floor":21},{"not_picked":["Skim+1","Ball Lightning"],"picked":"Undo+1","floor":21},{"not_picked":["Streamline","Ball Lightning"],"picked":"Coolheaded","floor":22},{"not_picked":["Thunder Strike","BasicCrystalCard"],"picked":"Conserve Battery+1","floor":22},{"not_picked":["Barrage","Reprogram"],"picked":"Capacitor","floor":23},{"not_picked":["Fusion","Streamline","Coolheaded"],"picked":"SKIP","floor":24},{"not_picked":["ReplayTheSpireMod:Calculation Training","Gash+1","Streamline"],"picked":"SKIP","floor":24},{"not_picked":["Streamline","Undo"],"picked":"Chill","floor":25},{"not_picked":["Rebound+1","Leap","Beam Cell"],"picked":"SKIP","floor":30},{"not_picked":["White Noise","Hologram"],"picked":"Cold Snap","floor":31},{"not_picked":["Seek","Biased Cognition"],"picked":"Echo Form","floor":33},{"not_picked":["Hologram+1","Cold Snap+1"],"picked":"FIFO Queue+1","floor":35},{"not_picked":["Leap","Gash","Steam"],"picked":"SKIP","floor":35},{"not_picked":["ReplayTheSpireMod:Fabricate Wheel","Conserve Battery"],"picked":"Barrage+1","floor":36},{"not_picked":["ReplayTheSpireMod:Calculation Training","Go for the Eyes+1"],"picked":"BootSequence+1","floor":36},{"not_picked":["Turbo+1","Gash+1"],"picked":"Double Energy","floor":38},{"not_picked":["Melter+1","Turbo"],"picked":"hubris:Ukulele+1","floor":38},{"not_picked":["Cold Snap+1","Rip and Tear"],"picked":"All For One","floor":39},{"not_picked":["BasicCrystalCard","Go for the Eyes+1"],"picked":"Hologram+1","floor":39},{"not_picked":["Redo","Gash+1"],"picked":"ReplaySolidLightProjector+1","floor":41},{"not_picked":["Hello World","Stack","Steam Power+1"],"picked":"SKIP","floor":44},{"not_picked":["Ball Lightning","Beam Cell"],"picked":"White Noise+1","floor":46},{"not_picked":["Ball Lightning","Reprogram","Panic Button+1"],"picked":"SKIP","floor":46},{"not_picked":["Conserve Battery","Crystallizer+1"],"picked":"Creative AI","floor":47},{"not_picked":["Melter","Beam Cell"],"picked":"Hologram+1","floor":48},{"not_picked":["Stack","Cold Snap+1"],"picked":"Coolheaded","floor":48},{"not_picked":[],"picked":"Defragment","floor":53},{"not_picked":["Go for the Eyes"],"picked":"SKIP","floor":53},{"not_picked":["Compile Driver"],"picked":"SKIP","floor":53},{"not_picked":["Leap"],"picked":"SKIP","floor":53},{"not_picked":["ReplayTheSpireMod:Reroute Power"],"picked":"SKIP","floor":53},{"not_picked":["Replay:SS_fish_2"],"picked":"SKIP","floor":53},{"not_picked":["expansioncontent:Corrupt"],"picked":"SKIP","floor":53},{"not_picked":["Leap+1","FTL+1"],"picked":"Defragment+1","floor":54}],"player_experience":901602,"relics_obtained":[{"floor":6,"key":"Eternal Feather"},{"floor":9,"key":"hubris:MobiusCoin"},{"floor":10,"key":"PreservedInsect"},{"floor":23,"key":"Smiling Mask"},{"floor":25,"key":"hubris:SoftwareUpdate"},{"floor":26,"key":"WingedGreaves"},{"floor":30,"key":"Guardian:PocketSentry"},{"floor":31,"key":"trackpad:CultistFigurine"},{"floor":41,"key":"halation:Gekota"},{"floor":44,"key":"trackpad:ByrdCharm"},{"floor":47,"key":"infinitespire:FocusingShard"},{"floor":53,"key":"Geode"},{"floor":53,"key":"Carrot"},{"floor":54,"key":"trackpad:WritersBlock"}],"event_choices":[{"damage_healed":0,"gold_gain":0,"player_choice":"Leave","damage_taken":0,"max_hp_gain":0,"max_hp_loss":0,"event_name":"conspire:Investor","floor":13,"gold_loss":0},{"damage_healed":0,"gold_gain":0,"player_choice":"Bought 1 Potion","damage_taken":0,"max_hp_gain":0,"max_hp_loss":0,"event_name":"The Woman in Blue","floor":28,"gold_loss":0},{"cards_removed":["Strike_B"],"damage_healed":0,"gold_gain":0,"player_choice":"Offered Basic","damage_taken":0,"max_hp_gain":0,"max_hp_loss":0,"event_name":"Bonfire Elementals","floor":37,"gold_loss":0},{"damage_healed":0,"gold_gain":100,"player_choice":"Pray","damage_taken":0,"max_hp_gain":0,"max_hp_loss":0,"event_name":"Golden Shrine","floor":42,"gold_loss":0}],"is_beta":false,"boss_relics":[{"not_picked":["halation:Prosthetics","vexMod:CursedCompass","conspire:RunicOctahedron"]},{"not_picked":["vexMod:RockOfEvil","Pandora\u0027s Box"],"picked":"Painkiller Herb"}],"items_purged_floors":[19],"is_endless":false,"potions_floor_spawned":[4,6,11,14,21,25,30,35,39,47],"ascension_level":7}}