{"host":"vc42n08di9czm3e7","time":1608772160,"event":{"mods":["AchievementEnabler","Act Like it!","BaseMod","Colored Powertips","Downfall","Friendly Minions","GifTheSpireLib","Minty Spire (QoL Compilation)","Rare Cards Sparkle","StSLib"],"gold_per_floor":[99,113,131,161,161,161,161,178,207,220,220,239,251,81,100,100,100],"floor_reached":16,"playtime":753,"items_purged":[],"score":104,"play_id":"e97118fd-d51e-42cc-a11e-642b4a4380ac","local_time":"20201223200920","is_ascension_mode":false,"campfire_choices":[{"data":"sneckomod:SoulDraw","floor":1,"key":"SMITH"},{"data":"sneckomod:SerpentIdol","floor":11,"key":"SMITH"}],"circlet_count":0,"master_deck":["sneckomod:Strike","sneckomod:Strike","sneckomod:Strike","sneckomod:Defend","sneckomod:Defend","sneckomod:Defend","sneckomod:TailWhip","sneckomod:SnekBite","sneckomod:Unknown","sneckomod:SoulDraw+1","sneckomod:WideSting","sneckomod:UnknownClassTHE_CHAMP_GRAY","sneckomod:Cheat","sneckomod:SerpentIdol+1","sneckomod:Cheat","sneckomod:QuickBite","sneckomod:SnakeSap","sneckomod:UnknownClassTHE_CHAMP_GRAY","sneckomod:SlitherStrike","sneckomod:SerpentIdol","sneckomod:UnknownUncommonPower","sneckomod:CheapStock"],"relics":["sneckomod:SneckoSoul","Pantograph","Meat on the Bone","Orrery"],"acts_visited":["Exordium"],"potions_floor_usage":[3,9,16],"damage_taken":[{"damage":12,"enemies":"Small Slimes","floor":2,"turns":3},{"damage":11,"enemies":"Jaw Worm","floor":3,"turns":2},{"damage":7,"enemies":"2 Louse","floor":8,"turns":3},{"damage":10,"enemies":"Gremlin Nob","floor":9,"turns":3},{"damage":32,"enemies":"Exordium Wildlife","floor":10,"turns":5},{"damage":12,"enemies":"Blue Slaver","floor":12,"turns":2},{"damage":0,"enemies":"3 Louse","floor":13,"turns":3},{"damage":0,"enemies":"downfall:FleeingMerchant","floor":14,"turns":4},{"damage":14,"enemies":"Large Slime","floor":15,"turns":7},{"damage":83,"enemies":"downfall:Defect","floor":16,"turns":8}],"seed_played":"8657557968004719102","potions_obtained":[{"floor":2,"key":"Fruit Juice"},{"floor":3,"key":"Fire Potion"},{"floor":10,"key":"sneckomod:MuddlingPotion"},{"floor":13,"key":"Slimebound:ThreeZeroPotion"}],"is_trial":false,"path_per_floor":["R","M","M","?","?","?","T","M","E","M","R","M","M","$","M","B"],"character_chosen":"THE_SNECKO","items_purchased":["Orrery"],"campfire_rested":0,"item_purchase_floors":[14],"current_hp_per_floor":[90,78,73,73,73,73,73,66,56,36,36,45,57,59,57,0,0],"gold":100,"neow_bonus":"THREE_CARDS","is_daily":false,"chose_seed":false,"campfire_upgraded":2,"win_rate":0.0,"timestamp":1608772160,"path_taken":["R","M","M","?","?","?","T","M","E","M","R","?","M","$","M","BOSS"],"items_purchased_type":["Relic"],"build_version":"2020-12-22","purchased_purges":0,"victory":false,"max_hp_per_floor":[90,90,96,96,96,96,96,96,96,96,96,96,96,98,98,98,98],"card_choices":[{"not_picked":["sneckomod:UnknownBlock","sneckomod:SoulRoll"],"picked":"sneckomod:SoulDraw","floor":0},{"not_picked":["sneckomod:Nope","sneckomod:SnekBeam"],"picked":"sneckomod:WideSting","floor":2},{"not_picked":["sneckomod:UnknownUncommonSkill","sneckomod:Nope"],"picked":"sneckomod:UnknownClassTHE_CHAMP_GRAY","floor":3},{"not_picked":["sneckomod:UnknownCommonAttack","sneckomod:DiceBlock"],"picked":"sneckomod:SerpentIdol","floor":8},{"not_picked":["sneckomod:UnknownBlock","sneckomod:UnknownX"],"picked":"sneckomod:Cheat","floor":9},{"not_picked":["sneckomod:UnknownEthereal","sneckomod:UnknownX","sneckomod:DiceCrush"],"picked":"SKIP","floor":10},{"not_picked":["sneckomod:UnknownCommonSkill","sneckomod:DiceBoulder","sneckomod:UnknownClassPURPLE"],"picked":"SKIP","floor":12},{"not_picked":["sneckomod:UnknownClassGUARDIAN","sneckomod:RainOfDice"],"picked":"sneckomod:QuickBite","floor":13},{"not_picked":["sneckomod:SnekBeam","sneckomod:QuickBite"],"picked":"sneckomod:SnakeSap","floor":14},{"not_picked":["sneckomod:SoulRoll","sneckomod:UnknownStrike"],"picked":"sneckomod:UnknownClassTHE_CHAMP_GRAY","floor":14},{"not_picked":["sneckomod:Mudshield","sneckomod:PureSnecko"],"picked":"sneckomod:SlitherStrike","floor":14},{"not_picked":["sneckomod:SlitherStrike","sneckomod:IronFang"],"picked":"sneckomod:SerpentIdol","floor":14},{"not_picked":["sneckomod:UnknownCommonSkill","sneckomod:SoulCleanse"],"picked":"sneckomod:UnknownUncommonPower","floor":14},{"not_picked":["sneckomod:ImprovisedAttack","sneckomod:UnknownCommonAttack"],"picked":"sneckomod:CheapStock","floor":14},{"not_picked":["sneckomod:DiceCrush","sneckomod:UnknownStrike","sneckomod:WideSting"],"picked":"SKIP","floor":15}],"player_experience":193298,"relics_obtained":[{"floor":7,"key":"Pantograph"},{"floor":9,"key":"Meat on the Bone"}],"event_choices":[{"damage_healed":0,"gold_gain":0,"cards_transformed":["sneckomod:Unknown"],"player_choice":"Change","damage_taken":0,"max_hp_gain":0,"max_hp_loss":0,"event_name":"Living Wall","floor":6,"gold_loss":0,"cards_obtained":["sneckomod:Cheat"]}],"is_beta":false,"boss_relics":[],"items_purged_floors":[],"is_endless":false,"potions_floor_spawned":[2,3,10,13],"killed_by":"downfall:Defect","ascension_level":0}}