{"host":"an6uhul3yec8m0jh","time":1608780849,"event":{"mods":["ATMod(阿瑾Mod)","Act Like it!","BaseMod","Colored Map","Colored Powertips","Highlight Path","Minty Spire (QoL Compilation)","MostiFishMod","Quick Restart","StSLib","TestMod","UnlockEverythingMod","Waifu the Spire","noobMod"],"gold_per_floor":[118,133,149,161,174,209,209,242,242,262,274,274,274,299,299,372,372,386,386,311,226,151,177,77,87,167,186,196,231,246,273,273,350,350,362,70,70,90,106,135,135,165,243,93,118,186,20,32,32,32,32,32,32,32,64,64],"floor_reached":57,"playtime":4063,"items_purged":["Strike_G","Strike_G","Strike_G","Defend_G"],"score":3719,"play_id":"8ba945d7-a94d-4e59-9f76-6300f3a339c6","local_time":"20201224113409","is_ascension_mode":true,"campfire_choices":[{"data":"Acrobatics","floor":7.0,"key":"SMITH"},{"data":"Acrobatics","floor":15.0,"key":"SMITH"},{"data":"Calculated Gamble","floor":32,"key":"SMITH"},{"floor":49,"key":"RECALL"},{"data":"MostiFishMod:SephirahHod","floor":53,"key":"SMITH"}],"circlet_count":0,"master_deck":["AscendersBane","Defend_G","Defend_G","Defend_G","Defend_G","Survivor","AT_ChampionStep","Acrobatics+1","AT_ArcaneSupremacy","AT_KneejerkReflex","Backflip","christmas-Death","AT_WindRun+1","MostiFishMod:PerfectParry","Calculated Gamble+1","Acrobatics+1","Terror","MostiFishMod:Dislodge","MostiFishMod:SephirahHod+1","Tactician+1","Reflex+1","AT_EssenceShift","AT_TwilightShroud"],"relics":["Ring of the Snake","ice","testmod-TestBox","AT_ATBox","DianPoetry","testmod-GiftOfSatan","Happy Flower","SynthV:TestCard","testmod-Brilliant","Centennial Puzzle","Shuriken","testmod-CyclicPeriapt","Lizard Tail","MostiFishMod:Hod","DaveBox","ThornShield","AT_RedNoBalance","HornCleat","Matryoshka","Dream Catcher","testmod-Hope","GreenFoldingFan","Lantern","CaptainsWheel","War Paint","Akabeko","PreservedInsect","testmod-IndustrialRevolution","testmod-BalancedPeriapt","ChiLing","Chi","Ling","AT_GoldPhoenixTree"],"acts_visited":["Exordium","TheCity","TheBeyond","TheEnding"],"potions_floor_usage":[],"damage_taken":[{"damage":9.0,"enemies":"Jaw Worm","floor":1.0,"turns":2.0},{"damage":0.0,"enemies":"2 Louse","floor":2.0,"turns":1.0},{"damage":7.0,"enemies":"Small Slimes","floor":3.0,"turns":2.0},{"damage":0.0,"enemies":"2 Fungi Beasts","floor":4.0,"turns":2.0},{"damage":1.0,"enemies":"Blue Slaver","floor":5.0,"turns":2.0},{"damage":15.0,"enemies":"3 Sentries","floor":6.0,"turns":3.0},{"damage":5.0,"enemies":"Lagavulin","floor":8.0,"turns":4.0},{"damage":0.0,"enemies":"Large Slime","floor":10.0,"turns":2.0},{"damage":0.0,"enemies":"Exordium Wildlife","floor":11.0,"turns":1.0},{"damage":0.0,"enemies":"Gremlin Nob","floor":14.0,"turns":2.0},{"damage":0.0,"enemies":"Slime Boss","floor":16.0,"turns":3.0},{"damage":0.0,"enemies":"Spheric Guardian","floor":18.0,"turns":1.0},{"damage":0.0,"enemies":"Book of Stabbing","floor":23.0,"turns":2.0},{"damage":0.0,"enemies":"Chosen","floor":25.0,"turns":1.0},{"damage":0,"enemies":"Snake Plant","floor":27,"turns":1},{"damage":0,"enemies":"Sentry and Sphere","floor":28,"turns":2},{"damage":0,"enemies":"Slavers","floor":29,"turns":1},{"damage":0,"enemies":"Snecko","floor":30,"turns":1},{"damage":0,"enemies":"Book of Stabbing","floor":31,"turns":3},{"damage":0,"enemies":"Automaton","floor":33,"turns":2},{"damage":2,"enemies":"3 Shapes","floor":35,"turns":1},{"damage":4,"enemies":"Orb Walker","floor":38,"turns":2},{"damage":2,"enemies":"3 Darklings","floor":39,"turns":1},{"damage":6,"enemies":"Giant Head","floor":40,"turns":3},{"damage":2,"enemies":"Reptomancer","floor":42,"turns":1},{"damage":6,"enemies":"Nemesis","floor":45,"turns":3},{"damage":7,"enemies":"Writhing Mass","floor":48,"turns":2},{"damage":13,"enemies":"Time Eater","floor":50,"turns":5},{"damage":65,"enemies":"Awakened One","floor":51,"turns":5},{"damage":5,"enemies":"Shield and Spear","floor":55,"turns":1},{"damage":38,"enemies":"The Heart","floor":56,"turns":5}],"seed_played":"-4580861576053469896","potions_obtained":[{"floor":2.0,"key":"Dexterity Potion"},{"floor":4.0,"key":"testmod-TimePotion"},{"floor":11.0,"key":"LiquidMemories"}],"is_trial":false,"path_per_floor":["M","M","M","M","M","E","R","E","T","M","M","?","T","E","R","B",null,"M","?","?","?","$","E","$","M","T","M","M","E","M","E","R","B",null,"M","$","?","M","M","E","?","E","T","$","E","T","$","M","R","B","B",null,"R","$","E","B",null],"character_chosen":"THE_SILENT","items_purchased":["Lantern","ChiLing"],"campfire_rested":0,"item_purchase_floors":[36,47],"current_hp_per_floor":[50,50,67,67,74,59,59,54,54,69,69,62,62,62,62,62,80,80,80,80,80,80,43,43,43,43,53,46,46,46,64,64,50,88,96,96,95,95,95,95,95,95,95,95,95,95,95,95,95,95,51,84,84,84,89,61],"gold":64,"neow_bonus":"RANDOM_COMMON_RELIC","is_daily":false,"chose_seed":false,"campfire_upgraded":4,"win_rate":0.0,"timestamp":1608780849,"path_taken":["M","M","M","M","M","E","R","E","T","M","M","?","?","E","R","BOSS","M","?","?","?","$","E","$","M","T","M","M","E","M","E","R","BOSS","M","$","?","M","M","E","?","E","T","?","E","?","$","M","R","BOSS","BOSS","R","$","E","BOSS"],"items_purchased_type":["Relic","Relic"],"build_version":"2020-12-22","purchased_purges":4,"victory":true,"max_hp_per_floor":[66,66,76,76,81,81,81,81,81,86,86,86,86,86,86,86,86,86,86,86,86,86,86,86,86,86,93,93,93,93,100,100,100,100,100,100,95,95,95,95,95,95,95,95,95,95,95,95,95,95,95,95,95,95,95,95],"card_choices":[{"not_picked":["Deflect","Dagger Throw"],"picked":"Acrobatics","floor":1.0},{"not_picked":["AT_WindFlip","PiercingWail","MostiFishMod:FrostNova","Dagger Spray"],"picked":"AT_ArcaneSupremacy","floor":2.0},{"not_picked":["Prepared","Slice","PiercingWail","AT_TinkerSharpsword"],"picked":"AT_KneejerkReflex","floor":3.0},{"not_picked":["Infinite Blades","Dagger Spray","Bane","Choke"],"picked":"Backflip","floor":4.0},{"not_picked":["christmas-Plague","christmas-War","christmas-Famine","christmas-Death"],"picked":"christmas-Death","floor":4.0},{"not_picked":["Envenom","Quick Slash","MostiFishMod:PoisonShield","Dodge and Roll"],"picked":"AT_WindRun","floor":5.0},{"not_picked":["AT_ArcaneSupremacy","Slice","MostiFishMod:FrostNova","Quick Slash"],"picked":"MostiFishMod:PerfectParry","floor":6.0},{"not_picked":["Choke","PiercingWail","Masterful Stab","Underhanded Strike"],"picked":"Calculated Gamble","floor":8.0},{"not_picked":["Deadly Poison","MostiFishMod:PerfectParry","Dagger Throw","Choke","Underhanded Strike"],"picked":"SKIP","floor":10.0},{"not_picked":["Bane","Slice","Concentrate","MostiFishMod:LethalBlade"],"picked":"Acrobatics","floor":11.0},{"not_picked":["Quick Slash","Underhanded Strike","Dash","Bane"],"picked":"Terror","floor":14.0},{"not_picked":["Envenom","MostiFishMod:Wind","Phantasmal Killer","Bullet Time"],"picked":"MostiFishMod:Dislodge","floor":16.0},{"not_picked":["MostiFishMod:PreservedThorns","Flying Knee","Deflect","Cloak And Dagger","Poisoned Stab+1"],"picked":"SKIP","floor":18.0},{"not_picked":["Predator","AT_KneejerkReflex+1","Finisher","AT_ArcaneSupremacy","Prepared"],"picked":"SKIP","floor":23.0},{"not_picked":["MostiFishMod:PerfectParry","Acrobatics+1","Dodge and Roll","Backflip"],"picked":"Tactician+1","floor":25.0},{"not_picked":["Slice","Glass Knife","Dagger Spray+1","Outmaneuver"],"picked":"Reflex","floor":27},{"not_picked":["Poisoned Stab","AT_KneejerkReflex+1","Deadly Poison+1","Accuracy+1","MostiFishMod:PoisonShield"],"picked":"SKIP","floor":28},{"not_picked":["Poisoned Stab","Prepared","Calculated Gamble","After Image","Blur"],"picked":"SKIP","floor":29},{"not_picked":["Flying Knee","Outmaneuver","Slice","PiercingWail","Predator"],"picked":"SKIP","floor":30},{"not_picked":["Noxious Fumes","Sucker Punch","Doppelganger","Underhanded Strike","Deadly Poison+1"],"picked":"SKIP","floor":31},{"not_picked":["Storm of Steel","Doppelganger","Wraith Form v2","Malaise"],"picked":"AT_EssenceShift","floor":33},{"not_picked":["AT_WomanClash","MostiFishMod:PerfectParry","Reflex","Footwork+1","Concentrate"],"picked":"SKIP","floor":35},{"not_picked":["AT_WomanClash","MostiFishMod:PerfectParry","Reflex","Footwork+1","Concentrate"],"picked":"SKIP","floor":35},{"not_picked":["Dagger Throw","PiercingWail","Dash","Concentrate","MostiFishMod:PerfectParry+1"],"picked":"SKIP","floor":38},{"not_picked":["Prepared","Backstab+1","MostiFishMod:PerfectParry+1","AT_WindFlip"],"picked":"AT_TwilightShroud","floor":39},{"not_picked":["Expertise","Masterful Stab","Skewer","Cloak And Dagger","Dagger Spray+1"],"picked":"SKIP","floor":40},{"not_picked":["MostiFishMod:Wind","Venomology","Dagger Spray+1","Acrobatics","AT_KneejerkReflex"],"picked":"SKIP","floor":42},{"not_picked":["AT_FocusSwordFire+1","MostiFishMod:PreservedThorns+1","Underhanded Strike","Backflip+1","PiercingWail+1"],"picked":"SKIP","floor":45},{"not_picked":["Flying Knee+1","AT_WindFlip","Acrobatics","Bane","Distraction"],"picked":"SKIP","floor":48},{"not_picked":["Prepared+1","Dagger Spray","Dodge and Roll","Poisoned Stab","Outmaneuver"],"picked":"SKIP","floor":55}],"player_experience":161642,"relics_obtained":[{"floor":1.0,"key":"SynthV:TestCard"},{"floor":6.0,"key":"testmod-Brilliant"},{"floor":8.0,"key":"Centennial Puzzle"},{"floor":9.0,"key":"Shuriken"},{"floor":13.0,"key":"testmod-CyclicPeriapt"},{"floor":14.0,"key":"Lizard Tail"},{"floor":23.0,"key":"HornCleat"},{"floor":26.0,"key":"Matryoshka"},{"floor":29,"key":"Dream Catcher"},{"floor":31,"key":"testmod-Hope"},{"floor":40,"key":"CaptainsWheel"},{"floor":42,"key":"War Paint"},{"floor":43,"key":"Akabeko"},{"floor":45,"key":"PreservedInsect"},{"floor":46,"key":"testmod-IndustrialRevolution"},{"floor":46,"key":"testmod-BalancedPeriapt"},{"floor":55,"key":"AT_GoldPhoenixTree"}],"event_choices":[{"cards_removed":["Strike_G"],"damage_healed":0.0,"max_hp_gain":0.0,"max_hp_loss":0.0,"gold_gain":0.0,"event_name":"Golden Wing","player_choice":"Card Removal","floor":12.0,"gold_loss":0.0,"damage_taken":7.0},{"damage_healed":0.0,"max_hp_gain":0.0,"max_hp_loss":0.0,"gold_gain":0.0,"event_name":"给自己的盒子","player_choice":"Swap Relic","floor":19.0,"relics_lost":["DaveBox"],"gold_loss":0.0,"damage_taken":0.0,"relics_obtained":["DaveBox"]},{"cards_removed":["Strike_G"],"damage_healed":0.0,"max_hp_gain":0.0,"max_hp_loss":0.0,"gold_gain":0.0,"event_name":"Beggar","player_choice":"Gave Gold","floor":20.0,"gold_loss":75.0,"damage_taken":0.0},{"damage_healed":0.0,"max_hp_gain":0.0,"max_hp_loss":0.0,"gold_gain":0.0,"event_name":"Addict","player_choice":"Obtained Relic","floor":21.0,"gold_loss":85.0,"damage_taken":0.0,"relics_obtained":["AT_SilverBalance"]},{"damage_healed":0,"gold_gain":0,"player_choice":"Max HP","damage_taken":0,"max_hp_gain":0,"max_hp_loss":5,"event_name":"Winding Halls","floor":37,"gold_loss":0},{"cards_removed":["Neutralize"],"damage_healed":0,"gold_gain":0,"player_choice":"Removed Attack","damage_taken":0,"max_hp_gain":0,"max_hp_loss":0,"event_name":"Falling","floor":41,"gold_loss":0}],"is_beta":false,"boss_relics":[{"not_picked":["testmod-KeyOfTheVoid","AT_TrinityForce"],"picked":"MostiFishMod:Hod"},{"not_picked":["Busted Crown","SlaversCollar"],"picked":"GreenFoldingFan"}],"items_purged_floors":[22,24,36,44],"is_endless":false,"potions_floor_spawned":[2,4,5,11,16,18,28,29,31,33,39,42,45],"ascension_level":20}}