{"host":"3z9xbwjeimmg738z","time":1608789068,"event":{"mods":["2.2 Compatiblity","Act Like it!","AlwaysNeverKeys","Aspiration","Bard","Bartender","BaseMod","Beaked The Cultist","Better Altar","Better Match","Better Note","Better Sensory Stone","Better Skull","Better Third Choice","CapriCore","ChefMod","Colored Powertips","Defuse TimeMaze Blight","Dio Mod","Displayed Cursed Tome","Emptier Cage","Faster Ascension Climbing","Fiend Mod","Gensokyo","GifTheSpireLib","Hallownest","Hubris","JesterMod","KinomotoSakuraMod(????)","Koishi","Mari Mod (Legacy)","Mari\u0027s V1 Patch","Marisa????????","Minty Spire (QoL Compilation)","Pale of the Ancients","Permanent Neow","Replay The Spire","Robot Space Explorer","Shop Mod","StSLib","Stuff the Spire","The Accelerator","The Immortal","The Marked","The Mystic","The Servant 0.9.4","TheArtist","Uncapped","Wandering Minibosses","vexMod"],"gold_per_floor":[118,118,40,40,50,75,75,85,109,29,40,73,86,112,112,215,215,229,0,20,270,367,394,151,186,237,237,19,48,74,86,98,110,110],"floor_reached":33,"playtime":2136,"items_purged":["theMarked:Strike"],"score":358,"play_id":"b6c15457-cdb2-473e-8413-f127ff91a4fd","local_time":"20201223215108","daily_mods":["ControlledChaos"],"is_ascension_mode":true,"campfire_choices":[{"data":"theMarked:MagicAdept","floor":7,"key":"SMITH"},{"data":"theMarked:SoldierOfQuellstein","floor":15,"key":"SMITH"},{"floor":27,"key":"REST"},{"data":"theMarked:WardOff","floor":32,"key":"SMITH"}],"circlet_count":0,"master_deck":["theMarked:Strike","theMarked:Strike","theMarked:Strike+1","theMarked:Strike+1","theMarked:Defend","theMarked:Defend","theMarked:Defend","theMarked:Defend","theMarked:SoldierOfQuellstein+1","theMarked:MagicAdept+1","theMarked:WardOff+1","theMarked:EternalStudent+1","Gensokyo:Shovel","Secret Weapon+1","hubris:Insight","hubris:Insight","theMarked:ComboAttacks","Gensokyo:FourOfAKind","Gensokyo:FourOfAKind","Gensokyo:FourOfAKind","Gensokyo:FourOfAKind"],"relics":["theMarked:ArtifactOfAir","Frozen Eye","Gensokyo:CelestialsFlawlessClothing","StuffTheSpire:EmeraldSignet","StuffTheSpire:GrapeVine","Counterbalance","Bag of Marbles","theMarked:DemonDagger","Sozu","Gremlin Food","ReplayTheSpireMod:ShopPack","Chameleon Ring","Akabeko","Membership Card","MawBank","aspiration:Lifesprig"],"acts_visited":["Gensokyo:Gensokyo","Gensokyo:Gensokyoer"],"potions_floor_usage":[8,14,14,16],"damage_taken":[{"damage":0,"enemies":"Gensokyo:3_Fairies","floor":1,"turns":4},{"damage":1,"enemies":"Gensokyo:Python","floor":5,"turns":4},{"damage":26,"enemies":"Gensokyo:Aya","floor":6,"turns":6},{"damage":3,"enemies":"Gensokyo:Gryphon","floor":8,"turns":4},{"damage":27,"enemies":"Gensokyo:3_Kodama","floor":11,"turns":4},{"damage":4,"enemies":"Gensokyo:Mamizou","floor":12,"turns":6},{"damage":6,"enemies":"Gensokyo:Python_and_Kodama","floor":13,"turns":4},{"damage":14,"enemies":"Gensokyo:Cirno","floor":14,"turns":9},{"damage":32,"enemies":"Gensokyo:Yukari","floor":16,"turns":6},{"damage":0,"enemies":"Gensokyo:Chomper","floor":18,"turns":3},{"damage":10,"enemies":"Gensokyo:3_Dogs","floor":20,"turns":5},{"damage":14,"enemies":"Gensokyo:Reisen","floor":23,"turns":5},{"damage":7,"enemies":"Gensokyo:Koishi","floor":25,"turns":7},{"damage":36,"enemies":"Gensokyo:Tenshi","floor":29,"turns":5},{"damage":26,"enemies":"Gensokyo:Wraith","floor":30,"turns":6},{"damage":61,"enemies":"Gensokyo:Eternal_Rivals","floor":33,"turns":8}],"seed_played":"-595225588949566884","potions_obtained":[{"floor":5,"key":"Milkshake"},{"floor":6,"key":"Flashbang"},{"floor":12,"key":"SteroidPotion"},{"floor":13,"key":"SteroidPotion"},{"floor":14,"key":"Swift Potion"}],"is_trial":true,"path_per_floor":["M","?","COS","?","M","E","R","M","T","?","M","E","M","E","R","B",null,"M","?","M","?","?","E","COS","E","T","R","$","E","M","?","R","B"],"character_chosen":"THE_DEFAULT","items_purchased":["Membership Card","theMarked:ComboAttacks"],"campfire_rested":1,"item_purchase_floors":[28,28],"current_hp_per_floor":[70,53,53,60,59,33,33,30,30,70,45,41,35,33,33,3,70,70,70,60,60,44,30,30,23,23,42,42,12,56,47,47,47,47],"gold":110,"neow_bonus":"","is_daily":false,"chose_seed":false,"campfire_upgraded":3,"win_rate":0.0,"timestamp":1608789068,"path_taken":["M","?","COS","?","M","E","R","M","T","?","M","E","M","E","R","BOSS","M","?","M","?","?","E","COS","E","T","R","$","E","?","?","R","BOSS"],"items_purchased_type":["Relic","Card"],"build_version":"2020-12-22","purchased_purges":1,"victory":false,"max_hp_per_floor":[70,70,70,70,70,70,70,70,70,70,70,70,70,70,70,70,70,70,70,70,66,66,66,66,66,66,66,66,66,66,47,47,47,47],"card_choices":[{"not_picked":["theMarked:Improvise","theMarked:Aftermath","theMarked:GodGivenPower"],"picked":"SKIP","floor":1},{"not_picked":["theMarked:Polarize","theMarked:Static"],"picked":"theMarked:MagicAdept","floor":5},{"not_picked":["theMarked:RepellingDischarge","theMarked:Polarize","theMarked:DeterminationOfTheMarked"],"picked":"SKIP","floor":6},{"not_picked":["theMarked:ChainLightning","theMarked:TwofoldDefense","theMarked:MaelstromOfLightning"],"picked":"SKIP","floor":8},{"not_picked":["theMarked:Static","theMarked:PowerFlow","theMarked:ChannelForce"],"picked":"SKIP","floor":11},{"not_picked":["theMarked:Aftermath","theMarked:BanishingStrike"],"picked":"theMarked:WardOff","floor":12},{"not_picked":["theMarked:Aftermath","theMarked:EmpowerWeapon","theMarked:Static"],"picked":"SKIP","floor":13},{"not_picked":["theMarked:MagicAdept","theMarked:TakeCover","theMarked:CreepingChasm"],"picked":"SKIP","floor":14},{"not_picked":["theMarked:SoldierForm","theMarked:Defy"],"picked":"theMarked:EternalStudent","floor":16},{"not_picked":["theMarked:EmpowerWeapon+1","theMarked:HeightenedSenses","theMarked:Electrocute"],"picked":"SKIP","floor":18},{"not_picked":["theMarked:Aftermath","theMarked:BanishingStrike","theMarked:ParalyzingBlade+1"],"picked":"SKIP","floor":20},{"not_picked":["theMarked:FavorableWinds","theMarked:RepellingDischarge","theMarked:TwofoldDefense+1"],"picked":"SKIP","floor":23},{"not_picked":["vexMod:StairwayStrike","Midas Touch"],"picked":"Secret Weapon","floor":24},{"not_picked":["Magnetism","StuffTheSpire:PlasmaPulse"],"picked":"hubris:Insight","floor":24},{"not_picked":["Violence","Purity"],"picked":"hubris:Insight","floor":24},{"not_picked":["theMarked:Aftermath+1","theMarked:Parkour","theMarked:RepellingDischarge"],"picked":"SKIP","floor":25},{"not_picked":["theMarked:Convert","theMarked:PowerFlow+1","theMarked:ResourceFulStrike+1"],"picked":"SKIP","floor":29},{"not_picked":["theMarked:RepellingDischarge","theMarked:Frustration","theMarked:Electrify"],"picked":"SKIP","floor":30}],"player_experience":407676,"relics_obtained":[{"floor":6,"key":"StuffTheSpire:EmeraldSignet"},{"floor":9,"key":"StuffTheSpire:GrapeVine"},{"floor":12,"key":"Bag of Marbles"},{"floor":14,"key":"theMarked:DemonDagger"},{"floor":23,"key":"Gremlin Food"},{"floor":25,"key":"Chameleon Ring"},{"floor":26,"key":"Akabeko"},{"floor":29,"key":"aspiration:Lifesprig"}],"event_choices":[],"is_beta":false,"boss_relics":[{"not_picked":["Calling Bell","vexMod:FluxCapacitor"],"picked":"Sozu"}],"items_purged_floors":[28],"is_endless":false,"potions_floor_spawned":[5,6,12,13,14,20,23,25],"killed_by":"Gensokyo:Eternal_Rivals","ascension_level":1}}