{"host":"knoo6yq0od847mqf","time":1608827661,"event":{"mods":["BaseMod","Bestiary","CatGirl Mod","Displayed Cursed Tome","Downfall","Duelist Mod","Hubris","Koishi","Marisa????????","Minty Spire (QoL Compilation)","Replay The Spire","StSLib","The Alterego","The Animator","The Blackbeard","The Bug Knight","The Hayseed","The Servant 0.9.4","Wandering Minibosses","Yuri Mod"],"gold_per_floor":[114,114,39,39,50,75,93,111,111,129,129,141,141,152,152,255,255,272,284,301,301,313,313,329,360,360,360,394,413,425,132,132,234,234,253,143,143,156,156,183,183,205,205,205,205,229,229,229,229,229,229,229,28,84,79],"floor_reached":56,"playtime":2767,"items_purged":["CommonCold"],"score":1471,"play_id":"e87973b8-daf0-4bdf-8a59-9d11c19d9120","local_time":"20201224173421","is_ascension_mode":false,"campfire_choices":[{"data":"Koishi:SilentAndRestless","floor":11,"key":"SMITH"},{"data":"Koishi:JumpScare","floor":13,"key":"SMITH"},{"data":"Koishi:PredatoryInstincts","floor":15,"key":"SMITH"},{"data":"Koishi:RacingHeart","floor":23,"key":"SMITH"},{"data":"Koishi:EmbersOfLove","floor":27,"key":"SMITH"},{"data":"Koishi:ImGoingToCallYouNow","floor":32,"key":"SMITH"},{"data":"Koishi:Heartbroken","floor":41,"key":"SMITH"},{"floor":44,"key":"RECALL"},{"data":"Replay:SS_fish_1","floor":47,"key":"SMITH"},{"data":"Koishi:JumpScare","floor":49,"key":"SMITH"},{"data":"Koishi:BramblyRoseGarden","floor":52,"key":"SMITH"}],"circlet_count":0,"master_deck":["Koishi:BasicStrike","Koishi:BasicStrike","Koishi:BasicStrike","Koishi:BasicStrike","Koishi:BasicDefend","Koishi:BasicDefend","Koishi:BasicDefend","Koishi:BasicDefend","Koishi:Provoke","Koishi:HauntingSlash","Koishi:BramblyRoseGarden+1","Koishi:JumpScare+1","Koishi:RacingHeart+1","Koishi:TremblingHands","Koishi:SubconsciousSweep","Koishi:SilentAndRestless+1","Koishi:BramblyRoseGarden","Koishi:PredatoryInstincts+1","Koishi:Heartbroken+1","Koishi:BloodcurdlingScream+1","Koishi:EmbersOfLove+1","Koishi:UnconsciousUprising","Koishi:BloodcurdlingScream","Koishi:RacingHeart+1","Koishi:JumpScare+1","Koishi:ImGoingToCallYouNow+1","Koishi:HeartStoppingHorror+1","Koishi:FidgetySnatcher+1","Koishi:BramblyRoseGarden","Replay:SS_fish_1+1","Wraith","Koishi:Jaunt+1","hubris:Greed","hubris:Greed","Koishi:PredatoryInstincts+1","hubris:Greed","hubris:Greed","Koishi:Untouchable+1","Koishi:RollingInRichesHeart","hubris:Greed","hubris:Greed","hubris:Greed","Koishi:PhantomBarrier","hubris:Greed"],"relics":["Koishi:ImaginaryFriend","NeowsBlessing","Ring of Misfortune","Garlic","Bird Faced Urn","Onion Ring","Sozu","InkBottle","Blue Doll","FossilizedHelix","wanderingMiniBosses:Inkheart","Lantern","ReplayTheSpireMod:TigerMarble","Philosopher\u0027s Stone","Bag of Marbles","hubris:Metronome","hubris:Icosahedron","Pen Nib"],"acts_visited":["Exordium","TheCity","TheBeyond","TheEnding"],"potions_floor_usage":[25,50],"damage_taken":[{"damage":0,"enemies":"Cultist","floor":1,"turns":1},{"damage":0,"enemies":"Jaw Worm","floor":5,"turns":1},{"damage":0,"enemies":"Gremlin Nob","floor":6,"turns":1},{"damage":3,"enemies":"2 Louse","floor":7,"turns":2},{"damage":19,"enemies":"Red Slaver","floor":8,"turns":6},{"damage":0,"enemies":"Gremlin Gang","floor":10,"turns":3},{"damage":0,"enemies":"2 Fungi Beasts","floor":12,"turns":3},{"damage":3,"enemies":"Lots of Slimes","floor":14,"turns":6},{"damage":58,"enemies":"Slime Boss","floor":16,"turns":11},{"damage":1,"enemies":"3 Byrds","floor":18,"turns":6},{"damage":2,"enemies":"Spheric Guardian","floor":19,"turns":6},{"damage":12,"enemies":"Snecko","floor":20,"turns":7},{"damage":8,"enemies":"3 Cultists","floor":22,"turns":3},{"damage":5,"enemies":"Centurion and Healer","floor":24,"turns":5},{"damage":30,"enemies":"Slavers","floor":25,"turns":4},{"damage":0,"enemies":"Gremlin Leader","floor":28,"turns":6},{"damage":0,"enemies":"Chosen and Byrds","floor":29,"turns":6},{"damage":0,"enemies":"Sentry and Sphere","floor":30,"turns":4},{"damage":28,"enemies":"Champ","floor":33,"turns":11},{"damage":0,"enemies":"3 Darklings","floor":35,"turns":4},{"damage":5,"enemies":"3 Shapes","floor":38,"turns":3},{"damage":0,"enemies":"Giant Head","floor":40,"turns":7},{"damage":0,"enemies":"Transient","floor":42,"turns":5},{"damage":0,"enemies":"Maw","floor":46,"turns":5},{"damage":8,"enemies":"hubris:GrandSnecko","floor":50,"turns":6},{"damage":0,"enemies":"Shield and Spear","floor":54,"turns":5},{"damage":0,"enemies":"The Heart","floor":55,"turns":7}],"seed_played":"2468592246528790653","potions_obtained":[{"floor":1,"key":"PowerPotion"},{"floor":7,"key":"Regen Potion"},{"floor":10,"key":"Ancient Potion"}],"is_trial":false,"path_per_floor":["M","?","$","?","M","E","M","M","T","M","R","M","R","M","R","B",null,"M","M","M","?","M","R","M","E","T","R","E","M","M","$","R","B",null,"M","$","?","M","?","E","R","M","T","R","?","M","R","?","R","B",null,"R","$","E","B",null],"character_chosen":"KOISHI","items_purchased":["Lantern","ReplayTheSpireMod:TigerMarble","Koishi:BramblyRoseGarden","Replay:SS_fish_1","Koishi:Untouchable+1","Koishi:RollingInRichesHeart"],"campfire_rested":0,"item_purchase_floors":[31,31,36,36,53,53],"current_hp_per_floor":[60,60,60,60,60,60,58,46,46,48,48,51,51,53,53,7,60,60,58,60,60,56,56,60,58,58,58,60,60,60,60,60,35,60,60,60,60,60,60,60,60,60,60,60,57,57,57,57,57,57,57,57,57,57,57],"gold":79,"neow_bonus":"THREE_ENEMY_KILL","is_daily":false,"chose_seed":false,"campfire_upgraded":10,"win_rate":0.0,"timestamp":1608827661,"path_taken":["M","?","$","?","M","E","M","M","T","M","R","M","R","M","R","BOSS","M","M","?","?","?","R","?","E","T","R","E","M","M","$","R","BOSS","M","$","?","?","?","E","R","M","T","R","?","M","R","?","R","BOSS","R","$","E","BOSS"],"items_purchased_type":["Relic","Relic","Card","Card","Card","Card"],"build_version":"2020-12-22","purchased_purges":1,"victory":true,"max_hp_per_floor":[60,60,60,60,60,60,60,60,60,60,60,60,60,60,60,60,60,60,60,60,60,60,60,60,60,60,60,60,60,60,60,60,60,60,60,60,60,60,60,60,60,60,60,60,57,57,57,57,57,57,57,57,57,57,57],"card_choices":[{"not_picked":["Koishi:DNAsFlaw","Koishi:HeartfeltFancy"],"picked":"Koishi:BramblyRoseGarden","floor":1},{"not_picked":["Koishi:Possession","Koishi:BloodcurdlingScream"],"picked":"Koishi:JumpScare","floor":5},{"not_picked":["Koishi:UnconsciousUrges","Koishi:EmbryosDream"],"picked":"Koishi:RacingHeart","floor":6},{"not_picked":["Koishi:PhantomBarrier","Koishi:HeartfeltFancy"],"picked":"Koishi:TremblingHands","floor":7},{"not_picked":["Koishi:UnansweredLove","Koishi:PhantomBarrier"],"picked":"Koishi:SubconsciousSweep","floor":8},{"not_picked":["Koishi:DreadfulBlow","Koishi:JumpScare"],"picked":"Koishi:SilentAndRestless","floor":10},{"not_picked":["Koishi:Possession","Koishi:JumpScare"],"picked":"Koishi:BramblyRoseGarden","floor":12},{"not_picked":["Koishi:DreadfulBlow","Koishi:Prune"],"picked":"Koishi:PredatoryInstincts","floor":14},{"not_picked":["Koishi:ConfinedInnocent","Koishi:Ego"],"picked":"Koishi:Heartbroken","floor":16},{"not_picked":["Koishi:FreudianInstinct+1","Koishi:JumpScare"],"picked":"Koishi:BloodcurdlingScream+1","floor":18},{"not_picked":["Koishi:PhantomStrike","Koishi:HeartfeltFancy","Koishi:CatchAndRose+1"],"picked":"SKIP","floor":19},{"not_picked":["Koishi:Possession","Koishi:PhantomBarrier","Koishi:Vanish"],"picked":"SKIP","floor":20},{"not_picked":["Koishi:GeneticsOfTheUnconscious+1","Koishi:LastRemote"],"picked":"Koishi:EmbersOfLove","floor":22},{"not_picked":["Koishi:TremblingHands","Koishi:Vanish+1"],"picked":"Koishi:UnconsciousUprising","floor":24},{"not_picked":["Koishi:FourthEye","Koishi:RorschachInDanmaku"],"picked":"Koishi:BloodcurdlingScream","floor":25},{"not_picked":["Koishi:DNAsFlaw","Koishi:Catatonia+1"],"picked":"Koishi:RacingHeart+1","floor":28},{"not_picked":["Koishi:BloodcurdlingScream","Koishi:IdleWhim+1"],"picked":"Koishi:JumpScare","floor":29},{"not_picked":["Koishi:SubterraneanRose+1","Koishi:HeartfeltFancy"],"picked":"Koishi:ImGoingToCallYouNow","floor":30},{"not_picked":["Koishi:RoseHell","Koishi:FormlessExistence"],"picked":"Koishi:HeartStoppingHorror","floor":33},{"not_picked":["Koishi:RacingHeart","Koishi:PhantomStrike+1"],"picked":"Koishi:FidgetySnatcher+1","floor":35},{"not_picked":["Koishi:ReflexRadar","Koishi:IdleWhim","Koishi:DanmakuParanoia+1"],"picked":"SKIP","floor":38},{"not_picked":["Koishi:HeartAttack","Koishi:SilentAndRestless"],"picked":"Koishi:Jaunt+1","floor":40},{"not_picked":["Koishi:TremblingHands+1","Koishi:SpiritedAway+1","Koishi:Prune"],"picked":"SKIP","floor":42},{"not_picked":["Koishi:GeneticsOfTheUnconscious+1","Koishi:Vanish"],"picked":"Koishi:PredatoryInstincts+1","floor":46},{"not_picked":["Koishi:SpiritedAway+1","Koishi:Whimsy"],"picked":"Koishi:PhantomBarrier","floor":54}],"player_experience":235507,"relics_obtained":[{"floor":2,"key":"Ring of Misfortune"},{"floor":6,"key":"Bird Faced Urn"},{"floor":9,"key":"Onion Ring"},{"floor":21,"key":"InkBottle"},{"floor":25,"key":"Blue Doll"},{"floor":28,"key":"FossilizedHelix"},{"floor":29,"key":"wanderingMiniBosses:Inkheart"},{"floor":40,"key":"Bag of Marbles"},{"floor":43,"key":"hubris:Metronome"},{"floor":54,"key":"Pen Nib"}],"event_choices":[{"damage_healed":0,"gold_gain":0,"player_choice":"Gave Potion","damage_taken":0,"relics_obtained":["Garlic"],"max_hp_gain":0,"max_hp_loss":0,"event_name":"WeMeetAgain","floor":4,"gold_loss":0},{"damage_healed":0,"gold_gain":0,"player_choice":"Relic","damage_taken":0,"max_hp_gain":0,"max_hp_loss":0,"event_name":"Wheel of Change","floor":21,"gold_loss":0},{"damage_healed":0,"gold_gain":0,"player_choice":"Upgraded","damage_taken":0,"max_hp_gain":0,"max_hp_loss":0,"event_name":"Upgrade Shrine","floor":37,"gold_loss":0,"cards_upgraded":["Koishi:HeartStoppingHorror"]},{"damage_healed":0,"gold_gain":0,"player_choice":"Ignored","damage_taken":0,"max_hp_gain":0,"max_hp_loss":0,"event_name":"OrinTheCat","floor":39,"gold_loss":0},{"damage_healed":0,"gold_gain":0,"player_choice":"Max HP","damage_taken":0,"max_hp_gain":0,"max_hp_loss":3,"event_name":"Winding Halls","floor":45,"gold_loss":0}],"is_beta":false,"boss_relics":[{"not_picked":["Coffee Dripper","Pandora\u0027s Box"],"picked":"Sozu"},{"not_picked":["Fusion Hammer","Ring of Chaos"],"picked":"Philosopher\u0027s Stone"}],"items_purged_floors":[3],"is_endless":false,"potions_floor_spawned":[1,7,10,19,25,30,33,35,42,54],"ascension_level":0}}