{"host":"f7rb14kzcw8hx1r1","time":1608804431,"event":{"mods":["BaseMod","Better Note","Better Third Choice","Colored Map","Highlight Path","Hubris","Minty Spire (QoL Compilation)","Replay The Spire","StSLib","The Forsaken"],"gold_per_floor":[109,121,196,206,222,222,253,253,253,271,126,159,159,7,7,104,104,121,136,136,147,147,176,176,176,203,65,99,99,99,119,119,222,222,240,290,290,60,80,80,114,114,114,114,132,159,175,190,190,190],"floor_reached":51,"playtime":1859,"items_purged":["Strike_R","Strike_R","Twin Strike+1"],"score":853,"play_id":"e8f30011-db77-43b0-a2bb-281853f9f638","local_time":"20201224110711","is_ascension_mode":false,"campfire_choices":[{"data":"Bash","floor":6,"key":"SMITH"},{"data":"Flame Barrier","floor":8,"key":"SMITH"},{"data":"Spot Weakness","floor":15,"key":"SMITH"},{"data":"Shrug It Off","floor":25,"key":"SMITH"},{"data":"Flex","floor":29,"key":"SMITH"},{"data":"hubris:DuctTapeCard","floor":32,"key":"SMITH"},{"data":"Limit Break","floor":40,"key":"SMITH"},{"data":"Defy Death","floor":42,"key":"SMITH"},{"data":"Hemokinesis","floor":44,"key":"SMITH"},{"data":"Offering","floor":49,"key":"SMITH"}],"circlet_count":0,"master_deck":["Defend_R","Defend_R","Bash+1","Shrug It Off+1","Flame Barrier+1","Hemokinesis+1","Cleave+1","Rampage+1","Iron Wave+1","Sword Boomerang+1","Spot Weakness+1","Sword Boomerang+1","Reaper+1","Seeing Red+1","Brutality+1","Evolve+1","Shrug It Off+1","hubris:ReadiedAction+1","Reckless Charge+1","Sword Boomerang+1","Panacea+1","hubris:DuctTapeCard+2","Limit Break+1","Heavy Blade+1","Defy Death+1","Headbutt+1","Reaper+1","Reaper+1","True Grit+1","Sword Boomerang+1","Offering+1","Pommel Strike+1","Iron Wave+1"],"relics":["Burning Blood","Molten Egg 2","Quantum Egg","hubris:Metronome","Astrolabe","Blue Doll","Boot","Gremlin Food","hubris:DuctTape","ChewingGum","hubris:MedicalManual","hubris:Potato","Blue Candle","Replay:Baseball"],"acts_visited":["Exordium","TheCity","TheBeyond"],"potions_floor_usage":[16,23,28,39,45,50],"damage_taken":[{"damage":1,"enemies":"Cultist","floor":1,"turns":4},{"damage":2,"enemies":"Jaw Worm","floor":2,"turns":4},{"damage":0,"enemies":"Small Slimes","floor":4,"turns":3},{"damage":2,"enemies":"Looter","floor":5,"turns":4},{"damage":17,"enemies":"3 Sentries","floor":7,"turns":9},{"damage":9,"enemies":"Blue Slaver","floor":10,"turns":2},{"damage":16,"enemies":"Gremlin Nob","floor":12,"turns":3},{"damage":4,"enemies":"The Guardian","floor":16,"turns":8},{"damage":2,"enemies":"Chosen","floor":18,"turns":3},{"damage":5,"enemies":"3 Byrds","floor":19,"turns":3},{"damage":20,"enemies":"Centurion and Healer","floor":21,"turns":5},{"damage":39,"enemies":"Slavers","floor":23,"turns":5},{"damage":28,"enemies":"Book of Stabbing","floor":28,"turns":4},{"damage":15,"enemies":"Chosen and Byrds","floor":31,"turns":4},{"damage":27,"enemies":"Automaton","floor":33,"turns":6},{"damage":11,"enemies":"Orb Walker","floor":35,"turns":2},{"damage":32,"enemies":"Mind Bloom Boss Battle","floor":36,"turns":7},{"damage":31,"enemies":"3 Shapes","floor":39,"turns":5},{"damage":14,"enemies":"Giant Head","floor":41,"turns":5},{"damage":17,"enemies":"Jaw Worm Horde","floor":45,"turns":4},{"damage":2,"enemies":"R_Hoarder","floor":46,"turns":4},{"damage":0,"enemies":"Spire Growth","floor":47,"turns":2},{"damage":3,"enemies":"3 Darklings","floor":48,"turns":3},{"damage":24,"enemies":"Awakened One","floor":50,"turns":6}],"seed_played":"5445188293854721487","potions_obtained":[{"floor":2,"key":"ColorlessPotion"},{"floor":10,"key":"Elixir"},{"floor":12,"key":"SteroidPotion"},{"floor":16,"key":"Regen Potion"},{"floor":18,"key":"Strength Potion"},{"floor":33,"key":"Weak Potion"},{"floor":36,"key":"SkillPotion"},{"floor":39,"key":"Block Potion"},{"floor":47,"key":"Elixir"}],"is_trial":false,"path_per_floor":["M","M","?","M","M","R","E","R","T","M","$","E","?","$","R","B",null,"M","M","?","M","?","E","$","R","T","$","E","R","?","M","R","B",null,"M","?","?","$","M","R","E","R","T","R","M","E","M","M","R","B",null],"character_chosen":"IRONCLAD","items_purchased":["Twin Strike+1","Sword Boomerang+1","Sword Boomerang+1","Flex","Panacea+1","Swift Potion","Reaper+1"],"campfire_rested":0,"item_purchase_floors":[11,11,14,27,27,27,38],"current_hp_per_floor":[80,80,69,75,79,79,68,68,68,65,65,55,55,55,55,57,80,80,80,80,80,80,47,47,47,47,47,51,51,51,49,49,68,80,75,64,64,64,80,80,75,75,75,75,72,80,80,80,80,74],"gold":190,"neow_bonus":"RANDOM_EVENT","is_daily":false,"chose_seed":false,"campfire_upgraded":10,"win_rate":0.0,"timestamp":1608804431,"path_taken":["M","M","?","M","M","R","E","R","T","M","$","E","?","$","R","BOSS","M","M","?","M","?","E","$","R","T","$","E","R","?","?","R","BOSS","M","?","?","$","M","R","E","R","T","R","M","E","?","M","R","BOSS"],"items_purchased_type":["Card","Card","Card","Card","Card","Potion","Card"],"build_version":"2020-12-22","purchased_purges":3,"victory":true,"max_hp_per_floor":[80,80,80,80,80,80,80,80,80,80,80,80,80,80,80,80,80,80,80,80,80,80,80,80,80,80,80,80,80,80,80,80,80,80,80,80,80,80,80,80,80,80,80,80,80,80,80,80,80,80],"card_choices":[{"not_picked":["Replay:Undeath\u0027s Touch","Headbutt"],"picked":"Shrug It Off","floor":1},{"not_picked":["hubris:ReadiedAction","Armaments"],"picked":"Flame Barrier","floor":2},{"not_picked":["Dropkick","Anger"],"picked":"Hemokinesis","floor":4},{"not_picked":["Run Through","Clash"],"picked":"Cleave","floor":5},{"not_picked":["Armaments","Dual Wield"],"picked":"Rampage+1","floor":7},{"not_picked":["hubris:ReadiedAction","Fiend Fire+1"],"picked":"Iron Wave+1","floor":10},{"not_picked":["Shockwave","ReplayTheSpireMod:Strike From Hell+1"],"picked":"Spot Weakness","floor":12},{"not_picked":["Barricade","Exhume"],"picked":"Reaper+1","floor":16},{"not_picked":["Entrench","Clothesline+1"],"picked":"Shrug It Off","floor":18},{"not_picked":["Headbutt+1","Intimidate","Wild Strike+1"],"picked":"SKIP","floor":19},{"not_picked":["ReplayTheSpireMod:LeadingStrike+1","Infernal Blade+1"],"picked":"hubris:ReadiedAction+1","floor":21},{"not_picked":["Feel No Pain","Cleave+1"],"picked":"Sword Boomerang+1","floor":23},{"not_picked":["Pummel+1","Uppercut+1","Rage"],"picked":"SKIP","floor":28},{"not_picked":["Clothesline+1","Bloodletting","Massacre+1"],"picked":"SKIP","floor":31},{"not_picked":["Feed+1","Hemogenesis+1"],"picked":"Limit Break","floor":33},{"not_picked":["True Grit","Sever Soul+1"],"picked":"Heavy Blade+1","floor":35},{"not_picked":["Replay:Undeath\u0027s Touch+1","Clothesline+1"],"picked":"Defy Death","floor":36},{"not_picked":["Hemokinesis+1","Rage"],"picked":"True Grit+1","floor":39},{"not_picked":["Burning Pact+1","Dark Embrace"],"picked":"Sword Boomerang+1","floor":41},{"not_picked":["True Grit","Warcry+1"],"picked":"Offering","floor":45},{"not_picked":["Clothesline+1","Wild Strike+1"],"picked":"Pommel Strike+1","floor":46},{"not_picked":["Warcry+1","Flame Barrier","hubris:SharpeningStone+1"],"picked":"SKIP","floor":47},{"not_picked":["Replay:Undeath\u0027s Touch+1","Warcry+1"],"picked":"Iron Wave+1","floor":48}],"player_experience":882428,"relics_obtained":[{"floor":7,"key":"Molten Egg 2"},{"floor":9,"key":"Quantum Egg"},{"floor":12,"key":"hubris:Metronome"},{"floor":23,"key":"Blue Doll"},{"floor":26,"key":"Boot"},{"floor":28,"key":"Gremlin Food"},{"floor":36,"key":"hubris:MedicalManual"},{"floor":41,"key":"hubris:Potato"},{"floor":43,"key":"Blue Candle"},{"floor":46,"key":"Replay:Baseball"}],"event_choices":[{"cards_removed":["Strike_R"],"damage_healed":0,"gold_gain":0,"player_choice":"Forget","damage_taken":0,"max_hp_gain":0,"max_hp_loss":0,"event_name":"Living Wall","floor":0,"gold_loss":0},{"damage_healed":0,"gold_gain":75,"player_choice":"Gold","damage_taken":11,"max_hp_gain":0,"max_hp_loss":0,"event_name":"betterThird:BetterGoop","floor":3,"gold_loss":0},{"damage_healed":0,"gold_gain":0,"player_choice":"Forge","damage_taken":0,"max_hp_gain":0,"max_hp_loss":0,"event_name":"Accursed Blacksmith","floor":20,"gold_loss":0,"cards_upgraded":["Cleave"]},{"damage_healed":0,"gold_gain":0,"cards_transformed":["Defend_R"],"player_choice":"Transformed","damage_taken":0,"max_hp_gain":0,"max_hp_loss":0,"event_name":"Transmorgrifier","floor":22,"gold_loss":0,"cards_obtained":["Reckless Charge"]},{"damage_healed":0,"gold_gain":0,"player_choice":"Gave Potion","damage_taken":0,"relics_obtained":["hubris:DuctTape"],"max_hp_gain":0,"max_hp_loss":0,"event_name":"WeMeetAgain","floor":30,"gold_loss":0},{"damage_healed":0,"gold_gain":0,"player_choice":"Fight","damage_taken":0,"max_hp_gain":0,"max_hp_loss":0,"event_name":"MindBloom","floor":36,"gold_loss":0},{"damage_healed":0,"gold_gain":0,"player_choice":"1 cards matched","damage_taken":0,"max_hp_gain":0,"max_hp_loss":0,"event_name":"Match and Keep!","floor":37,"gold_loss":0,"cards_obtained":["Headbutt"]}],"is_beta":false,"boss_relics":[{"not_picked":["Replay:Drink Me","theForsaken:PaleLantern"],"picked":"Astrolabe"},{"not_picked":["Snecko Heart","hubris:ScarierMask"],"picked":"ChewingGum"}],"items_purged_floors":[11,14,38],"is_endless":false,"potions_floor_spawned":[2,10,12,16,18,21,33,36,39,47],"ascension_level":0}}