{"host":"vcrofm1hbk0ziuql","time":1608851243,"event":{"mods":["2.2 Compatiblity","BaseMod","Colored Map","DeckTracker","Downfall","Googly Eyes","Highlight Path","Minty Spire (QoL Compilation)","StSLib"],"gold_per_floor":[117,117,117,117,130,161,178,207,207,10,24,50,225,237,237,336,336,356,233,233,233,233,233,263,96,122,122,136,136,146,46,46,148,148,167,184,37,37,4,4,17,17,17,31,44,62,162,88,88,88,88],"floor_reached":50,"playtime":2439,"items_purged":["Doubt","Defend_G","Defend_G"],"score":553,"play_id":"b5d1cdf1-1a8d-4576-b910-61198c08be67","local_time":"20201224230723","is_ascension_mode":false,"campfire_choices":[{"data":"Neutralize","floor":15,"key":"SMITH"},{"data":"Burst","floor":23,"key":"SMITH"},{"data":"Panache","floor":27,"key":"SMITH"},{"data":"Dodge and Roll","floor":32,"key":"SMITH"},{"floor":40,"key":"RECALL"},{"data":"A Thousand Cuts","floor":42,"key":"SMITH"},{"data":"Accuracy","floor":49,"key":"SMITH"}],"circlet_count":0,"master_deck":["Defend_G+1","Defend_G","Defend_G","Survivor","Neutralize+1","Calculated Gamble","Prepared","Infinite Blades","Eviscerate","Infinite Blades","Terror","Cloak And Dagger","Backflip","Burst+1","Blur+1","Dodge and Roll+1","Bite","Bite","Bite","Bite","Bite","Panache+1","Calculated Gamble+1","A Thousand Cuts+1","Dodge and Roll","Prepared+1","Finisher","Infinite Blades","Acrobatics+1","Accuracy+1","Accuracy+1"],"relics":["Ring of the Snake","NeowsBlessing","Nunchaku","Gremlin Horn","Ninja Scroll","Akabeko","DollysMirror","Darkstone Periapt","Philosopher\u0027s Stone","Singing Bowl","Pen Nib","Coffee Dripper"],"acts_visited":["Exordium","TheCity","TheBeyond"],"potions_floor_usage":[12,16,16,33,44,46,50],"damage_taken":[{"damage":0,"enemies":"Small Slimes","floor":1,"turns":1},{"damage":0,"enemies":"Jaw Worm","floor":5,"turns":1},{"damage":0,"enemies":"Lagavulin","floor":6,"turns":1},{"damage":0,"enemies":"2 Louse","floor":7,"turns":2},{"damage":19,"enemies":"3 Sentries","floor":8,"turns":12},{"damage":0,"enemies":"2 Fungi Beasts","floor":11,"turns":3},{"damage":13,"enemies":"Lagavulin","floor":12,"turns":4},{"damage":0,"enemies":"Gremlin Gang","floor":14,"turns":4},{"damage":25,"enemies":"Slime Boss","floor":16,"turns":12},{"damage":2,"enemies":"3 Byrds","floor":18,"turns":6},{"damage":19,"enemies":"Gremlin Leader","floor":24,"turns":7},{"damage":3,"enemies":"Shell Parasite","floor":28,"turns":4},{"damage":21,"enemies":"Sentry and Sphere","floor":30,"turns":4},{"damage":20,"enemies":"Champ","floor":33,"turns":10},{"damage":6,"enemies":"Orb Walker","floor":35,"turns":3},{"damage":2,"enemies":"3 Darklings","floor":36,"turns":4},{"damage":0,"enemies":"Sphere and 2 Shapes","floor":41,"turns":3},{"damage":16,"enemies":"Writhing Mass","floor":44,"turns":4},{"damage":0,"enemies":"Maw","floor":45,"turns":6},{"damage":0,"enemies":"Jaw Worm Horde","floor":46,"turns":4},{"damage":70,"enemies":"Time Eater","floor":50,"turns":4}],"seed_played":"745509056705330352","potions_obtained":[{"floor":1,"key":"LiquidMemories"},{"floor":12,"key":"SkillPotion"},{"floor":14,"key":"Regen Potion"},{"floor":18,"key":"LiquidBronze"},{"floor":22,"key":"SmokeBomb"},{"floor":22,"key":"Guardian:BlockOnCardUsePotion"},{"floor":28,"key":"Strength Potion"},{"floor":33,"key":"Slimebound:ThreeZeroPotion"},{"floor":41,"key":"Fire Potion"},{"floor":45,"key":"Block Potion"}],"is_trial":false,"path_per_floor":["M","?","?","?","M","E","M","E","T","$","M","E","?","M","R","B",null,"M","$","?","?","?","R","E","$","T","R","M","?","M","$","R","B",null,"M","M","$","?","$","R","M","R","T","M","M","M","?","$","R","B"],"character_chosen":"THE_SILENT","items_purchased":["DollysMirror","Terror","Dodge and Roll","Panache","Prepared","Finisher","Accuracy"],"campfire_rested":0,"item_purchase_floors":[10,10,19,25,37,39,48],"current_hp_per_floor":[70,56,53,53,53,53,53,34,34,34,34,21,27,27,27,17,76,74,74,74,53,53,53,50,50,50,50,52,52,38,38,38,43,57,57,59,59,59,59,59,59,59,59,49,61,61,61,61,61,0,0],"gold":88,"neow_bonus":"THREE_ENEMY_KILL","is_daily":false,"chose_seed":false,"campfire_upgraded":6,"win_rate":0.0,"timestamp":1608851243,"path_taken":["M","?","?","?","M","E","M","E","T","$","M","E","?","M","R","BOSS","M","$","?","?","?","R","E","$","T","R","?","?","?","?","R","BOSS","M","M","?","?","$","R","M","R","T","M","M","?","?","?","R","BOSS"],"items_purchased_type":["Relic","Card","Card","Card","Card","Card","Card"],"build_version":"2020-12-22","purchased_purges":3,"victory":false,"max_hp_per_floor":[70,70,70,70,70,70,70,70,70,70,70,70,76,76,76,76,76,76,76,76,53,53,53,55,55,55,55,55,55,57,57,57,57,57,59,59,59,59,59,59,59,59,59,59,61,61,61,61,61,61,61],"card_choices":[{"not_picked":["Dagger Spray","Setup"],"picked":"Calculated Gamble","floor":1},{"not_picked":["Dagger Spray","Catalyst","Caltrops"],"picked":"SKIP","floor":5},{"not_picked":["Flying Knee","Concentrate"],"picked":"Prepared","floor":6},{"not_picked":["Setup","Outmaneuver"],"picked":"Infinite Blades","floor":7},{"not_picked":["Unload","Flechettes"],"picked":"Eviscerate","floor":8},{"not_picked":["Bane","Dagger Throw"],"picked":"Cloak And Dagger","floor":11},{"not_picked":["Underhanded Strike","Poisoned Stab"],"picked":"Backflip","floor":12},{"not_picked":["Deadly Poison","Well Laid Plans","Bane"],"picked":"SKIP","floor":14},{"not_picked":["Corpse Explosion","Die Die Die"],"picked":"Burst","floor":16},{"not_picked":["Expertise","Dagger Spray"],"picked":"Blur+1","floor":18},{"not_picked":["Dagger Spray+1","Infinite Blades","Caltrops+1"],"picked":"Singing Bowl","floor":24},{"not_picked":["Cloak And Dagger","Crippling Poison"],"picked":"Calculated Gamble+1","floor":28},{"not_picked":["Skewer","Predator","Dagger Spray"],"picked":"Singing Bowl","floor":30},{"not_picked":["After Image","Corpse Explosion"],"picked":"A Thousand Cuts","floor":33},{"not_picked":["Deflect+1","Dagger Spray","Poisoned Stab"],"picked":"Singing Bowl","floor":35},{"not_picked":["Heel Hook","Blade Dance"],"picked":"Dodge and Roll","floor":36},{"not_picked":["Sucker Punch","Well Laid Plans"],"picked":"Infinite Blades","floor":41},{"not_picked":["Masterful Stab","Sucker Punch+1"],"picked":"Acrobatics+1","floor":44},{"not_picked":["Dash","Sucker Punch","Slice+1"],"picked":"Singing Bowl","floor":45},{"not_picked":["Dodge and Roll+1","Deadly Poison+1"],"picked":"Accuracy+1","floor":46}],"player_experience":549525,"relics_obtained":[{"floor":6,"key":"Gremlin Horn"},{"floor":8,"key":"Ninja Scroll"},{"floor":9,"key":"Akabeko"},{"floor":12,"key":"Darkstone Periapt"},{"floor":24,"key":"Singing Bowl"},{"floor":26,"key":"Pen Nib"}],"event_choices":[{"damage_healed":0,"gold_gain":0,"player_choice":"Entered Light","damage_taken":14,"max_hp_gain":0,"max_hp_loss":0,"event_name":"Shining Light","floor":2,"gold_loss":0,"cards_upgraded":["Defend_G","Strike_G"]},{"damage_healed":0,"gold_gain":0,"player_choice":"Success","damage_taken":3,"relics_obtained":["Nunchaku"],"max_hp_gain":0,"max_hp_loss":0,"event_name":"Scrap Ooze","floor":3,"gold_loss":0},{"cards_removed":["Strike_G"],"damage_healed":0,"gold_gain":0,"player_choice":"Forget","damage_taken":0,"max_hp_gain":0,"max_hp_loss":0,"event_name":"Living Wall","floor":4,"gold_loss":0},{"damage_healed":0,"gold_gain":175,"player_choice":"AGREE","damage_taken":0,"max_hp_gain":0,"max_hp_loss":0,"event_name":"Liars Game","floor":13,"gold_loss":0,"cards_obtained":["Doubt"]},{"damage_healed":0,"gold_gain":0,"player_choice":"Ignored","damage_taken":0,"max_hp_gain":0,"max_hp_loss":0,"event_name":"Ghosts","floor":20,"gold_loss":0},{"damage_healed":0,"gold_gain":0,"player_choice":"Became a vampire","damage_taken":0,"max_hp_gain":0,"max_hp_loss":23,"event_name":"Vampires","floor":21,"gold_loss":0,"cards_obtained":["Bite","Bite","Bite","Bite","Bite"]},{"damage_healed":0,"gold_gain":0,"player_choice":"Got Potions","damage_taken":0,"max_hp_gain":0,"max_hp_loss":0,"event_name":"Lab","floor":22,"gold_loss":0},{"damage_healed":0,"gold_gain":0,"player_choice":"Ignored","damage_taken":0,"max_hp_gain":0,"max_hp_loss":0,"event_name":"N\u0027loth","floor":29,"gold_loss":0},{"damage_healed":0,"gold_gain":0,"player_choice":"Upgraded","damage_taken":0,"max_hp_gain":0,"max_hp_loss":0,"event_name":"Upgrade Shrine","floor":38,"gold_loss":0,"cards_upgraded":["Prepared"]},{"damage_healed":0,"gold_gain":100,"player_choice":"Pray","damage_taken":0,"max_hp_gain":0,"max_hp_loss":0,"event_name":"Golden Shrine","floor":47,"gold_loss":0}],"is_beta":false,"boss_relics":[{"not_picked":["Fusion Hammer","Sozu"],"picked":"Philosopher\u0027s Stone"},{"not_picked":["Cursed Key","Tiny House"],"picked":"Coffee Dripper"}],"items_purged_floors":[19,31,37],"is_endless":false,"potions_floor_spawned":[1,12,14,18,28,33,41,45],"killed_by":"Time Eater","ascension_level":0}}