{"host":"kabf61oc9jgfwufg","time":1608846540,"event":{"mods":["AchievementEnabler","Act Like it!","Aspiration","Bartender","BaseMod","CatGirl Mod","Conspire","GifTheSpireLib","Halation","HexUI Lib","Hubris","Infinite Spire","Marisa????????","Minty Spire (QoL Compilation)","Pale of the Ancients","Rare Cards Sparkle","Replay The Spire","StSLib","The Alterego","The Animator","The Blackbeard","The Bladedancer","The Cursed","The Jungle","The Marked","The Servant 0.9.4","TheSwordswoman"],"gold_per_floor":[115,115,115,36,56,56,56,56,56,56,56,88,12,32,32,133,133,145,162,182,199,90,90,90],"floor_reached":23,"playtime":1087,"items_purged":["Strike_Bartender"],"score":214,"play_id":"ae26a6d0-0bbd-4cab-b736-b11333ac5b93","local_time":"20201224214900","is_ascension_mode":false,"campfire_choices":[{"data":"Form_Shift","floor":6,"key":"SMITH"},{"data":"Rising_Crane","floor":8,"key":"SMITH"},{"data":"Sucker_Punch","floor":10,"key":"SMITH"},{"floor":15,"key":"REST"}],"circlet_count":0,"master_deck":["Strike_Bartender","Strike_Bartender","Defend_Bartender","Defend_Bartender","Defend_Bartender","Defend_Bartender","Somersault+1","Sucker_Punch+1","Rising_Crane+1","Form_Shift+1","Free_Pour","Dolphin_Blow","Bitters","Butterfly_Float","Ripple","Snap_Punch","Stick_and_Move","With_A_Twist+1","Foot_Thrust+1"],"relics":["Sneakers","NeowsBlessing","hubris:Towel","Mummified Hand","Replay:WaspNest","halation:Prosthetics"],"acts_visited":["Exordium","Exordium"],"potions_floor_usage":[21,21],"damage_taken":[{"damage":0,"enemies":"Jaw Worm","floor":1,"turns":1},{"damage":0,"enemies":"2 Louse","floor":5,"turns":1},{"damage":0,"enemies":"Lagavulin","floor":12,"turns":1},{"damage":0,"enemies":"Cultist","floor":14,"turns":2},{"damage":1,"enemies":"Slime Boss","floor":16,"turns":8},{"damage":12,"enemies":"theJungle:MUSHROOMGANG","floor":18,"turns":3},{"damage":8,"enemies":"theJungle:Flameango_and_Byrd","floor":19,"turns":5},{"damage":2,"enemies":"theJungle:SlimyTreeVines","floor":20,"turns":6},{"damage":22,"enemies":"theJungle:2_Flameangoes","floor":21,"turns":6},{"damage":33,"enemies":"theJungle:Cassacara","floor":23,"turns":5}],"seed_played":"-5279915510425412371","potions_obtained":[{"floor":12,"key":"conspire:TimeTravelPotion"},{"floor":18,"key":"FairyPotion"},{"floor":19,"key":"LifebloodPotion"},{"floor":21,"key":"Toxic Potion"}],"is_trial":false,"path_per_floor":["M","?","?","$","M","R","?","R","T","R","$","E","$","M","R","B",null,"M","M","M","M","$","E"],"character_chosen":"BARTENDER","items_purchased":["Rising_Crane","Dolphin_Blow","Foot_Thrust+1"],"campfire_rested":1,"item_purchase_floors":[4,13,22],"current_hp_per_floor":[70,63,63,63,63,63,63,63,63,63,63,63,63,63,70,69,35,23,15,19,7,7,0,0],"gold":90,"neow_bonus":"THREE_ENEMY_KILL","is_daily":false,"chose_seed":false,"campfire_upgraded":3,"win_rate":0.0,"timestamp":1608846540,"path_taken":["M","?","?","?","?","R","?","R","T","R","$","E","$","M","R","BOSS","M","M","?","M","$","E"],"items_purchased_type":["Card","Card","Card"],"build_version":"2020-12-22","purchased_purges":1,"victory":false,"max_hp_per_floor":[70,70,70,70,70,70,70,70,70,70,70,70,70,70,70,70,35,35,35,35,35,35,35,35],"card_choices":[{"not_picked":["Bitters","Hook"],"picked":"Sucker_Punch","floor":1},{"not_picked":["Dancing_Jab","Press_Forward"],"picked":"Form_Shift","floor":5},{"not_picked":["Form_Shift","Snap_Punch"],"picked":"Free_Pour","floor":12},{"not_picked":["Press_Forward","Scoop"],"picked":"Bitters","floor":14},{"not_picked":["High_Tide","Breathe_Deep"],"picked":"Butterfly_Float","floor":16},{"not_picked":["On_The_Rocks","Center_Self+1"],"picked":"Ripple","floor":18},{"not_picked":["Feint","Stick_and_Move"],"picked":"Snap_Punch","floor":19},{"not_picked":["Press_Forward","Dancing_Jab"],"picked":"Stick_and_Move","floor":20},{"not_picked":["Greased_Lightning","Pony_Shot+1"],"picked":"With_A_Twist+1","floor":21}],"player_experience":22854,"relics_obtained":[{"floor":9,"key":"Mummified Hand"},{"floor":12,"key":"Replay:WaspNest"}],"event_choices":[{"cards_removed":["Strike_Bartender"],"damage_healed":0,"gold_gain":0,"player_choice":"Card Removal","damage_taken":7,"max_hp_gain":0,"max_hp_loss":0,"event_name":"Golden Wing","floor":2,"gold_loss":0},{"damage_healed":0,"gold_gain":0,"player_choice":"Forge","damage_taken":0,"max_hp_gain":0,"max_hp_loss":0,"event_name":"Accursed Blacksmith","floor":7,"gold_loss":0,"cards_upgraded":["Somersault"]}],"is_beta":false,"boss_relics":[{"not_picked":["hubris:Stopwatch","aspiration:PoetsPen_weak"],"picked":"halation:Prosthetics"}],"items_purged_floors":[22],"is_endless":false,"potions_floor_spawned":[12,18,19,20,21],"killed_by":"theJungle:Cassacara","ascension_level":0}}