{"host":"6s2g4ctvxbrgoc4e","time":1608816462,"event":{"mods":["BaseMod","Minty Spire (QoL Compilation)"],"gold_per_floor":[15,15,90,90,104,104,124,124,194,194,218,232,265,284,284,414,414,435,456,456,480,41,41,59,59,84,84,84,124,124,124,124,254,254,278,301,316,649,649,649],"floor_reached":39,"playtime":1568,"items_purged":[],"score":446,"play_id":"df3c6810-10d7-472b-83eb-aa11e7a5a5c0","local_time":"20201224142742","is_ascension_mode":true,"campfire_choices":[{"floor":6,"key":"REST"},{"data":"Noxious Fumes","floor":8,"key":"SMITH"},{"data":"Bane","floor":10,"key":"SMITH"},{"data":"Distraction","floor":15,"key":"SMITH"},{"data":"Burst","floor":23,"key":"SMITH"},{"data":"Bane","floor":25,"key":"SMITH"},{"data":"Deadly Poison","floor":27,"key":"SMITH"},{"floor":30,"key":"REST"},{"floor":32,"key":"REST"}],"circlet_count":0,"master_deck":["Strike_G","Strike_G","Strike_G","Defend_G","Defend_G","Defend_G","Defend_G","Defend_G","Survivor","Neutralize","Corpse Explosion+1","Quick Slash","Noxious Fumes+1","Bane+1","Leg Sweep","Prepared","Distraction+1","Burst+1","Deadly Poison+1","Backstab","Quick Slash","Eviscerate","Bane+1","Blur","Regret","Neutralize","Bouncing Flask","Burst","Blur+1","Flechettes+1","Backflip+1"],"relics":["Ring of the Snake","Pantograph","Juzu Bracelet","SlaversCollar","Thread and Needle","Oddly Smooth Stone","Smiling Mask","Bottled Lightning","Sozu"],"acts_visited":["Exordium","TheCity","TheBeyond"],"potions_floor_usage":[21,24,37,39],"damage_taken":[{"damage":3,"enemies":"Jaw Worm","floor":1,"turns":3},{"damage":0,"enemies":"2 Louse","floor":5,"turns":2},{"damage":1,"enemies":"Small Slimes","floor":7,"turns":4},{"damage":5,"enemies":"Red Slaver","floor":11,"turns":2},{"damage":6,"enemies":"2 Fungi Beasts","floor":12,"turns":2},{"damage":2,"enemies":"Lagavulin","floor":13,"turns":5},{"damage":0,"enemies":"Looter","floor":14,"turns":4},{"damage":27,"enemies":"Slime Boss","floor":16,"turns":8},{"damage":5,"enemies":"3 Byrds","floor":18,"turns":2},{"damage":0,"enemies":"Spheric Guardian","floor":19,"turns":5},{"damage":6,"enemies":"3 Cultists","floor":21,"turns":3},{"damage":14,"enemies":"Centurion and Healer","floor":24,"turns":4},{"damage":23,"enemies":"Book of Stabbing","floor":29,"turns":7},{"damage":17,"enemies":"Champ","floor":33,"turns":12},{"damage":12,"enemies":"Orb Walker","floor":35,"turns":3},{"damage":0,"enemies":"3 Shapes","floor":36,"turns":3},{"damage":14,"enemies":"3 Darklings","floor":37,"turns":5},{"damage":57,"enemies":"2 Orb Walkers","floor":39,"turns":4}],"seed_played":"3119012047789178311","potions_obtained":[{"floor":1,"key":"EssenceOfSteel"},{"floor":11,"key":"ColorlessPotion"},{"floor":12,"key":"BlessingOfTheForge"},{"floor":21,"key":"Weak Potion"},{"floor":29,"key":"CultistPotion"}],"is_trial":false,"path_per_floor":["M","?","?","?","M","R","M","R","T","R","M","M","E","M","R","B",null,"M","M","?","M","$","R","M","R","T","R","?","E","R","?","R","B",null,"M","M","M","?","?"],"character_chosen":"THE_SILENT","items_purchased":["Thread and Needle","Oddly Smooth Stone"],"campfire_rested":3,"item_purchase_floors":[22,22],"current_hp_per_floor":[67,50,39,39,39,60,59,59,59,59,54,48,46,46,46,43,70,65,65,65,59,59,59,45,45,45,45,45,22,43,30,52,58,75,63,63,49,49,0,0],"gold":649,"neow_bonus":"THREE_RARE_CARDS","is_daily":false,"chose_seed":false,"campfire_upgraded":6,"win_rate":0.0,"timestamp":1608816462,"path_taken":["M","?","?","?","M","R","M","R","T","R","M","M","E","M","R","BOSS","M","M","?","M","$","R","M","R","T","R","?","E","R","?","R","BOSS","M","M","M","?","?"],"items_purchased_type":["Relic","Relic"],"build_version":"2020-12-22","purchased_purges":0,"victory":false,"max_hp_per_floor":[70,70,70,70,70,70,70,70,70,70,70,70,70,70,70,70,70,70,70,70,70,70,70,70,70,70,70,70,70,70,75,75,75,75,75,75,75,75,75,75],"card_choices":[{"not_picked":["A Thousand Cuts","Envenom"],"picked":"Corpse Explosion","floor":0},{"not_picked":["Masterful Stab","Slice"],"picked":"Quick Slash","floor":1},{"not_picked":["Quick Slash","PiercingWail"],"picked":"Noxious Fumes","floor":5},{"not_picked":["Outmaneuver","Deflect"],"picked":"Bane","floor":7},{"not_picked":["Dagger Throw","Flechettes"],"picked":"Leg Sweep","floor":11},{"not_picked":["Outmaneuver","Dodge and Roll"],"picked":"Prepared","floor":12},{"not_picked":["Dagger Throw","Tools of the Trade"],"picked":"Distraction","floor":13},{"not_picked":["Backflip","Acrobatics","Sucker Punch"],"picked":"SKIP","floor":14},{"not_picked":["Wraith Form v2","Bullet Time"],"picked":"Burst","floor":16},{"not_picked":["Well Laid Plans+1","Quick Slash"],"picked":"Deadly Poison","floor":18},{"not_picked":["Prepared","Escape Plan"],"picked":"Backstab","floor":19},{"not_picked":["Backflip","Blade Dance"],"picked":"Bane","floor":21},{"not_picked":["Quick Slash+1","Underhanded Strike"],"picked":"Blur","floor":24},{"not_picked":["Phantasmal Killer","Dagger Throw"],"picked":"Bouncing Flask","floor":29},{"not_picked":["Night Terror","Envenom"],"picked":"Burst","floor":33},{"not_picked":["Flying Knee","Blade Dance"],"picked":"Blur+1","floor":35},{"not_picked":["Endless Agony+1","PiercingWail+1"],"picked":"Flechettes+1","floor":36},{"not_picked":["Deadly Poison","Poisoned Stab"],"picked":"Backflip+1","floor":37}],"player_experience":41102,"relics_obtained":[{"floor":9,"key":"Pantograph"},{"floor":13,"key":"Juzu Bracelet"},{"floor":26,"key":"Smiling Mask"},{"floor":29,"key":"Bottled Lightning"}],"event_choices":[{"damage_healed":0,"gold_gain":0,"player_choice":"Take Damage","damage_taken":17,"relics_obtained":["Golden Idol"],"max_hp_gain":0,"max_hp_loss":0,"event_name":"Golden Idol","floor":2,"gold_loss":0},{"damage_healed":0,"gold_gain":75,"player_choice":"Gather Gold","damage_taken":11,"max_hp_gain":0,"max_hp_loss":0,"event_name":"World of Goop","floor":3,"gold_loss":0},{"damage_healed":0,"gold_gain":0,"player_choice":"Grow","damage_taken":0,"max_hp_gain":0,"max_hp_loss":0,"event_name":"Living Wall","floor":4,"gold_loss":0,"cards_upgraded":["Corpse Explosion"]},{"damage_healed":0,"gold_gain":0,"cards_transformed":["Strike_G","Strike_G"],"player_choice":"Became Test Subject","damage_taken":0,"max_hp_gain":0,"max_hp_loss":0,"event_name":"Drug Dealer","floor":20,"gold_loss":0,"cards_obtained":["Quick Slash","Eviscerate"]},{"damage_healed":0,"gold_gain":0,"player_choice":"2 cards matched","damage_taken":0,"max_hp_gain":0,"max_hp_loss":0,"event_name":"Match and Keep!","floor":28,"gold_loss":0,"cards_obtained":["Regret","Neutralize"]},{"damage_healed":0,"gold_gain":0,"player_choice":"Shed Blood","damage_taken":18,"max_hp_gain":5,"max_hp_loss":0,"event_name":"Forgotten Altar","floor":31,"gold_loss":0},{"damage_healed":0,"gold_gain":333,"player_choice":"Gave Idol","damage_taken":0,"max_hp_gain":0,"max_hp_loss":0,"event_name":"The Moai Head","floor":38,"relics_lost":["Golden Idol"],"gold_loss":0},{"damage_healed":0,"gold_gain":0,"player_choice":"Fight","damage_taken":0,"max_hp_gain":0,"max_hp_loss":0,"event_name":"Mysterious Sphere","floor":39,"gold_loss":0}],"is_beta":false,"boss_relics":[{"not_picked":["Coffee Dripper","Fusion Hammer"],"picked":"SlaversCollar"},{"not_picked":["Velvet Choker","WristBlade"],"picked":"Sozu"}],"items_purged_floors":[],"is_endless":false,"potions_floor_spawned":[1,11,12,21,29,36,37],"killed_by":"2 Orb Walkers","ascension_level":1}}