{"host":"dcj2yvrgcvh5dl2s","time":1608783453,"event":{"mods":["BaseMod","Better Note","Block Reminder","Colored Powertips","DeckTracker","Minty Spire (QoL Compilation)","Quick Restart","Rare Cards Sparkle","Relic Stats","StSLib"],"gold_per_floor":[109,109,125,141,156,156,189,189,189,205,80,102,136,136,136,136,136],"floor_reached":16,"playtime":1824,"items_purged":["Strike_G"],"score":127,"play_id":"e39bb8ac-4bac-4ef6-9572-4c1234c3b34b","local_time":"20201224141733","is_ascension_mode":true,"campfire_choices":[{"data":"Neutralize","floor":6,"key":"SMITH"},{"data":"Distraction","floor":8,"key":"SMITH"},{"floor":15,"key":"REST"}],"circlet_count":0,"master_deck":["Strike_G","Strike_G","Defend_G","Defend_G","Defend_G","Defend_G","Defend_G","Survivor","Neutralize+1","Deflect","Distraction+1","Slice","Backflip","Terror","Backstab","Deflect","Escape Plan","Crippling Poison"],"relics":["Ring of the Snake","NeowsBlessing","Eternal Feather","Mummified Hand","Odd Mushroom","Darkstone Periapt"],"acts_visited":["Exordium"],"potions_floor_usage":[7,16],"damage_taken":[{"damage":0,"enemies":"Small Slimes","floor":1,"turns":1},{"damage":0,"enemies":"Cultist","floor":3,"turns":1},{"damage":0,"enemies":"Jaw Worm","floor":4,"turns":1},{"damage":3,"enemies":"Looter","floor":5,"turns":4},{"damage":18,"enemies":"3 Sentries","floor":7,"turns":9},{"damage":1,"enemies":"2 Fungi Beasts","floor":10,"turns":4},{"damage":0,"enemies":"The Mushroom Lair","floor":12,"turns":1},{"damage":8,"enemies":"Lagavulin","floor":13,"turns":7},{"damage":72,"enemies":"Slime Boss","floor":16,"turns":13}],"seed_played":"6459377965228235344","potions_obtained":[{"floor":3,"key":"CultistPotion"},{"floor":10,"key":"Fire Potion"},{"floor":12,"key":"FearPotion"}],"is_trial":false,"path_per_floor":["M","?","M","M","M","R","E","R","T","M","$","?","E","?","R","B"],"character_chosen":"THE_SILENT","items_purchased":["Deflect"],"campfire_rested":1,"item_purchase_floors":[11],"current_hp_per_floor":[70,70,70,70,67,67,49,58,58,57,57,57,49,42,70,0,0],"gold":136,"neow_bonus":"THREE_ENEMY_KILL","is_daily":false,"chose_seed":false,"campfire_upgraded":2,"win_rate":0.0,"timestamp":1608783453,"path_taken":["M","?","M","M","M","R","E","R","T","?","$","?","E","?","R","BOSS"],"items_purchased_type":["Card"],"build_version":"2020-12-22","purchased_purges":1,"victory":false,"max_hp_per_floor":[70,70,70,70,70,70,70,70,70,70,70,70,70,70,70,70,70],"relic_stats":{"Darkstone Periapt":0,"counters":[9,41],"Mummified Hand":[0],"Eternal Feather":18,"obtain_stats":[{"Darkstone Periapt":13,"NeowsBlessing":0,"Mummified Hand":9,"Eternal Feather":7,"Odd Mushroom":12,"Ring of the Snake":0},{"Darkstone Periapt":8,"NeowsBlessing":0,"Mummified Hand":5,"Eternal Feather":5,"Odd Mushroom":7,"Ring of the Snake":0},{"Darkstone Periapt":28,"NeowsBlessing":0,"Mummified Hand":16,"Eternal Feather":16,"Odd Mushroom":21,"Ring of the Snake":0}],"Ring of the Snake":[18]},"card_choices":[{"not_picked":["Dagger Spray","Underhanded Strike"],"picked":"Deflect","floor":1},{"not_picked":["Blur","Quick Slash"],"picked":"Distraction","floor":3},{"not_picked":["Poisoned Stab","Flying Knee"],"picked":"Slice","floor":4},{"not_picked":["Phantasmal Killer","Finisher"],"picked":"Backflip","floor":5},{"not_picked":["Underhanded Strike","Caltrops"],"picked":"Terror","floor":7},{"not_picked":["Deadly Poison","PiercingWail"],"picked":"Backstab","floor":10},{"not_picked":["Dash","Sucker Punch"],"picked":"Escape Plan","floor":12},{"not_picked":["Poisoned Stab","Underhanded Strike"],"picked":"Crippling Poison","floor":13}],"player_experience":2027431,"relics_obtained":[{"floor":7,"key":"Eternal Feather"},{"floor":9,"key":"Mummified Hand"},{"floor":12,"key":"Odd Mushroom"},{"floor":13,"key":"Darkstone Periapt"}],"event_choices":[{"cards_removed":["Strike_G"],"damage_healed":0,"gold_gain":0,"player_choice":"Purged","damage_taken":0,"max_hp_gain":0,"max_hp_loss":0,"event_name":"Purifier","floor":2,"gold_loss":0},{"damage_healed":0,"gold_gain":0,"player_choice":"Fought Mushrooms","damage_taken":0,"max_hp_gain":0,"max_hp_loss":0,"event_name":"Mushrooms","floor":12,"gold_loss":0},{"cards_removed":["Strike_G"],"damage_healed":0,"gold_gain":0,"player_choice":"Card Removal","damage_taken":7,"max_hp_gain":0,"max_hp_loss":0,"event_name":"Golden Wing","floor":14,"gold_loss":0}],"is_beta":false,"boss_relics":[],"items_purged_floors":[11],"is_endless":false,"potions_floor_spawned":[3,10,12],"killed_by":"Slime Boss","ascension_level":3}}