{"host":"z5ys1wbqpsyqmecy","time":1608834745,"event":{"mods":["BaseMod","Colored Map","Colored Powertips","Minty Spire (QoL Compilation)","Relic Stats"],"gold_per_floor":[116,66,241,241,252,286,299,328,328,328,346,359,56,156,156,156,156],"floor_reached":16,"playtime":1399,"items_purged":[],"score":135,"play_id":"bb2f4afe-64a0-4f79-af93-8016b9e3b6da","local_time":"20201224103225","is_ascension_mode":false,"campfire_choices":[{"floor":15,"key":"REST"}],"circlet_count":0,"master_deck":["Strike_G","Strike_G","Strike_G","Strike_G","Strike_G","Defend_G","Defend_G","Defend_G","Defend_G","Survivor","Neutralize","Deadly Poison","Predator","Riddle With Holes","Dagger Throw","All Out Attack","Finisher","Poisoned Stab","Terror","Eviscerate","Masterful Stab","Backflip","Doppelganger","Deadly Poison","Tactician"],"relics":["Ring of the Snake","NeowsBlessing","Oddly Smooth Stone","Tough Bandages","Mummified Hand","Darkstone Periapt","Orrery"],"acts_visited":["Exordium"],"potions_floor_usage":[12,16],"damage_taken":[{"damage":0,"enemies":"Small Slimes","floor":1,"turns":1},{"damage":0,"enemies":"2 Louse","floor":5,"turns":1},{"damage":0,"enemies":"Lagavulin","floor":6,"turns":1},{"damage":11,"enemies":"Jaw Worm","floor":7,"turns":3},{"damage":36,"enemies":"3 Sentries","floor":8,"turns":8},{"damage":1,"enemies":"Blue Slaver","floor":11,"turns":4},{"damage":0,"enemies":"Red Slaver","floor":12,"turns":5},{"damage":37,"enemies":"The Guardian","floor":16,"turns":8}],"seed_played":"7060053393811131140","potions_obtained":[{"floor":1,"key":"DistilledChaos"},{"floor":5,"key":"EssenceOfSteel"},{"floor":6,"key":"LiquidBronze"}],"is_trial":false,"path_per_floor":["M","?","?","?","M","E","M","E","T","?","M","M","$","?","R","B"],"character_chosen":"THE_SILENT","items_purchased":["Terror","Eviscerate","Orrery"],"campfire_rested":1,"item_purchase_floors":[13,13,13],"current_hp_per_floor":[70,70,70,63,63,63,52,16,16,16,15,15,15,15,36,0,0],"gold":156,"neow_bonus":"THREE_ENEMY_KILL","is_daily":false,"chose_seed":false,"campfire_upgraded":0,"win_rate":0.0,"timestamp":1608834745,"path_taken":["M","?","?","?","?","E","M","E","T","?","?","M","$","?","R","BOSS"],"items_purchased_type":["Card","Card","Relic"],"build_version":"2020-12-22","purchased_purges":0,"victory":false,"max_hp_per_floor":[70,70,70,70,70,70,70,70,70,70,70,70,70,70,70,70,70],"relic_stats":{"Darkstone Periapt":0,"Tough Bandages":[27],"counters":[8,31],"Mummified Hand":[0],"obtain_stats":[{"Darkstone Periapt":10,"Tough Bandages":8,"NeowsBlessing":0,"Mummified Hand":9,"Oddly Smooth Stone":6,"Orrery":13,"Ring of the Snake":0},{"Darkstone Periapt":5,"Tough Bandages":5,"NeowsBlessing":0,"Mummified Hand":5,"Oddly Smooth Stone":3,"Orrery":7,"Ring of the Snake":0},{"Darkstone Periapt":14,"Tough Bandages":14,"NeowsBlessing":0,"Mummified Hand":14,"Oddly Smooth Stone":3,"Orrery":23,"Ring of the Snake":0}],"Ring of the Snake":[16]},"card_choices":[{"not_picked":["Well Laid Plans","Quick Slash"],"picked":"Deadly Poison","floor":1},{"not_picked":["Backflip","Eviscerate"],"picked":"Predator","floor":5},{"not_picked":["Well Laid Plans","Outmaneuver"],"picked":"Riddle With Holes","floor":6},{"not_picked":["Backflip","Dodge and Roll"],"picked":"Dagger Throw","floor":7},{"not_picked":["Slice","Sucker Punch"],"picked":"All Out Attack","floor":8},{"not_picked":["Well Laid Plans","Riddle With Holes"],"picked":"Finisher","floor":11},{"not_picked":["Glass Knife","Underhanded Strike"],"picked":"Poisoned Stab","floor":12},{"not_picked":["Doppelganger","Caltrops"],"picked":"Masterful Stab","floor":13},{"not_picked":["PiercingWail","Acrobatics"],"picked":"Backflip","floor":13},{"not_picked":["Flying Knee","Sucker Punch"],"picked":"Doppelganger","floor":13},{"not_picked":["Quick Slash","Sucker Punch"],"picked":"Deadly Poison","floor":13},{"not_picked":["Wraith Form v2","Backflip"],"picked":"Tactician","floor":13}],"player_experience":6592,"relics_obtained":[{"floor":6,"key":"Oddly Smooth Stone"},{"floor":8,"key":"Tough Bandages"},{"floor":9,"key":"Mummified Hand"}],"event_choices":[{"cards_removed":["Defend_G"],"damage_healed":0,"gold_gain":0,"player_choice":"Card Removal","damage_taken":0,"max_hp_gain":0,"max_hp_loss":0,"event_name":"The Cleric","floor":2,"gold_loss":50},{"damage_healed":0,"gold_gain":175,"player_choice":"AGREE","damage_taken":0,"max_hp_gain":0,"max_hp_loss":0,"event_name":"Liars Game","floor":3,"gold_loss":0,"cards_obtained":["Doubt"]},{"cards_removed":["Doubt"],"damage_healed":0,"gold_gain":0,"player_choice":"Card Removal","damage_taken":7,"max_hp_gain":0,"max_hp_loss":0,"event_name":"Golden Wing","floor":4,"gold_loss":0},{"damage_healed":0,"gold_gain":0,"player_choice":"Gave Potion","damage_taken":0,"relics_obtained":["Darkstone Periapt"],"max_hp_gain":0,"max_hp_loss":0,"event_name":"WeMeetAgain","floor":10,"gold_loss":0},{"damage_healed":0,"gold_gain":100,"player_choice":"Pray","damage_taken":0,"max_hp_gain":0,"max_hp_loss":0,"event_name":"Golden Shrine","floor":14,"gold_loss":0}],"is_beta":false,"boss_relics":[],"items_purged_floors":[],"is_endless":false,"potions_floor_spawned":[1,5,6],"killed_by":"The Guardian","ascension_level":0}}