{"host":"porgtwlvhh3hs75v","time":1608786935,"event":{"mods":["ATMod(°¢èªMod)","Act Like it!","BaseMod","GifTheSpireLib","Minty Spire (QoL Compilation)","StSLib"],"gold_per_floor":[14,34,44,63,75,75,101,101,125,144,69,69,83,8,8,82,82,96,96,96,11,25,54,54,83,83,103,3,3,3,29,29,104,104,118,135,151,168,168,168,187,216,287,287,287,94,105,133,133,133,133],"floor_reached":52,"playtime":2071,"items_purged":["Defend_P","Strike_P"],"score":2204,"play_id":"30e39ac9-6a65-4b9a-bef4-0ff1e9661c7b","local_time":"20201224131535","is_ascension_mode":true,"campfire_choices":[{"data":"Eruption","floor":6.0,"key":"SMITH"},{"data":"AT_FocusSwordFire","floor":8.0,"key":"SMITH"},{"data":"Meditate","floor":15.0,"key":"SMITH"},{"data":"AT_RealColorLess","floor":24.0,"key":"SMITH"},{"floor":32.0,"key":"REST"},{"floor":40.0,"key":"RECALL"},{"data":"Pray","floor":45.0,"key":"SMITH"},{"data":"AT_FalsePromise","floor":49.0,"key":"SMITH"}],"circlet_count":0,"master_deck":["AscendersBane","Strike_P","Defend_P","Eruption+1","Vigilance","AT_FocusSwordFire+1","EmptyFist","Meditate+1","FlurryOfBlows","AT_RealColorLess+1","Crescendo","Conclude","Study+1","Prostrate","Omniscience","InnerPeace","Pray+1","FearNoEvil","Madness","Madness","AT_FalsePromise+1","Omniscience"],"relics":["PureWater","AT_ATBox","Du-Vu Doll","HornCleat","Akabeko","VioletLotus","Anchor","Tiny Chest","Lantern","AT_ChloranthyRing","Happy Flower","AT_TrinityForce","Ornamental Fan","Bottled Tornado","Bronze Scales"],"acts_visited":["Exordium","TheCity","TheBeyond"],"potions_floor_usage":[],"damage_taken":[{"damage":0.0,"enemies":"2 Louse","floor":1.0,"turns":2.0},{"damage":7.0,"enemies":"Jaw Worm","floor":2.0,"turns":3.0},{"damage":0.0,"enemies":"Small Slimes","floor":3.0,"turns":2.0},{"damage":7.0,"enemies":"Exordium Thugs","floor":4.0,"turns":2.0},{"damage":0.0,"enemies":"Exordium Wildlife","floor":5.0,"turns":3.0},{"damage":17.0,"enemies":"Lagavulin","floor":7.0,"turns":5.0},{"damage":0.0,"enemies":"Gremlin Gang","floor":10.0,"turns":2.0},{"damage":0.0,"enemies":"Looter","floor":13.0,"turns":1.0},{"damage":21.0,"enemies":"The Guardian","floor":16.0,"turns":8.0},{"damage":0.0,"enemies":"Spheric Guardian","floor":18.0,"turns":2.0},{"damage":0.0,"enemies":"3 Byrds","floor":22.0,"turns":2.0},{"damage":7.0,"enemies":"Slavers","floor":23.0,"turns":4.0},{"damage":21.0,"enemies":"Gremlin Leader","floor":25.0,"turns":4.0},{"damage":12.0,"enemies":"Shelled Parasite and Fungi","floor":27.0,"turns":3.0},{"damage":10.0,"enemies":"Automaton","floor":33.0,"turns":3.0},{"damage":0.0,"enemies":"Orb Walker","floor":35.0,"turns":2.0},{"damage":11.0,"enemies":"3 Shapes","floor":36.0,"turns":4.0},{"damage":0.0,"enemies":"Maw","floor":37.0,"turns":1.0},{"damage":0.0,"enemies":"Transient","floor":38.0,"turns":1.0},{"damage":0.0,"enemies":"Sphere and 2 Shapes","floor":41.0,"turns":2.0},{"damage":0.0,"enemies":"Reptomancer","floor":42.0,"turns":2.0},{"damage":0.0,"enemies":"Writhing Mass","floor":47.0,"turns":2.0},{"damage":0.0,"enemies":"Nemesis","floor":48.0,"turns":1.0},{"damage":0,"enemies":"Awakened One","floor":50,"turns":3},{"damage":0,"enemies":"Donu and Deca","floor":51,"turns":2}],"seed_played":"-3958407554900389534","potions_obtained":[{"floor":3.0,"key":"SkillPotion"},{"floor":5.0,"key":"ColorlessPotion"},{"floor":10.0,"key":"SpeedPotion"},{"floor":18.0,"key":"Block Potion"},{"floor":23.0,"key":"Ancient Potion"},{"floor":33.0,"key":"EssenceOfSteel"}],"is_trial":false,"path_per_floor":["M","M","M","M","M","R","E","R","T","M","$","?","M","?","R","B",null,"M","?","?","?","M","E","R","E","T","M","$","?","$","T","R","B",null,"M","M","M","M","?","R","M","E","T","?","R","$","M","E","R","B","B",null],"character_chosen":"WATCHER","items_purchased":["AT_FalsePromise"],"campfire_rested":1,"item_purchase_floors":[46],"current_hp_per_floor":[61,54,54,47,47,47,30,30,30,30,30,35,35,35,35,14,58,58,58,58,58,58,51,51,30,30,18,18,18,18,18,39,29,62,62,51,51,51,38,38,38,38,38,38,38,38,38,38,38,38,38],"gold":133,"neow_bonus":"ONE_RARE_RELIC","is_daily":false,"chose_seed":false,"campfire_upgraded":6,"win_rate":0.0,"timestamp":1608786935,"path_taken":["M","M","M","M","M","R","E","R","T","M","$","?","M","?","R","BOSS","M","?","?","?","M","E","R","E","T","?","$","?","?","?","R","BOSS","M","?","M","M","?","R","M","E","T","?","R","$","M","E","R","BOSS","BOSS"],"items_purchased_type":["Card"],"build_version":"2020-12-22","purchased_purges":2,"victory":true,"max_hp_per_floor":[68,68,68,68,68,68,68,68,68,68,68,73,73,73,73,73,73,73,73,73,73,73,73,73,73,73,73,73,73,73,73,73,73,73,73,73,73,73,73,73,73,73,73,73,73,73,73,73,73,73,73],"card_choices":[{"not_picked":["FollowUp","EmptyBody"],"picked":"EmptyFist","floor":1.0},{"not_picked":["FlyingSleeves","WheelKick","SashWhip"],"picked":"SKIP","floor":2.0},{"not_picked":["PathToVictory","SashWhip","Halt"],"picked":"SKIP","floor":3.0},{"not_picked":["FlyingSleeves","Nirvana"],"picked":"Meditate","floor":4.0},{"not_picked":["WreathOfFlame","JustLucky","PathToVictory"],"picked":"SKIP","floor":5.0},{"not_picked":["PathToVictory","AT_SoftenMuscles","ClearTheMind"],"picked":"SKIP","floor":7.0},{"not_picked":["Evaluate","Meditate"],"picked":"FlurryOfBlows","floor":10.0},{"not_picked":["EmptyBody","Evaluate"],"picked":"DevaForm","floor":13.0},{"not_picked":["AT_IrregularMenstruation","AT_ChampionKick"],"picked":"AT_RealColorLess","floor":16.0},{"not_picked":["Protect","FollowUp","Consecrate"],"picked":"SKIP","floor":18.0},{"not_picked":["Protect","Vengeance","FlyingSleeves"],"picked":"SKIP","floor":22.0},{"not_picked":["Study","Consecrate","ThirdEye"],"picked":"SKIP","floor":23.0},{"not_picked":["Consecrate","ThirdEye"],"picked":"Study","floor":23.0},{"not_picked":["BowlingBash","WreathOfFlame"],"picked":"Prostrate","floor":25.0},{"not_picked":["AT_OneInchPunch","AT_SoftenMuscles","Protect"],"picked":"SKIP","floor":27.0},{"not_picked":["Vault","AT_RealColorLess"],"picked":"Omniscience","floor":33.0},{"not_picked":["CutThroughFate","EmptyFist+1"],"picked":"InnerPeace","floor":35.0},{"not_picked":["FlurryOfBlows","Vengeance"],"picked":"Pray","floor":36.0},{"not_picked":["FollowUp","Weave+1","SashWhip"],"picked":"SKIP","floor":37.0},{"not_picked":["FollowUp","SashWhip"],"picked":"FearNoEvil","floor":38.0},{"not_picked":["LikeWater","CrushJoints","Pray"],"picked":"SKIP","floor":41.0},{"not_picked":["Pray","Sanctity+1","BowlingBash"],"picked":"SKIP","floor":42.0},{"not_picked":["ThirdEye","Evaluate+1"],"picked":"Omniscience","floor":47.0},{"not_picked":["CutThroughFate","FlurryOfBlows","CrushJoints"],"picked":"SKIP","floor":48.0}],"player_experience":489392,"relics_obtained":[{"floor":7.0,"key":"HornCleat"},{"floor":9.0,"key":"Akabeko"},{"floor":23.0,"key":"Tiny Chest"},{"floor":25.0,"key":"Lantern"},{"floor":26.0,"key":"AT_ChloranthyRing"},{"floor":31.0,"key":"Happy Flower"},{"floor":42.0,"key":"Ornamental Fan"},{"floor":43.0,"key":"Bottled Tornado"},{"floor":48.0,"key":"Bronze Scales"}],"event_choices":[{"damage_healed":0.0,"max_hp_gain":5.0,"max_hp_loss":0.0,"gold_gain":0.0,"event_name":"Big Fish","player_choice":"Donut","floor":12.0,"gold_loss":0.0,"damage_taken":0.0},{"cards_removed":["Defend_P"],"damage_healed":0.0,"max_hp_gain":0.0,"max_hp_loss":0.0,"gold_gain":0.0,"event_name":"The Cleric","player_choice":"Card Removal","floor":14.0,"gold_loss":75.0,"damage_taken":0.0},{"damage_healed":0.0,"max_hp_gain":0.0,"max_hp_loss":0.0,"gold_gain":0.0,"cards_transformed":["Strike_P","Defend_P"],"event_name":"Drug Dealer","player_choice":"Became Test Subject","floor":19.0,"gold_loss":0.0,"damage_taken":0.0,"cards_obtained":["Crescendo","Conclude"]},{"cards_removed":["Strike_P"],"damage_healed":0.0,"max_hp_gain":0.0,"max_hp_loss":0.0,"gold_gain":0.0,"event_name":"Back to Basics","player_choice":"Elegance","floor":20.0,"gold_loss":0.0,"damage_taken":0.0},{"damage_healed":0.0,"max_hp_gain":0.0,"max_hp_loss":0.0,"gold_gain":0.0,"event_name":"Addict","player_choice":"Obtained Relic","floor":21.0,"gold_loss":85.0,"damage_taken":0.0,"relics_obtained":["Anchor"]},{"damage_healed":0.0,"max_hp_gain":0.0,"max_hp_loss":0.0,"gold_gain":0.0,"event_name":"Accursed Blacksmith","player_choice":"Forge","floor":29.0,"gold_loss":0.0,"damage_taken":0.0,"cards_upgraded":["Study"]},{"damage_healed":0.0,"max_hp_gain":0.0,"max_hp_loss":0.0,"gold_gain":0.0,"event_name":"Winding Halls","player_choice":"Embrace Madness","floor":39.0,"gold_loss":0.0,"damage_taken":13.0,"cards_obtained":["Madness","Madness"]},{"cards_removed":["DevaForm"],"damage_healed":0.0,"max_hp_gain":0.0,"max_hp_loss":0.0,"gold_gain":0.0,"event_name":"Falling","player_choice":"Removed Power","floor":44.0,"gold_loss":0.0,"damage_taken":0.0}],"is_beta":false,"boss_relics":[{"not_picked":["Velvet Choker","Runic Dome"],"picked":"VioletLotus"},{"not_picked":["Snecko Eye","SacredBark"],"picked":"AT_TrinityForce"}],"items_purged_floors":[11,28],"is_endless":false,"potions_floor_spawned":[3,5,10,18,23,33,35,42,47,48],"ascension_level":20}}