{"host":"yuhy0i501zzmn1iz","time":1608777773,"event":{"mods":["AchievementEnabler","AlwaysNeverKeys","BaseMod","Bestiary","Better Match","Better Third Choice","Curses Come First","Downfall","Minty Spire (QoL Compilation)","StSLib","The Blue Laboratory","slay the spire mod where everything is the same but ironclad has a cowboy hat"],"gold_per_floor":[109,122,47,65,78,78,104,104,131,148,148,163,178,205,205,309,309,327,327,13,13,13,13,47,47,47,74,74,105,159,190,190,291,291,311,324,18,33,49,81,100,100,126,126,149,161,14,0,0,0,0,0,0,35,35,35],"floor_reached":55,"playtime":5578,"items_purged":["Decay","Catalyst"],"score":911,"play_id":"168c892f-62e5-435d-ba8e-ce6e6f005284","local_time":"20201223214253","is_ascension_mode":true,"campfire_choices":[{"data":"Footwork","floor":6.0,"key":"SMITH"},{"floor":8.0,"key":"REST"},{"floor":11.0,"key":"REST"},{"floor":15.0,"key":"REST"},{"floor":23.0,"key":"REST"},{"data":"Malaise","floor":25.0,"key":"SMITH"},{"floor":28.0,"key":"REST"},{"floor":32.0,"key":"REST"},{"floor":44,"key":"REST"},{"floor":49,"key":"REST"},{"data":"After Image","floor":52,"key":"SMITH"}],"circlet_count":0,"master_deck":["Survivor+1","Neutralize","Grand Finale","Well Laid Plans","Footwork+1","Caltrops","Acrobatics","Distraction+1","Caltrops","Backstab","Phantasmal Killer","Dagger Spray","Acrobatics","All Out Attack","Crippling Poison","Acrobatics","Malaise+1","Dash","Necronomicurse","Blur","Tools of the Trade","Tactician","Terror+1","After Image","Dagger Spray","Malaise+1","Tactician+1","Finisher+1","Thinking Ahead+1","Caltrops","Cloak And Dagger+1","Dagger Throw+1","Cloak And Dagger+1","After Image+1","Trip+1","Parasite","Slice+1","Acrobatics+1"],"relics":["Ring of the Snake","Tiny Chest","Orichalcum","Oddly Smooth Stone","Pandora\u0027s Box","Necronomicon","StoneCalendar","Paper Crane","Toxic Egg 2","Ninja Scroll","Juzu Bracelet","Vajra","Nunchaku","Empty Cage","TungstenRod","War Paint","Blood Vial","Bronze Scales","Red Mask","Bag of Preparation"],"acts_visited":["Exordium","TheCity","TheBeyond","TheEnding"],"potions_floor_usage":[50,55,55,55],"damage_taken":[{"damage":0.0,"enemies":"Small Slimes","floor":1.0,"turns":3.0},{"damage":7.0,"enemies":"2 Louse","floor":2.0,"turns":4.0},{"damage":9.0,"enemies":"Jaw Worm","floor":4.0,"turns":5.0},{"damage":3.0,"enemies":"Exordium Wildlife","floor":5.0,"turns":4.0},{"damage":28.0,"enemies":"3 Sentries","floor":7.0,"turns":10.0},{"damage":1.0,"enemies":"2 Fungi Beasts","floor":10.0,"turns":5.0},{"damage":18.0,"enemies":"Lots of Slimes","floor":12.0,"turns":5.0},{"damage":6.0,"enemies":"Looter","floor":13.0,"turns":5.0},{"damage":10.0,"enemies":"Lagavulin","floor":14.0,"turns":8.0},{"damage":29.0,"enemies":"The Guardian","floor":16.0,"turns":10.0},{"damage":0.0,"enemies":"Shell Parasite","floor":18.0,"turns":6.0},{"damage":0.0,"enemies":"Book of Stabbing","floor":24.0,"turns":7.0},{"damage":25.0,"enemies":"Gremlin Leader","floor":27.0,"turns":7.0},{"damage":0.0,"enemies":"Book of Stabbing","floor":29.0,"turns":7.0},{"damage":35.0,"enemies":"Slavers","floor":31.0,"turns":4.0},{"damage":16,"enemies":"Champ","floor":33,"turns":12},{"damage":7,"enemies":"3 Darklings","floor":35,"turns":6},{"damage":8,"enemies":"3 Shapes","floor":36,"turns":6},{"damage":26,"enemies":"3 Darklings","floor":38,"turns":5},{"damage":10,"enemies":"Maw","floor":39,"turns":7},{"damage":10,"enemies":"Reptomancer","floor":40,"turns":6},{"damage":11,"enemies":"Spire Growth","floor":41,"turns":5},{"damage":15,"enemies":"Writhing Mass","floor":46,"turns":7},{"damage":28,"enemies":"Donu and Deca","floor":50,"turns":11},{"damage":14,"enemies":"Shield and Spear","floor":54,"turns":7},{"damage":74,"enemies":"The Heart","floor":55,"turns":11}],"seed_played":"-8510793082971639641","potions_obtained":[{"floor":2.0,"key":"Slimebound:ThreeZeroPotion"},{"floor":5.0,"key":"blueLaboratory:StoneskinPotion"},{"floor":7.0,"key":"blueLaboratory:ArtificerPotion"},{"floor":10.0,"key":"blueLaboratory:BottleOfRum"},{"floor":12.0,"key":"blueLaboratory:FrostheartPotion"},{"floor":14.0,"key":"DuplicationPotion"},{"floor":24.0,"key":"Strength Potion"},{"floor":27.0,"key":"blueLaboratory:NullPotion"},{"floor":33,"key":"blueLaboratory:NinjaPotion"},{"floor":54,"key":"Weak Potion"}],"is_trial":false,"path_per_floor":["M","M","$","M","M","R","E","R","T","M","R","M","M","E","R","B",null,"M","?","$","?","?","R","E","R","T","E","R","E","T","E","R","B",null,"M","M","$","M","M","E","M","?","T","R","T","M","$","?","R","B",null,"R","$","E","B"],"character_chosen":"THE_SILENT","items_purchased":["StoneCalendar","Thinking Ahead+1","Caltrops","Bronze Scales"],"campfire_rested":8,"item_purchase_floors":[20,37,37,47],"current_hp_per_floor":[70,63,63,54,51,51,23,44,44,43,64,46,40,30,51,22,70,70,54,54,41,41,63,63,63,63,38,60,60,60,25,47,31,75,68,60,60,34,24,14,3,3,3,25,25,12,12,12,34,8,75,75,75,61,0,0],"gold":35,"neow_bonus":"THREE_RARE_CARDS","is_daily":false,"chose_seed":false,"campfire_upgraded":3,"win_rate":0.0,"timestamp":1608777773,"path_taken":["M","M","$","M","M","R","E","R","T","M","R","M","M","E","R","BOSS","M","?","$","?","?","R","E","R","T","E","R","E","?","E","R","BOSS","M","M","$","M","M","E","M","?","T","R","?","M","$","?","R","BOSS","R","$","E","BOSS"],"items_purchased_type":["Relic","Card","Card","Relic"],"build_version":"2020-12-22","purchased_purges":2,"victory":false,"max_hp_per_floor":[70,70,70,70,70,70,70,70,70,70,70,70,70,70,70,70,70,70,70,70,75,75,75,75,75,75,75,75,75,75,75,75,75,75,75,75,75,75,75,75,75,75,75,75,75,75,75,75,75,75,75,75,75,75,75,75],"card_choices":[{"not_picked":["Doppelganger","A Thousand Cuts"],"picked":"Grand Finale","floor":0.0},{"not_picked":["Dagger Spray","Heel Hook"],"picked":"Well Laid Plans","floor":1.0},{"not_picked":["Tactician","Poisoned Stab"],"picked":"Footwork","floor":2.0},{"not_picked":["Leg Sweep","Predator"],"picked":"Caltrops","floor":4.0},{"not_picked":["Flying Knee","Eviscerate"],"picked":"Acrobatics","floor":5.0},{"not_picked":["Night Terror","Bane"],"picked":"Distraction","floor":7.0},{"not_picked":["Dodge and Roll","Dagger Spray"],"picked":"Quick Slash","floor":10.0},{"not_picked":["Underhanded Strike","Concentrate"],"picked":"Caltrops","floor":12.0},{"not_picked":["Envenom","Acrobatics"],"picked":"Backstab","floor":13.0},{"not_picked":["Heel Hook","Acrobatics"],"picked":"Bouncing Flask","floor":14.0},{"not_picked":["Doppelganger","Envenom"],"picked":"Phantasmal Killer","floor":16.0},{"not_picked":["Prepared","Heel Hook","Deflect"],"picked":"SKIP","floor":18.0},{"not_picked":["All Out Attack+1","Bouncing Flask"],"picked":"Tactician","floor":24.0},{"not_picked":["Underhanded Strike","Sucker Punch"],"picked":"Terror+1","floor":27.0},{"not_picked":["Backflip+1","Accuracy"],"picked":"After Image","floor":29.0},{"not_picked":["Riddle With Holes+1","Endless Agony"],"picked":"Dagger Spray","floor":31.0},{"not_picked":["Wraith Form v2","Die Die Die"],"picked":"Malaise+1","floor":33},{"not_picked":["Sucker Punch","Escape Plan+1"],"picked":"Tactician+1","floor":35},{"not_picked":["Calculated Gamble+1","Reflex+1"],"picked":"Finisher+1","floor":36},{"not_picked":["Backflip+1","Underhanded Strike"],"picked":"Cloak And Dagger+1","floor":38},{"not_picked":["Quick Slash","Dodge and Roll+1"],"picked":"Dagger Throw+1","floor":39},{"not_picked":["Prepared+1","Deadly Poison+1"],"picked":"Cloak And Dagger+1","floor":40},{"not_picked":["Blade Dance+1","Slice"],"picked":"After Image","floor":41},{"not_picked":["expansioncontent:YouAreMine+1","Jack Of All Trades+1"],"picked":"Trip+1","floor":42},{"not_picked":["Underhanded Strike+1","Predator+1"],"picked":"Slice+1","floor":46},{"not_picked":["Poisoned Stab","Catalyst+1"],"picked":"Acrobatics+1","floor":54}],"player_experience":234587,"relics_obtained":[{"floor":7.0,"key":"Tiny Chest"},{"floor":9.0,"key":"Orichalcum"},{"floor":14.0,"key":"Oddly Smooth Stone"},{"floor":19.0,"key":"Necronomicon"},{"floor":24.0,"key":"Paper Crane"},{"floor":26.0,"key":"Toxic Egg 2"},{"floor":27.0,"key":"Ninja Scroll"},{"floor":29.0,"key":"Juzu Bracelet"},{"floor":30.0,"key":"Vajra"},{"floor":31.0,"key":"Nunchaku"},{"floor":40,"key":"TungstenRod"},{"floor":43,"key":"War Paint"},{"floor":45,"key":"Blood Vial"},{"floor":54,"key":"Bag of Preparation"}],"event_choices":[{"damage_healed":0.0,"max_hp_gain":0.0,"max_hp_loss":0.0,"gold_gain":0.0,"event_name":"Cursed Tome","player_choice":"Obtained Book","floor":19.0,"gold_loss":0.0,"damage_taken":16.0},{"damage_healed":0.0,"max_hp_gain":5.0,"max_hp_loss":0.0,"gold_gain":0.0,"event_name":"Forgotten Altar","player_choice":"Shed Blood","floor":21.0,"gold_loss":0.0,"damage_taken":18.0},{"damage_healed":0.0,"max_hp_gain":0.0,"max_hp_loss":0.0,"gold_gain":0.0,"cards_transformed":["Envenom","Quick Slash"],"event_name":"Drug Dealer","player_choice":"Became Test Subject","floor":22.0,"gold_loss":0.0,"damage_taken":0.0,"cards_obtained":["Blur","Tools of the Trade"]},{"damage_healed":0,"gold_gain":0,"player_choice":"Memory 1","damage_taken":0,"max_hp_gain":0,"max_hp_loss":0,"event_name":"SensoryStone","floor":42,"gold_loss":0},{"damage_healed":0,"gold_gain":0,"player_choice":"Paid","damage_taken":0,"relics_obtained":["Red Mask"],"max_hp_gain":0,"max_hp_loss":0,"event_name":"Tomb of Lord Red Mask","floor":48,"gold_loss":14}],"is_beta":false,"boss_relics":[{"not_picked":["SlaversCollar","Cursed Key"],"picked":"Pandora\u0027s Box"},{"not_picked":["Astrolabe","Black Star"],"picked":"Empty Cage"}],"items_purged_floors":[3,37],"is_endless":false,"potions_floor_spawned":[2,5,7,10,12,14,24,27,33,38,39,54],"killed_by":"The Heart","ascension_level":2}}