{"host":"npubv26u89aif4fa","time":1608789092,"event":{"mods":["Astrologer","BaseMod","Better Vampires","Better-Laid Plans","Colored Powertips","GifTheSpireLib","GungeonMod","HornydragonMod","Hubris","Jedi Mod","KinomotoSakuraMod(木之本樱)","Minty Spire (QoL Compilation)","Quick Restart","Remilia（蕾米莉亚）","Replay The Spire","StSLib","Td1madao Mod","The Administrix","The Alterego","The Bug Knight","The Cursed","The Mystic","The Runesmith","TheWitcher","Yuri Mod","Yuyuko"],"gold_per_floor":[363,323,68,83,93,93,153,153,153,168,181,199,230,243,243,253,253,271,271,286,286,306,359,378,408,408,104,104,156,171,171,171,275,275,285,325,364,72,72,139,201,224,248,272,320,320,358,383,383,401,401,401,123,190,206],"floor_reached":56,"playtime":10217,"items_purged":["DemoMod:Strike_Huntress","DemoMod:RustySidearm","DemoMod:CrossBow"],"score":1291,"play_id":"59ecfd00-cf32-476e-b33b-86b930b823ae","local_time":"20201224135132","is_ascension_mode":false,"campfire_choices":[{"data":"DemoMod:PotionOfGunFriendShip","floor":6.0,"key":"SMITH"},{"floor":8.0,"key":"RECALL"},{"data":"DemoMod:TableSutra","floor":15.0,"key":"SMITH"},{"floor":32,"key":"REST"},{"floor":46,"key":"REST"},{"floor":49,"key":"REST"},{"data":"DemoMod:EasyReloadBullets","floor":52,"key":"SMITH"}],"circlet_count":0,"master_deck":["DemoMod:Strike_Huntress","DemoMod:Defend_Huntress","DemoMod:Defend_Huntress","DemoMod:Defend_Huntress","DemoMod:Defend_Huntress","DemoMod:Roll","DemoMod:ManualReload","DemoMod:PotionOfGunFriendShip+1","DemoMod:ChanceBullets","DemoMod:TripleGun","DemoMod:HungryBullets","DemoMod:FightSabre","DemoMod:CursedBullets","DemoMod:TableSutra+1","DemoMod:ProbeStrike","DemoMod:FinishedGun","DemoMod:GunShield","DemoMod:ConditionalReflex+1","DemoMod:FeignSurrender+1","DemoMod:DoubleSwitch","DemoMod:FortunesFavor","DemoMod:SuppressiveFire","DemoMod:HungryBullets","DemoMod:SpreadAmmo","DemoMod:Eureka","DemoMod:BalloonGun","DemoMod:Rummage","DemoMod:ThirdPartyController","DemoMod:EasyReloadBullets+1","DemoMod:HardPowerCard+1","ReplayUltimateDefense","DemoMod:ChanceBullets+1","BlasphemousPunishment"],"relics":["DemoMod:Dog","Garlic","TungstenRod","Shuriken","Runesmith:Locket","hubris:HollowSoul","hubris:Icosahedron","hubris:Metronome","Anchor","Onion Ring","Philosopher\u0027s Stone","BargainBundle","Simple Rune","Durian","hubris:DisguiseKit","Nunchaku","Centennial Puzzle","Prayer Wheel","Replay:Bandana","OrangePellets","hubris:SlimyHat"],"acts_visited":["Exordium","TheCity","TheBeyond","TheEnding"],"potions_floor_usage":[29,33,55,55],"damage_taken":[{"damage":0.0,"enemies":"Cultist","floor":1.0,"turns":3.0},{"damage":2.0,"enemies":"Small Slimes","floor":4.0,"turns":3.0},{"damage":2.0,"enemies":"Jaw Worm","floor":5.0,"turns":5.0},{"damage":3.0,"enemies":"Gremlin Nob","floor":7.0,"turns":3.0},{"damage":4.0,"enemies":"Lots of Slimes","floor":10.0,"turns":5.0},{"damage":2.0,"enemies":"Blue Slaver","floor":11.0,"turns":3.0},{"damage":0.0,"enemies":"3 Louse","floor":12.0,"turns":3.0},{"damage":10.0,"enemies":"Lagavulin","floor":13.0,"turns":7.0},{"damage":0.0,"enemies":"Looter","floor":14.0,"turns":4.0},{"damage":11.0,"enemies":"The Guardian","floor":16.0,"turns":9.0},{"damage":0.0,"enemies":"3 Byrds","floor":18.0,"turns":4.0},{"damage":0.0,"enemies":"Spheric Guardian","floor":20.0,"turns":2.0},{"damage":12.0,"enemies":"Snake Plant","floor":22.0,"turns":4.0},{"damage":8.0,"enemies":"Gremlin Leader","floor":23.0,"turns":5.0},{"damage":8.0,"enemies":"Shelled Parasite and Fungi","floor":24.0,"turns":5.0},{"damage":12.0,"enemies":"Centurion and Healer","floor":25.0,"turns":7.0},{"damage":9,"enemies":"Slavers","floor":29,"turns":7},{"damage":8,"enemies":"Sentry and Sphere","floor":30,"turns":4},{"damage":18,"enemies":"Champ","floor":33,"turns":9},{"damage":7,"enemies":"3 Shapes","floor":35,"turns":2},{"damage":0,"enemies":"3 Darklings","floor":36,"turns":5},{"damage":6,"enemies":"Sphere and 2 Shapes","floor":37,"turns":20},{"damage":38,"enemies":"Giant Head","floor":40,"turns":10},{"damage":0,"enemies":"Jaw Worm Horde","floor":41,"turns":26},{"damage":0,"enemies":"Jaw Worm Horde","floor":42,"turns":4},{"damage":11,"enemies":"Writhing Mass","floor":44,"turns":6},{"damage":8,"enemies":"Nemesis","floor":45,"turns":5},{"damage":4,"enemies":"Sphere and 2 Shapes","floor":47,"turns":6},{"damage":0,"enemies":"Giant Head","floor":48,"turns":5},{"damage":38,"enemies":"Time Eater","floor":50,"turns":8},{"damage":16,"enemies":"Shield and Spear","floor":54,"turns":5},{"damage":35,"enemies":"The Heart","floor":55,"turns":11}],"seed_played":"6162686603118621762","potions_obtained":[{"floor":2.0,"key":"Regen Potion"},{"floor":2.0,"key":"SteroidPotion"},{"floor":2.0,"key":"Cursed Concoction"},{"floor":7.0,"key":"Swift Potion"},{"floor":23.0,"key":"Swift Potion"},{"floor":24.0,"key":"Reflective Coating"},{"floor":25.0,"key":"SteroidPotion"},{"floor":29,"key":"Strength Potion"},{"floor":33,"key":"Elixir"},{"floor":40,"key":"Fire Potion"}],"is_trial":false,"path_per_floor":["M","?","$","M","M","R","E","R","T","M","M","M","E","M","R","B",null,"M","?","M","?","M","E","M","M","T","$","?","E","M","?","R","B",null,"M","M","M","$","?","E","?","M","T","M","E","R","?","E","R","B",null,"R","$","E","B",null],"character_chosen":"HUNTRESS","items_purchased":["Garlic","DemoMod:SuppressiveFire","DemoMod:HungryBullets","BargainBundle","DemoMod:EasyReloadBullets","DemoMod:HardPowerCard+1","ReplayUltimateDefense","SpeedPotion","OrangePellets"],"campfire_rested":3,"item_purchase_floors":[3,27,27,38,38,38,38,38,53],"current_hp_per_floor":[49,49,49,52,50,50,47,47,47,43,41,41,31,31,31,20,70,70,70,70,70,58,50,42,30,30,30,30,21,13,13,34,16,70,63,63,57,57,57,19,24,24,24,13,5,27,23,23,45,7,75,75,75,59,24],"gold":206,"neow_bonus":"TWO_FIFTY_GOLD","is_daily":false,"chose_seed":false,"campfire_upgraded":3,"win_rate":0.0,"timestamp":1608789092,"path_taken":["M","?","$","M","?","R","E","R","T","M","M","M","E","M","R","BOSS","M","?","M","?","?","E","M","M","T","$","?","E","M","?","R","BOSS","M","M","M","$","?","E","?","M","T","M","E","R","?","E","R","BOSS","R","$","E","BOSS"],"items_purchased_type":["Relic","Card","Card","Relic","Card","Card","Card","Potion","Relic"],"build_version":"2020-12-22","purchased_purges":3,"victory":true,"max_hp_per_floor":[70,70,70,70,70,70,70,70,70,70,70,70,70,70,70,70,70,70,70,70,70,70,70,70,70,70,70,70,70,70,70,70,70,70,70,70,70,70,70,70,75,75,75,75,75,75,75,75,75,75,75,75,75,75,75],"card_choices":[{"not_picked":["DemoMod:TeaPot","DemoMod:EasyReloadBullets"],"picked":"DemoMod:PotionOfGunFriendShip","floor":1.0},{"not_picked":["DemoMod:PracticeMakesPerfect","DemoMod:PotionOfGunFriendShip"],"picked":"DemoMod:ChanceBullets","floor":1.0},{"not_picked":["DemoMod:MachoBrace","DemoMod:GunShield"],"picked":"DemoMod:TripleGun","floor":4.0},{"not_picked":["DemoMod:JK47","DemoMod:BoxingGlove","DemoMod:ConditionalReflex"],"picked":"SKIP","floor":5.0},{"not_picked":["DemoMod:LifeOrb","DemoMod:Camera"],"picked":"DemoMod:HungryBullets","floor":7.0},{"not_picked":["DemoMod:DoubleSwitch","DemoMod:GunstockTap"],"picked":"DemoMod:FightSabre","floor":10.0},{"not_picked":["DemoMod:DoubleSwitch","DemoMod:AC15"],"picked":"DemoMod:CursedBullets","floor":11.0},{"not_picked":["DemoMod:TeaPot","DemoMod:HuntsMan"],"picked":"DemoMod:TableSutra","floor":12.0},{"not_picked":["DemoMod:EasyReloadBullets","DemoMod:TeaPot"],"picked":"DemoMod:ProbeStrike","floor":13.0},{"not_picked":["DemoMod:HuntsMan","DemoMod:FastSwitch","DemoMod:ConditionalReflex"],"picked":"SKIP","floor":14.0},{"not_picked":["DemoMod:BalloonGun","DemoMod:BlackHoleGun"],"picked":"DemoMod:FinishedGun","floor":16.0},{"not_picked":["DemoMod:BattleInHaste","DemoMod:PotionOfGunFriendShip+1"],"picked":"DemoMod:GunShield","floor":18.0},{"not_picked":["DemoMod:DoubleSwitch","DemoMod:HighKaliber"],"picked":"DemoMod:ConditionalReflex+1","floor":18.0},{"not_picked":["DemoMod:HuntsMan","DemoMod:FortunesFavor"],"picked":"DemoMod:FeignSurrender+1","floor":20.0},{"not_picked":["DemoMod:HuntsMan","DemoMod:Ejector"],"picked":"DemoMod:DoubleSwitch","floor":22.0},{"not_picked":["DemoMod:GunslingerForm","DemoMod:MachoBrace"],"picked":"DemoMod:DirectionalPad+1","floor":23.0},{"not_picked":["DemoMod:BoxingGlove+1","DemoMod:FastSwitch","DemoMod:DoubleSwitch+1"],"picked":"SKIP","floor":24.0},{"not_picked":["DemoMod:AC15+1","DemoMod:Unmoved"],"picked":"DemoMod:FortunesFavor","floor":25.0},{"not_picked":["DemoMod:Polaris","DemoMod:FeignSurrender","DemoMod:ChanceBullets"],"picked":"SKIP","floor":29},{"not_picked":["DemoMod:DoubleSwitch","DemoMod:Ejector"],"picked":"DemoMod:DirectionalPad+1","floor":30},{"not_picked":["DemoMod:TeaPot","DemoMod:BSG","DemoMod:ZorGun+1"],"picked":"SKIP","floor":30},{"not_picked":["DemoMod:ThirdPartyController","DemoMod:BlackHoleGun"],"picked":"DemoMod:Eureka","floor":33},{"not_picked":["DemoMod:DarkMarker","DemoMod:BSG"],"picked":"DemoMod:BalloonGun","floor":33},{"not_picked":["DemoMod:LifeOrb","DemoMod:Unmoved+1","DemoMod:Rummage"],"picked":"SKIP","floor":35},{"not_picked":["DemoMod:LifeOrb","DemoMod:Unmoved+1"],"picked":"DemoMod:Rummage","floor":35},{"not_picked":["DemoMod:FastSwitch+1","DemoMod:SAA+1","DemoMod:DirectionalPad+1"],"picked":"SKIP","floor":36},{"not_picked":["DemoMod:AC15+1","DemoMod:StickyCrossBow"],"picked":"DemoMod:ThirdPartyController","floor":37},{"not_picked":["DemoMod:FastSwitch+1","DemoMod:BoxingGlove","DemoMod:SuppressiveFire"],"picked":"SKIP","floor":40},{"not_picked":["DemoMod:AWP","DemoMod:PotionOfGunFriendShip","DemoMod:HardPowerCard+1"],"picked":"SKIP","floor":41},{"not_picked":["DemoMod:BoxingGlove+1","DemoMod:Ejector+1"],"picked":"DemoMod:ChanceBullets+1","floor":42},{"not_picked":["DemoMod:ZorGun","DemoMod:BlankBullets","DemoMod:CursedBullets+1"],"picked":"BlasphemousPunishment","floor":44},{"not_picked":["DemoMod:ConditionalReflex","DemoMod:SAA","DemoMod:Unmoved+1","DiffusionOfMisfortune"],"picked":"SKIP","floor":44},{"not_picked":["DemoMod:Ejector+1","DemoMod:PotionOfGunFriendShip","DemoMod:StickyCrossBow+1","BadLadyScramble"],"picked":"SKIP","floor":45},{"not_picked":["DemoMod:FortunesFavor","DemoMod:Rummage+1","DemoMod:Unmoved+1","VampireKiss"],"picked":"SKIP","floor":47},{"not_picked":["DemoMod:ChanceBullets","DemoMod:TeaPot","DemoMod:Slinger","FavorOfDestiny"],"picked":"SKIP","floor":48},{"not_picked":["DemoMod:BoxingGlove","DemoMod:HungryBullets","DemoMod:ConditionalReflex","ForbiddenFruit"],"picked":"SKIP","floor":54}],"player_experience":137196,"relics_obtained":[{"floor":7.0,"key":"TungstenRod"},{"floor":9.0,"key":"Shuriken"},{"floor":13.0,"key":"Runesmith:Locket"},{"floor":23.0,"key":"Anchor"},{"floor":29,"key":"Onion Ring"},{"floor":40,"key":"Simple Rune"},{"floor":41,"key":"Durian"},{"floor":42,"key":"hubris:DisguiseKit"},{"floor":43,"key":"Nunchaku"},{"floor":45,"key":"Centennial Puzzle"},{"floor":47,"key":"Prayer Wheel"},{"floor":48,"key":"Replay:Bandana"},{"floor":54,"key":"hubris:SlimyHat"}],"event_choices":[{"damage_healed":0.0,"max_hp_gain":0.0,"max_hp_loss":0.0,"gold_gain":0.0,"event_name":"The Woman in Blue","player_choice":"Bought 3 Potions","floor":2.0,"gold_loss":0.0,"damage_taken":0.0},{"damage_healed":0.0,"max_hp_gain":0.0,"max_hp_loss":0.0,"gold_gain":0.0,"event_name":"WeMeetAgain","player_choice":"Gave Potion","floor":21.0,"gold_loss":0.0,"damage_taken":0.0,"relics_obtained":["hubris:Metronome"]},{"damage_healed":0,"gold_gain":0,"player_choice":"Simplicity","damage_taken":0,"max_hp_gain":0,"max_hp_loss":0,"event_name":"Back to Basics","floor":31,"gold_loss":0,"cards_upgraded":["DemoMod:Strike_Huntress","DemoMod:Strike_Huntress","DemoMod:Defend_Huntress","DemoMod:Defend_Huntress","DemoMod:Defend_Huntress","DemoMod:Defend_Huntress"]},{"cards_removed":["DemoMod:Strike_Huntress"],"damage_healed":0,"gold_gain":0,"player_choice":"Removed Attack","damage_taken":0,"max_hp_gain":0,"max_hp_loss":0,"event_name":"Falling","floor":39,"gold_loss":0}],"is_beta":false,"boss_relics":[{"not_picked":["hubris:Stopwatch","SlaversCollar"],"picked":"hubris:HollowSoul"},{"not_picked":["Replay:Drink Me","Astrolabe"],"picked":"Philosopher\u0027s Stone"}],"items_purged_floors":[27,38,53],"is_endless":false,"potions_floor_spawned":[7,10,12,13,14,23,24,25,29,33,40,44,45,48],"ascension_level":0}}