{"host":"f6tqpspb2ou2a4h5","time":1608798423,"event":{"mods":["2.2 Compatiblity","Ascension Unlocker","BaseMod","Colored Map","DeckTracker","Hermit","Highlight Path","KOR Keyword Fix","Keyboard Shortcuts","Minty Spire (QoL Compilation)","Permanent Neow","Quick Restart","Random Character Button","StSLib","SuperFastMode","The Poker Player","everything is the same but u backflip on backflip"],"gold_per_floor":[218,71,71,92,105,141,164,164,164,5,44,44,80,103,103,103,103],"floor_reached":16,"playtime":738,"items_purged":[],"score":240,"play_id":"c8d7512a-e645-4284-865e-d481284eb3b5","local_time":"20201224172703","is_ascension_mode":true,"campfire_choices":[{"data":"Noxious Fumes","floor":12,"key":"SMITH"},{"data":"Dagger Spray","floor":15,"key":"SMITH"}],"circlet_count":0,"master_deck":["AscendersBane","Strike_G","Strike_G","Strike_G","Strike_G","Strike_G","Defend_G","Defend_G","Defend_G","Defend_G","Defend_G","Survivor","Neutralize","Dagger Spray","Dagger Spray+1","Well Laid Plans","Cloak And Dagger","Endless Agony","Escape Plan","Noxious Fumes+1","Flash of Steel","Dagger Throw","Quick Slash","Catalyst"],"relics":["Ring of the Snake","Golden Idol","PreservedInsect","Strawberry","Bottled Lightning","Bag of Marbles"],"acts_visited":["Exordium"],"potions_floor_usage":[11],"damage_taken":[{"damage":2.0,"enemies":"Cultist","floor":1.0,"turns":5.0},{"damage":7.0,"enemies":"2 Louse","floor":4.0,"turns":4.0},{"damage":1.0,"enemies":"Jaw Worm","floor":5.0,"turns":4.0},{"damage":12.0,"enemies":"3 Sentries","floor":6.0,"turns":7.0},{"damage":3.0,"enemies":"Looter","floor":7.0,"turns":4.0},{"damage":8,"enemies":"Gremlin Nob","floor":11,"turns":3},{"damage":11,"enemies":"3 Sentries","floor":13,"turns":5},{"damage":0,"enemies":"Large Slime","floor":14,"turns":4},{"damage":49,"enemies":"Slime Boss","floor":16,"turns":8}],"seed_played":"-7181071663781699721","potions_obtained":[{"floor":4.0,"key":"Explosive Potion"}],"is_trial":false,"path_per_floor":["M","$","?","M","M","E","M","?","T","$","E","R","E","M","R","B"],"character_chosen":"THE_SILENT","items_purchased":["Dagger Spray","Well Laid Plans","Strength Potion","Flash of Steel","Dagger Throw"],"campfire_rested":0,"item_purchase_floors":[2,2,2,10,10],"current_hp_per_floor":[57,57,57,50,49,37,34,60,67,67,59,59,48,48,48,0,0],"gold":103,"neow_bonus":"HUNDRED_GOLD","is_daily":false,"chose_seed":false,"campfire_upgraded":2,"win_rate":0.0,"timestamp":1608798423,"path_taken":["M","$","?","M","M","E","M","?","T","$","E","R","E","M","R","BOSS"],"items_purchased_type":["Card","Card","Potion","Card","Card"],"build_version":"2020-12-22","purchased_purges":0,"victory":false,"max_hp_per_floor":[66,66,60,60,60,60,60,60,67,67,67,67,67,67,67,67,67],"card_choices":[{"not_picked":["Dodge and Roll","Deadly Poison"],"picked":"Dagger Spray","floor":1.0},{"not_picked":["Quick Slash","Outmaneuver"],"picked":"Cloak And Dagger","floor":4.0},{"not_picked":["Flechettes","Acrobatics"],"picked":"Endless Agony","floor":5.0},{"not_picked":["Prepared","Catalyst"],"picked":"Escape Plan","floor":6.0},{"not_picked":["Infinite Blades","Reflex"],"picked":"Noxious Fumes","floor":7.0},{"not_picked":["Heel Hook","Quick Slash","Slice"],"picked":"SKIP","floor":11},{"not_picked":["Heel Hook","Slice"],"picked":"Quick Slash","floor":11},{"not_picked":["Dodge and Roll","Tools of the Trade"],"picked":"Catalyst","floor":13},{"not_picked":["Well Laid Plans","Outmaneuver","Dagger Throw"],"picked":"SKIP","floor":14}],"player_experience":36946,"relics_obtained":[{"floor":6.0,"key":"PreservedInsect"},{"floor":9.0,"key":"Strawberry"},{"floor":11,"key":"Bottled Lightning"},{"floor":13,"key":"Bag of Marbles"}],"event_choices":[{"damage_healed":0.0,"max_hp_gain":0.0,"max_hp_loss":6.0,"gold_gain":0.0,"event_name":"Golden Idol","player_choice":"Lose Max HP","floor":3.0,"gold_loss":0.0,"damage_taken":0.0,"relics_obtained":["Golden Idol"]},{"damage_healed":26.0,"max_hp_gain":0.0,"max_hp_loss":0.0,"gold_gain":0.0,"event_name":"Wheel of Change","player_choice":"Full Heal","floor":8.0,"gold_loss":0.0,"damage_taken":0.0}],"is_beta":false,"boss_relics":[],"items_purged_floors":[],"is_endless":false,"potions_floor_spawned":[4,5],"killed_by":"Slime Boss","ascension_level":20}}