{"host":"yd9r7zy2pq4z3cad","time":1608829284,"event":{"mods":["AchievementEnabler","Act Like it!","Astrologer","BaseMod","Beaked The Cultist","Better Third Choice","BetterRewards","Colored Map","Colored Powertips","Conspire","Curses Come First","Displayed Cursed Tome","Downfall","Elementarium","GifTheSpireLib","Halation","Hallownest","Hermit","Highlight Path","Hubris","Infinite Spire","Jorbs\u0027s Wanderer Trilogy","Menagerie","Minty Spire (QoL Compilation)","Pale of the Ancients","Permanent Neow","Rare Cards Sparkle","Relic Sorter","Relic Stats","Replay The Spire","Shade Mod","StSLib","Stuff the Spire","The Alterego","The Blackbeard","The Bladedancer","The Bug Knight","The Cursed","The Dragon Tamer","The Exalted","The Factory","The Forsaken","The Gatherer","The Hierophant","The Jungle","The Mystic","The Necromancer","The Problem Sleuth","The Runesmith","The Servant 0.9.4","The Spell Scribe","vexMod"],"gold_per_floor":[114,134,7,7,26,52,52,84,84,10,43,43,61,76,76,173,173,192,192,212,229,1,1,1,33,33,53,63,75,25,25,25,42,42],"floor_reached":33,"playtime":1562,"items_purged":["Strike_R","theForsaken:PlagueCurse"],"score":287,"play_id":"0c1a5a79-6db7-4fff-8082-3919289dda37","local_time":"20201224220124","is_ascension_mode":false,"campfire_choices":[{"data":"Iron Wave","floor":7,"key":"SMITH"},{"floor":15,"key":"DIG"},{"floor":23,"key":"REST"},{"floor":32,"key":"REST"}],"circlet_count":0,"master_deck":["Strike_R","Strike_R","Strike_R","Strike_R","Defend_R","Defend_R","Defend_R","Defend_R","Bash","Iron Wave+1","Cleave","Twin Strike","Twin Strike","hubris:ReadiedAction+1","Flex","Thunderclap","CurseOfTheBell","Anger","Battle Trance","Rampage","Armaments","conspire:SpireCoStock"],"relics":["Burning Blood","NeowsBlessing","halation:EternalFortune","Vajra","Lantern","Ornamental Fan","conspire:Dentures","Hallownest:DreamNailRelic","StuffTheSpire:OldFever","Calling Bell","StuffTheSpire:Experiment12","Bromod:ArcaneGuardian","Prayer Wheel","theForsaken:PlagueMask","halation:BottledLove","beaked:ShinyBauble","Replay:Baseball"],"acts_visited":["Hallownest:Greenpath","TheCity"],"potions_floor_usage":[8,8,11,16,25,27,28,29,33],"damage_taken":[{"damage":0,"enemies":"Hallownest:monsterHuskGuard","floor":1,"turns":1},{"damage":0,"enemies":"Hallownest:2_Baldur","floor":2,"turns":1},{"damage":0,"enemies":"Hallownest:2_MossCreeps","floor":5,"turns":1},{"damage":16,"enemies":"Hallownest:eliteMossKnight","floor":6,"turns":9},{"damage":20,"enemies":"Hallownest:eliteCrystalGuardian","floor":8,"turns":6},{"damage":20,"enemies":"Hallownest:eliteMossKnight","floor":11,"turns":7},{"damage":7,"enemies":"Hallownest:Guard_and_Warrior","floor":13,"turns":4},{"damage":2,"enemies":"Hallownest:monsterFoolEater","floor":14,"turns":2},{"damage":21,"enemies":"Hallownest:BossBrokenVessel","floor":16,"turns":8},{"damage":10,"enemies":"Shell Parasite","floor":18,"turns":5},{"damage":18,"enemies":"Spheric Guardian","floor":20,"turns":4},{"damage":31,"enemies":"Snecko","floor":21,"turns":5},{"damage":18,"enemies":"Gremlin Leader","floor":25,"turns":6},{"damage":16,"enemies":"Snake Plant","floor":27,"turns":3},{"damage":8,"enemies":"conspire:HollyBat","floor":28,"turns":6},{"damage":13,"enemies":"Shelled Parasite and Fungi","floor":29,"turns":4},{"damage":68,"enemies":"Automaton","floor":33,"turns":8}],"seed_played":"-4955082435286740961","potions_obtained":[{"floor":1,"key":"LifebloodPotion"},{"floor":6,"key":"Cursed Concoction"},{"floor":13,"key":"FearPotion"},{"floor":14,"key":"SpeedPotion"},{"floor":21,"key":"AttackPotion"},{"floor":27,"key":"Fire Potion"},{"floor":29,"key":"sneckomod:MuddlingPotion"}],"is_trial":false,"path_per_floor":["M","M","$","?","M","E","R","E","T","$","E","?","M","M","R_BF","B",null,"M","?","M","M","$","R","?","E","T","M","M","M","?","T","R","B"],"character_chosen":"IRONCLAD","items_purchased":["Cleave","Adrenaline Potion","hubris:ReadiedAction","Rampage","Energy Potion"],"campfire_rested":2,"item_purchase_floors":[3,10,10,22,22],"current_hp_per_floor":[80,80,80,83,83,73,73,59,59,59,45,45,47,51,51,36,86,82,82,70,45,45,70,70,58,58,51,49,42,42,42,68,0,0],"gold":42,"neow_bonus":"THREE_ENEMY_KILL","is_daily":false,"chose_seed":false,"campfire_upgraded":1,"win_rate":0.0,"timestamp":1608829284,"path_taken":["M","?","$","?","M","E","R","E","T","$","E","?","M","?","R_BF","BOSS","M","?","M","M","$","R","?","E","T","M","?","M","?","?","R","BOSS"],"items_purchased_type":["Card","Potion","Card","Card","Potion"],"build_version":"2020-12-22","purchased_purges":2,"victory":false,"max_hp_per_floor":[80,80,80,83,83,83,83,83,83,83,83,83,86,86,86,86,86,86,86,86,86,86,86,86,86,86,89,89,89,89,89,89,89,89],"relic_stats":{"counters":[32,195],"Ornamental Fan":[104],"Prayer Wheel":6,"obtain_stats":[{"ReplayFunnel":23,"Lantern":8,"beaked:ShinyBauble":26,"Vajra":6,"theForsaken:Lifeblossom":29,"Hallownest:DreamNailRelic":4,"theForsaken:PlagueMask":19,"Burning Blood":0,"StuffTheSpire:Experiment12":17,"infinitespire:Bottled Soul":10,"Bromod:ArcaneTempo":6,"infinitespire:Golems Mask":20,"Prayer Wheel":17,"InkBottle":26,"Bromod:ArcaneGuardian":17,"Gremlin Food":23,"conspire:Dentures":11,"NeowsBlessing":0,"halation:BottledLove":25,"Circlet":13,"Thread and Needle":0,"Replay:Kaleidoscope":0,"Letter Opener":9,"Orichalcum":22,"hubris:Zylophone":2,"Calling Bell":17,"Replay:Baseball":31,"Ornamental Fan":9,"halation:EternalFortune":4,"Black Star":17,"StuffTheSpire:OldFever":15},{"ReplayFunnel":11,"Lantern":20,"beaked:ShinyBauble":28,"Vajra":19,"theForsaken:Lifeblossom":12,"Hallownest:DreamNailRelic":2,"theForsaken:PlagueMask":25,"Burning Blood":0,"StuffTheSpire:Experiment12":24,"infinitespire:Bottled Soul":5,"Bromod:ArcaneTempo":3,"infinitespire:Golems Mask":9,"Prayer Wheel":24,"InkBottle":12,"Bromod:ArcaneGuardian":24,"Gremlin Food":11,"conspire:Dentures":21,"NeowsBlessing":15,"halation:BottledLove":28,"Circlet":6,"Thread and Needle":0,"Replay:Kaleidoscope":0,"Letter Opener":4,"Orichalcum":10,"hubris:Zylophone":1,"Calling Bell":24,"Replay:Baseball":31,"Ornamental Fan":20,"halation:EternalFortune":17,"Black Star":8,"StuffTheSpire:OldFever":23},{"ReplayFunnel":86,"Lantern":133,"beaked:ShinyBauble":174,"Vajra":127,"theForsaken:Lifeblossom":93,"Hallownest:DreamNailRelic":12,"theForsaken:PlagueMask":159,"Burning Blood":0,"StuffTheSpire:Experiment12":154,"infinitespire:Bottled Soul":44,"Bromod:ArcaneTempo":25,"infinitespire:Golems Mask":75,"Prayer Wheel":154,"InkBottle":93,"Bromod:ArcaneGuardian":154,"Gremlin Food":86,"conspire:Dentures":140,"NeowsBlessing":115,"halation:BottledLove":174,"Circlet":50,"Thread and Needle":0,"Replay:Kaleidoscope":0,"Letter Opener":37,"Orichalcum":79,"hubris:Zylophone":5,"Calling Bell":154,"Replay:Baseball":187,"Ornamental Fan":133,"halation:EternalFortune":117,"Black Star":67,"StuffTheSpire:OldFever":146}],"Burning Blood":162},"card_choices":[{"not_picked":["Reckless Charge","StuffTheSpire:RockThrow"],"picked":"Iron Wave","floor":1},{"not_picked":["Warcry","Clothesline","Disarm"],"picked":"SKIP","floor":2},{"not_picked":["Burning Pact","StuffTheSpire:Incineration"],"picked":"Twin Strike","floor":5},{"not_picked":["ReplayTheSpireMod:Muscle Training","Intimidate"],"picked":"Twin Strike","floor":6},{"not_picked":["Twin Strike","Feel No Pain","Entrench"],"picked":"SKIP","floor":8},{"not_picked":["Life Link","True Grit"],"picked":"Flex","floor":11},{"not_picked":["Iron Wave","Clothesline","Replay:Undeath\u0027s Touch"],"picked":"SKIP","floor":13},{"not_picked":["StuffTheSpire:BloodClot","Iron Wave"],"picked":"Thunderclap","floor":14},{"not_picked":["Clash+1","Intimidate"],"picked":"Anger","floor":18},{"not_picked":["Heavy Blade+1","Iron Wave"],"picked":"Battle Trance","floor":18},{"not_picked":["Clash","True Grit","Body Slam"],"picked":"SKIP","floor":20},{"not_picked":["Bloodletting","conspire:HitWhereItHurts","Reckless Charge"],"picked":"SKIP","floor":20},{"not_picked":["Bloodletting+1","Flex","Dual Wield"],"picked":"SKIP","floor":21},{"not_picked":["True Grit+1","Hemokinesis+1","ReplayTheSpireMod:Limb From Limb+1"],"picked":"SKIP","floor":21},{"not_picked":["ReplayTheSpireMod:Strike From Hell","Reckless Charge","Thunderclap"],"picked":"SKIP","floor":25},{"not_picked":["StuffTheSpire:Slingshot","Iron Wave","ReplayTheSpireMod:Strike From Hell+1"],"picked":"SKIP","floor":27},{"not_picked":["Burning Pact","Anger","Eclipse"],"picked":"SKIP","floor":27},{"not_picked":["Armaments","StuffTheSpire:RockThrow","Second Wind"],"picked":"SKIP","floor":28},{"not_picked":["conspire:Charge","Thunderclap","Armaments"],"picked":"SKIP","floor":28},{"not_picked":["conspire:Charge","Thunderclap"],"picked":"Armaments","floor":28},{"not_picked":["Armaments","StuffTheSpire:RockThrow","Second Wind"],"picked":"SKIP","floor":28},{"not_picked":["Blood for Blood","StuffTheSpire:Incineration","Twin Strike"],"picked":"SKIP","floor":29},{"not_picked":["Clothesline","Cleave","True Grit"],"picked":"SKIP","floor":29}],"player_experience":156586,"relics_obtained":[{"floor":6,"key":"Vajra"},{"floor":8,"key":"Lantern"},{"floor":9,"key":"Ornamental Fan"},{"floor":11,"key":"conspire:Dentures"},{"floor":13,"key":"halation:EternalFortune"},{"floor":15,"key":"StuffTheSpire:OldFever"},{"floor":17,"key":"StuffTheSpire:Experiment12"},{"floor":17,"key":"Bromod:ArcaneGuardian"},{"floor":17,"key":"Prayer Wheel"},{"floor":25,"key":"halation:BottledLove"},{"floor":26,"key":"beaked:ShinyBauble"},{"floor":27,"key":"halation:EternalFortune"},{"floor":31,"key":"Replay:Baseball"}],"event_choices":[{"damage_healed":0,"gold_gain":0,"player_choice":"Obtain Plague Curse","damage_taken":0,"max_hp_gain":0,"max_hp_loss":0,"event_name":"Plague Doctor","floor":19,"gold_loss":0,"cards_obtained":["theForsaken:PlagueCurse"]},{"damage_healed":0,"gold_gain":0,"player_choice":"Upgraded","damage_taken":0,"max_hp_gain":0,"max_hp_loss":0,"event_name":"Upgrade Shrine","floor":24,"gold_loss":0,"cards_upgraded":["hubris:ReadiedAction"]},{"damage_healed":0,"gold_gain":0,"player_choice":"Invest 1","damage_taken":0,"max_hp_gain":0,"max_hp_loss":0,"event_name":"conspire:Investor","floor":30,"gold_loss":0}],"is_beta":false,"boss_relics":[{"not_picked":["conspire:RunicOctahedron","conspire:SlowCooker"],"picked":"Calling Bell"}],"items_purged_floors":[3,22],"is_endless":false,"potions_floor_spawned":[1,6,13,14,21,27,29],"killed_by":"Automaton","ascension_level":0}}