{"host":"t7rtdu4954o308h4","time":1608811017,"event":{"mods":["AchievementEnabler","Act Like it!","BaseMod","Conspire","Library of Ruina","Library of Ruina Extra","Minty Spire (QoL Compilation)","MostiFishMod","Replay The Spire","StSLib","TestMod","Waifu the Spire","【功能Mod】聪明的最终Boss","【遗物卡牌】REMEMod"],"gold_per_floor":[113,126,143,157,157,187,187,206,206,226,226,254,262,282,282,377,377,391,391,401,416,429,463,463,492,492,505,505,98,114,145,145,249,249,266,266,266,315,58,90,140,140,140,169,184,184,214,89,89,362,407,407,407,80,135,183],"floor_reached":57,"playtime":3984,"items_purged":["Pain","MostiFishMod:TheEndOfMoonlight","StayCalm"],"score":2388,"play_id":"8b140876-9308-498e-add9-bc2070fc5c38","local_time":"20201224195657","is_ascension_mode":true,"campfire_choices":[{"data":"Unlock1","floor":7.0,"key":"SMITH"},{"data":"WaitUp","floor":15.0,"key":"SMITH"},{"data":"CleanUp","floor":24.0,"key":"SMITH"},{"floor":32.0,"key":"RECALL"},{"data":"MostiFishMod:NightSea","floor":42.0,"key":"SMITH"},{"data":"DegradedShockwave","floor":46.0,"key":"SMITH"},{"data":"MostiFishMod:FantasySummer","floor":49,"key":"SMITH"},{"data":"UnforgettableMelody","floor":53,"key":"SMITH"}],"circlet_count":0,"master_deck":["DegradedFairy","DegradedFairy","DegradedChain","DegradedChain","DegradedLock","DegradedPillar","DegradedPillar","DegradedShockwave+1","Enlightenment+1","FrontalAssault","BackAttack","Unlock1+1","Eradication","GuidanceOfTheGears","Deflect_lor","WaitUp+1","CleanUp+1","BindingArms+1","RepressedFlesh","SilentMist","UnforgettableMelody+1","Castigation","MostiFishMod:Neptune","MostiFishMod:SparklingWater","MostiFishMod:FantasySummer+1","MostiFishMod:NightSea+1","MostiFishMod:ElfcollectionBox+1","testmod-HandmadeProducts","testmod-ChaoticCore+1","testmod-FightingIntention+1"],"relics":["PageOfLibrarian","DaveBox","testmod-TestBox","REME_ComplimentaryCards","testmod-ChristmasGift","BirthdayGift-Icosahedron","testmod-DragonStarHat","ArrowTower","Sundial","ReplayTheSpireMod:CursedCoin","testmod-IncinerationGenerator","Nloth\u0027s Gift","Turnip","Boot","Golden Egg","PageOfPinocchio","ClockworkSouvenir","Pantograph","MoonlightInvasionPlan","Incense Burner","Centennial Puzzle","Ornamental Fan","PageOfAlriune","Ginger","REME_ArchaeologicalTools","PageOfSingingMachine","PageOfScorchedGirl"],"acts_visited":["Exordium","TheCity","TheBeyond","TheEnding"],"potions_floor_usage":[50,50,50,50,50,50,50,50,50,50,50,50,50,50,50,50,50,50,50,50,50,50,50,50,50,50],"damage_taken":[{"damage":0.0,"enemies":"Jaw Worm","floor":1.0,"turns":1.0},{"damage":0.0,"enemies":"2 Louse","floor":2.0,"turns":2.0},{"damage":0.0,"enemies":"conspire:RoseBush","floor":3.0,"turns":1.0},{"damage":0.0,"enemies":"Gremlin Gang","floor":4.0,"turns":2.0},{"damage":0.0,"enemies":"Replay:BlueRogue","floor":6.0,"turns":1.0},{"damage":0.0,"enemies":"Exordium Thugs","floor":8.0,"turns":1.0},{"damage":0.0,"enemies":"2 Fungi Beasts","floor":10.0,"turns":1.0},{"damage":0.0,"enemies":"3 Sentries","floor":12.0,"turns":2.0},{"damage":0.0,"enemies":"Exordium Wildlife","floor":14.0,"turns":1.0},{"damage":0.0,"enemies":"Slime Boss","floor":16.0,"turns":1.0},{"damage":0.0,"enemies":"3 Byrds","floor":18.0,"turns":2.0},{"damage":0.0,"enemies":"conspire:FuzzyDice","floor":20.0,"turns":2.0},{"damage":0.0,"enemies":"Cultist and Chosen","floor":21.0,"turns":2.0},{"damage":0.0,"enemies":"Sentry and Sphere","floor":22.0,"turns":1.0},{"damage":0.0,"enemies":"Replay:Snechameleon","floor":23.0,"turns":2.0},{"damage":0.0,"enemies":"Slavers","floor":25.0,"turns":1.0},{"damage":0.0,"enemies":"Centurion and Healer","floor":27.0,"turns":2.0},{"damage":0.0,"enemies":"Snecko","floor":30.0,"turns":2.0},{"damage":0.0,"enemies":"conspire:MimicChest","floor":31.0,"turns":2.0},{"damage":0.0,"enemies":"RedHoodMercenary","floor":33.0,"turns":3.0},{"damage":0.0,"enemies":"3 Darklings","floor":35.0,"turns":1.0},{"damage":0.0,"enemies":"2 Orb Walkers","floor":38.0,"turns":1.0},{"damage":0.0,"enemies":"Nemesis","floor":40.0,"turns":2.0},{"damage":0.0,"enemies":"Orb Walker","floor":41.0,"turns":1.0},{"damage":0.0,"enemies":"Giant Head","floor":44.0,"turns":2.0},{"damage":0.0,"enemies":"Transient","floor":45.0,"turns":3.0},{"damage":0.0,"enemies":"Nemesis","floor":47.0,"turns":2.0},{"damage":0,"enemies":"Donu and Deca","floor":50,"turns":11},{"damage":0,"enemies":"Shield and Spear","floor":55,"turns":1},{"damage":8,"enemies":"The Heart","floor":56,"turns":3}],"seed_played":"6136268553273071034","potions_obtained":[{"floor":1.0,"key":"DuplicationPotion"},{"floor":6.0,"key":"ColorlessPotion"},{"floor":12.0,"key":"Block Potion"},{"floor":16.0,"key":"Elixir"},{"floor":21.0,"key":"Languid Potion"},{"floor":27.0,"key":"Energy Potion"},{"floor":55,"key":"Swift Potion"}],"is_trial":false,"path_per_floor":["M","M","M","M","?","E","R","M","T","M","?","E","$","M","R","B",null,"M","?","M","M","M","E","R","E","T","M","T","$","M","?","R","B",null,"M","?","?","?","$","E","M","R","T","E","M","R","E","$","R","B",null,null,"R","$","E","B",null],"character_chosen":"Librarian","items_purchased":["ReplayTheSpireMod:CursedCoin","WaitUp","PageOfPinocchio","ClockworkSouvenir","Centennial Puzzle","PageOfSingingMachine","testmod-FightingIntention"],"campfire_rested":0,"item_purchase_floors":[13,13,29,29,39,54,54],"current_hp_per_floor":[55,56,58,61,66,67,67,70,70,74,67,72,72,75,75,77,91,95,95,95,95,95,95,95,95,95,95,95,95,95,95,95,95,95,95,85,85,90,90,90,90,90,90,90,90,90,90,90,90,90,90,90,90,90,90,90],"gold":183,"neow_bonus":"UPGRADE_CARD","is_daily":false,"chose_seed":false,"campfire_upgraded":7,"win_rate":0.0,"timestamp":1608811017,"path_taken":["M","M","M","M","?","E","R","M","T","M","?","E","$","M","R","BOSS","M","?","?","M","M","E","R","E","T","M","?","$","M","?","R","BOSS","M","?","?","?","$","E","M","R","T","E","M","R","E","$","R","BOSS","R","$","E","BOSS"],"items_purchased_type":["Relic","Card","Relic","Relic","Relic","Relic","Card"],"build_version":"2020-12-22","purchased_purges":3,"victory":true,"max_hp_per_floor":[90,90,90,90,95,95,95,95,95,95,95,95,95,95,95,95,95,95,95,95,95,95,95,95,95,95,95,95,95,95,95,95,95,95,95,95,90,90,90,90,90,90,90,90,90,90,90,90,90,90,90,90,90,90,90,90],"card_choices":[{"not_picked":["SmokingPipe","Multislash","SpearedSweep"],"picked":"StayCalm","floor":1.0},{"not_picked":["ShrineToMusic","Rewind","Creak","StructuralAnalysis","UnavoidableGaze"],"picked":"FrontalAssault","floor":2.0},{"not_picked":["Collision","InnerArdor","FleetEdge","Gamble","Bvapour"],"picked":"BackAttack","floor":3.0},{"not_picked":["DarkCloud","Outburst","Multislash","AutomatedMovement","FrontalAssault"],"picked":"Unlock1","floor":4.0},{"not_picked":["SmokingPipe","DefenseOrder","Outburst","Rewind","SkyClearingCut"],"picked":"Eradication","floor":6.0},{"not_picked":["Unlock1","InhaleSmoke","IngredientHunt","InnerArdor","SharpSwipe","SmokingPipe"],"picked":"SKIP","floor":8.0},{"not_picked":["BindingChains","Standoff","SunsetBlade","ICanCookAnything","FleetEdge"],"picked":"GuidanceOfTheGears","floor":10.0},{"not_picked":["Standoff","YourShield","GuidanceOfTheGears","Unlock1","ShrineToMusic"],"picked":"Deflect_lor","floor":12.0},{"not_picked":["Diversion","StructuralAnalysis","FrontalAssault","HiddenBlade","Guardian_lor","BindingChains"],"picked":"SKIP","floor":14.0},{"not_picked":["Cruelty","Observe","Deflect_lor","Castigation"],"picked":"CleanUp","floor":16.0},{"not_picked":["DefenseOrder","StructuralAnalysis+1","UnavoidableGaze","Unlock1","Leap_lor"],"picked":"BindingArms+1","floor":18.0},{"not_picked":["Multislash+1","RushDown","Leap_lor","StructuralAnalysis"],"picked":"SKIP","floor":20.0},{"not_picked":["HiddenBlade","Leap_lor+1","DarkCloud"],"picked":"RepressedFlesh","floor":21.0},{"not_picked":["DeepDrag","DefenseOrder","FrontalAssault"],"picked":"SilentMist","floor":22.0},{"not_picked":["Multislash","CircusKnives","Unlock1"],"picked":"UnforgettableMelody","floor":23.0},{"not_picked":["Leap_lor","Outburst","SparkingSpear+1"],"picked":"Castigation","floor":25.0},{"not_picked":["HiddenBlade","CircusKnives","DefenseOrder+1","Unlock1"],"picked":"SKIP","floor":27.0},{"not_picked":["GuidanceOfTheGears","EnergyCycle+1","Leap_lor+1","YoureAHindrance"],"picked":"SKIP","floor":30.0},{"not_picked":["Standoff","Rewind+1","EnergyCycle","FrontalAssault"],"picked":"SKIP","floor":35.0},{"not_picked":["REME_Flogging","Replay:BasicMightCard","Bandage Up"],"picked":"MostiFishMod:ElfcollectionBox","floor":36.0},{"not_picked":["testmod-PulseDistributor","Good Instincts","Deep Breath"],"picked":"testmod-HandmadeProducts","floor":36.0},{"not_picked":["PanicButton","testmod-LifeRuler","MostiFishMod:OneDayCity"],"picked":"testmod-ChaoticCore","floor":36.0},{"not_picked":["Eliminate","Observe","DefenseOrder+1","Marionette"],"picked":"SKIP","floor":40.0},{"not_picked":["InkOver+1","SmokingPipe+1","BladeWhirl","Juggling+1"],"picked":"SKIP","floor":41.0},{"not_picked":["FrontalAssault+1","ForcefulGesture+1","Retaliate","EnergyCycle+1"],"picked":"SKIP","floor":44.0},{"not_picked":["Unlock1+1","EnergyCycle","AutomatedMovement","UnavoidableGaze"],"picked":"SKIP","floor":45.0},{"not_picked":["FrontalAssault+1","BindingArms","CookingPrep+1","Eliminate"],"picked":"SKIP","floor":47.0},{"not_picked":["EnergyCycle+1","DarkCloud+1","DaringDecision","Castigation"],"picked":"SKIP","floor":55}],"player_experience":49356,"relics_obtained":[{"floor":1.0,"key":"SynthV:TestCard"},{"floor":6.0,"key":"testmod-DragonStarHat"},{"floor":9.0,"key":"ArrowTower"},{"floor":12.0,"key":"Sundial"},{"floor":23.0,"key":"Turnip"},{"floor":25.0,"key":"Boot"},{"floor":26.0,"key":"Golden Egg"},{"floor":31.0,"key":"Pantograph"},{"floor":38.0,"key":"Incense Burner"},{"floor":40.0,"key":"Ornamental Fan"},{"floor":43.0,"key":"PageOfAlriune"},{"floor":44.0,"key":"Ginger"},{"floor":47.0,"key":"REME_ArchaeologicalTools"},{"floor":55,"key":"PageOfScorchedGirl"}],"event_choices":[{"damage_healed":0.0,"max_hp_gain":5.0,"max_hp_loss":0.0,"gold_gain":0.0,"event_name":"Big Fish","player_choice":"Donut","floor":5.0,"gold_loss":0.0,"damage_taken":0.0},{"cards_removed":["DegradedFairy"],"damage_healed":0.0,"max_hp_gain":0.0,"max_hp_loss":0.0,"gold_gain":0.0,"event_name":"Golden Wing","player_choice":"Card Removal","floor":11.0,"gold_loss":0.0,"damage_taken":7.0},{"damage_healed":0.0,"max_hp_gain":0.0,"max_hp_loss":0.0,"gold_gain":0.0,"event_name":"N\u0027loth","player_choice":"Traded Relic","floor":19.0,"relics_lost":["SynthV:TestCard"],"gold_loss":0.0,"damage_taken":0.0,"relics_obtained":["Nloth\u0027s Gift"]},{"damage_healed":0.0,"max_hp_gain":0.0,"max_hp_loss":0.0,"gold_gain":0.0,"event_name":"SensoryStone","player_choice":"Memory 3","floor":36.0,"gold_loss":0.0,"damage_taken":10.0},{"damage_healed":0.0,"max_hp_gain":0.0,"max_hp_loss":5.0,"gold_gain":0.0,"event_name":"Winding Halls","player_choice":"Max HP","floor":37.0,"gold_loss":0.0,"damage_taken":0.0},{"damage_healed":0.0,"max_hp_gain":0.0,"max_hp_loss":0.0,"gold_gain":0.0,"event_name":"Mysterious Sphere","player_choice":"Fight","floor":38.0,"gold_loss":0.0,"damage_taken":0.0}],"is_beta":false,"boss_relics":[{"not_picked":["RhineSuit","REME_DuelDisc"],"picked":"testmod-IncinerationGenerator"},{"not_picked":["Replay:Bronze Core","Sozu"],"picked":"MoonlightInvasionPlan"}],"items_purged_floors":[13,39,48],"is_endless":false,"potions_floor_spawned":[1,6,12,16,21,27,30,31,40,44,55],"ascension_level":7}}