{"host":"9tzam4717zt8ei1o","time":1608816361,"event":{"mods":["BaseMod","Colored Map","Keyboard Shortcuts","Minty Spire (QoL Compilation)","Quick Restart","StSLib","SuperFastMode"],"gold_per_floor":[114,11,11,31,43,43,76,76,147,172,53,65,82,82,82,154,154,173,88,88,98,111,145,145,33,60,60,110,110,110],"floor_reached":29,"playtime":654,"items_purged":["Strike_R"],"score":502,"play_id":"fd3c979b-b35a-4c4f-8a40-00fb15088f11","local_time":"20201224222601","is_ascension_mode":true,"campfire_choices":[{"data":"Wild Strike","floor":6.0,"key":"SMITH"},{"data":"Evolve","floor":15.0,"key":"SMITH"},{"data":"Barricade","floor":24.0,"key":"SMITH"},{"floor":27.0,"key":"REST"}],"circlet_count":0,"master_deck":["AscendersBane","Strike_R","Strike_R","Strike_R","Defend_R","Defend_R","Defend_R","Defend_R","Bash","Body Slam+1","Evolve+1","Wild Strike+1","Burning Pact","Disarm","Reckless Charge","Immolate","Battle Trance","Barricade+1","Seeing Red+1","Iron Wave+1"],"relics":["Burning Blood","Bag of Preparation","Pantograph","Charon\u0027s Ashes","Black Star","Matryoshka","Prayer Wheel","Bottled Tornado","Centennial Puzzle","Tiny Chest"],"acts_visited":["Exordium","TheCity"],"potions_floor_usage":[29,29],"damage_taken":[{"damage":7.0,"enemies":"Cultist","floor":1.0,"turns":4.0},{"damage":7.0,"enemies":"Small Slimes","floor":4.0,"turns":4.0},{"damage":9.0,"enemies":"Jaw Worm","floor":5.0,"turns":4.0},{"damage":40.0,"enemies":"Lagavulin","floor":7.0,"turns":7.0},{"damage":25.0,"enemies":"3 Sentries","floor":10.0,"turns":9.0},{"damage":2.0,"enemies":"Large Slime","floor":12.0,"turns":4.0},{"damage":0.0,"enemies":"Exordium Thugs","floor":13.0,"turns":3.0},{"damage":42.0,"enemies":"Slime Boss","floor":16.0,"turns":8.0},{"damage":32.0,"enemies":"2 Thieves","floor":18.0,"turns":4.0},{"damage":12.0,"enemies":"3 Byrds","floor":21.0,"turns":1.0},{"damage":30.0,"enemies":"Snake Plant","floor":22.0,"turns":4.0},{"damage":9.0,"enemies":"Gremlin Leader","floor":23.0,"turns":8.0},{"damage":46,"enemies":"Slavers","floor":29,"turns":3}],"seed_played":"-7768179772472173023","potions_obtained":[{"floor":10.0,"key":"Strength Potion"},{"floor":12.0,"key":"LiquidBronze"},{"floor":13.0,"key":"SpeedPotion"},{"floor":18.0,"key":"SpeedPotion"},{"floor":22.0,"key":"PowerPotion"}],"is_trial":false,"path_per_floor":["M","$","?","M","M","R","E","?","T","E","$","M","M","$","R","B",null,"M","?","?","M","M","E","R","$","T","R","?","E"],"character_chosen":"IRONCLAD","items_purchased":["Evolve","Wild Strike","Reckless Charge","SpeedPotion","Swift Potion"],"campfire_rested":1,"item_purchase_floors":[2,2,11,25,25],"current_hp_per_floor":[74,74,74,73,70,70,36,36,36,17,17,21,27,27,27,16,66,40,40,40,34,10,7,7,7,7,31,31,0,0],"gold":110,"neow_bonus":"TEN_PERCENT_HP_BONUS","is_daily":false,"chose_seed":false,"campfire_upgraded":3,"win_rate":0.0,"timestamp":1608816361,"path_taken":["M","$","?","M","?","R","E","?","T","E","$","M","?","$","R","BOSS","M","?","?","?","M","E","R","$","T","R","?","E"],"items_purchased_type":["Card","Card","Card","Potion","Potion"],"build_version":"2020-12-22","purchased_purges":1,"victory":false,"max_hp_per_floor":[82,82,82,82,82,82,82,82,82,82,82,82,82,82,82,82,82,82,82,82,82,82,82,82,82,82,82,82,82,82],"card_choices":[{"not_picked":["Clothesline","Clash"],"picked":"Body Slam","floor":1.0},{"not_picked":["Wild Strike","Sword Boomerang","Inflame"],"picked":"SKIP","floor":4.0},{"not_picked":["Twin Strike","Pommel Strike","Heavy Blade"],"picked":"SKIP","floor":5.0},{"not_picked":["Perfected Strike","Anger","Dual Wield"],"picked":"SKIP","floor":7.0},{"not_picked":["Bloodletting","Perfected Strike"],"picked":"Disarm","floor":10.0},{"not_picked":["Bludgeon","Wild Strike","Pommel Strike"],"picked":"SKIP","floor":12.0},{"not_picked":["Iron Wave","Ghostly Armor","Perfected Strike"],"picked":"SKIP","floor":13.0},{"not_picked":["Juggernaut","Reaper"],"picked":"Immolate","floor":16.0},{"not_picked":["Havoc","Evolve"],"picked":"Battle Trance","floor":18.0},{"not_picked":["Metallicize","Flex"],"picked":"Seeing Red+1","floor":21.0},{"not_picked":["Sever Soul","Headbutt+1","Evolve"],"picked":"SKIP","floor":22.0},{"not_picked":["Berserk","Clothesline"],"picked":"Iron Wave+1","floor":23.0}],"player_experience":111599,"relics_obtained":[{"floor":7.0,"key":"Bag of Preparation"},{"floor":9.0,"key":"Pantograph"},{"floor":10.0,"key":"Charon\u0027s Ashes"},{"floor":23.0,"key":"Prayer Wheel"},{"floor":23.0,"key":"Bottled Tornado"},{"floor":26.0,"key":"Centennial Puzzle"},{"floor":26.0,"key":"Tiny Chest"}],"event_choices":[{"damage_healed":0.0,"max_hp_gain":0.0,"max_hp_loss":0.0,"gold_gain":0.0,"cards_transformed":["Strike_R"],"event_name":"Transmorgrifier","player_choice":"Transformed","floor":3.0,"gold_loss":0.0,"damage_taken":0.0,"cards_obtained":["Burning Pact"]},{"damage_healed":0.0,"max_hp_gain":0.0,"max_hp_loss":0.0,"gold_gain":0.0,"event_name":"Upgrade Shrine","player_choice":"Upgraded","floor":8.0,"gold_loss":0.0,"damage_taken":0.0,"cards_upgraded":["Body Slam"]},{"damage_healed":0.0,"max_hp_gain":0.0,"max_hp_loss":0.0,"gold_gain":0.0,"event_name":"Addict","player_choice":"Obtained Relic","floor":19.0,"gold_loss":85.0,"damage_taken":0.0,"relics_obtained":["Matryoshka"]},{"damage_healed":0.0,"max_hp_gain":0.0,"max_hp_loss":0.0,"gold_gain":0.0,"event_name":"Match and Keep!","player_choice":"1 cards matched","floor":20.0,"gold_loss":0.0,"damage_taken":0.0,"cards_obtained":["Barricade"]},{"damage_healed":0.0,"max_hp_gain":0.0,"max_hp_loss":0.0,"gold_gain":50.0,"event_name":"Nest","player_choice":"Stole From Cult","floor":28.0,"gold_loss":0.0,"damage_taken":0.0}],"is_beta":false,"boss_relics":[{"not_picked":["Busted Crown","Snecko Eye"],"picked":"Black Star"}],"items_purged_floors":[11],"is_endless":false,"potions_floor_spawned":[10,12,13,18,22],"killed_by":"Slavers","ascension_level":20}}