{"host":"jqa9y4qkalbx8qgz","time":1608787689,"event":{"mods":["BaseMod","Bestiary","BetterRewards","CCEM","Downfall","Minty Spire (QoL Compilation)","Permanent Neow","Relic Stats","Replay The Spire","StSLib","Wandering Minibosses"],"gold_per_floor":[99,119,139,139,156,306,333,414,414,446,472,230,264,264,264,284,439,540,540,465,480,498,535,535,546,546,575,425,437,462,387,487,487,497,599,599,599,818,832,89,101,133,158,158,55,55,89,89,100,131,149,149],"floor_reached":53,"playtime":9465,"items_purged":["Regret","Overencumbered","Hallucinations"],"score":1069,"play_id":"18f4763d-29f8-47d6-bd30-decfe2cfdecc","local_time":"20201224082809","is_ascension_mode":true,"campfire_choices":[{"data":"expansioncontent:CaCaw","floor":1.0,"key":"SMITH"},{"data":"Guardian:SentryBeam","floor":9.0,"key":"SMITH"},{"floor":20.0,"key":"RECALL"},{"data":"Guardian:CurlUp","floor":31.0,"key":"SMITH"},{"data":"Guardian:BaubleBeam","floor":37,"key":"SMITH"},{"data":"Apotheosis","floor":46,"key":"SMITH"}],"circlet_count":0,"master_deck":["Guardian:Strike_Guardian","Guardian:Defend_Guardian+1","Guardian:Defend_Guardian+1","Guardian:Defend_Guardian+1","Guardian:CurlUp+1","Guardian:TwinSlam+1","expansioncontent:CaCaw+1","Guardian:BronzeArmor","Guardian:SentryBeam+1","Guardian:PiercingHide","Guardian:ShieldCharger","Guardian:Clone","Guardian:Reroute","Guardian:Orbwalk","Guardian:Incinerate","Guardian:TimeSifter","Guardian:TemporalShield","Guardian:DonusPower","Ghostly","Guardian:BronzeOrb","Guardian:Planning","Guardian:ChargeUp","J.A.X.","Guardian:BronzeOrb+1","Guardian:BaubleBeam+1","Clumsy","Guardian:RevengeProtocol","Guardian:ArmoredProtocol","Guardian:Repulse","Guardian:EvasiveProtocol+1","Apotheosis+1","Replay:SS_hec_1","Guardian:Gem_Lightblue"],"relics":["Guardian:ModeShifter","Potion Belt","The Courier","Odd Mushroom","CCEMRelics:PorcelainBowl","Replay:Grab Bag","Sozu","Black Star","downfall:HeartBlessingGreen","Gremlin Food","ReplayTheSpireMod:TigerMarble","Replay:Wax Seal","CCEMRelics:CocoNut","Iron Hammer","downfall:HeartBlessingRed","MutagenicStrength","Replay:Ancient Bell","Replay:Rubber Ducky","Darkstone Periapt","Prayer Wheel","Shuriken","OrangePellets","ReplayTheSpireMod:Shallot","Whetstone","Strawberry","CCEMRelics:TinyMinotavrHorn","TheAbacus","Lantern","Akabeko","wanderingMiniBosses:LockLocket","Replay:Kaleidoscope","CCEMRelics:OverlyComfyChair"],"acts_visited":["Exordium","TheCity","TheBeyond"],"potions_floor_usage":[],"damage_taken":[{"damage":8.0,"enemies":"Small Slimes","floor":2.0,"turns":5.0},{"damage":0.0,"enemies":"2 Louse","floor":3.0,"turns":4.0},{"damage":2.0,"enemies":"Cultist","floor":5.0,"turns":4.0},{"damage":7.0,"enemies":"Exordium Thugs","floor":8.0,"turns":7.0},{"damage":14.0,"enemies":"Lagavulin","floor":10.0,"turns":8.0},{"damage":19.0,"enemies":"The Mushroom Lair","floor":11.0,"turns":5.0},{"damage":3.0,"enemies":"downfall:FleeingMerchant","floor":12.0,"turns":4.0},{"damage":9.0,"enemies":"Replay:BlueRogue","floor":13.0,"turns":5.0},{"damage":0.0,"enemies":"Large Slime","floor":16.0,"turns":6.0},{"damage":3.0,"enemies":"2 Fungi Beasts","floor":17.0,"turns":7.0},{"damage":6.0,"enemies":"downfall:Watcher","floor":18.0,"turns":9.0},{"damage":2.0,"enemies":"Chosen","floor":21.0,"turns":4.0},{"damage":0.0,"enemies":"Centurion and Healer","floor":22.0,"turns":7.0},{"damage":0.0,"enemies":"Shelled Parasite and Fungi","floor":23.0,"turns":6.0},{"damage":6.0,"enemies":"Snake Plant","floor":25.0,"turns":4.0},{"damage":0.0,"enemies":"Replay:Snechameleon","floor":27.0,"turns":7.0},{"damage":14.0,"enemies":"Chosen and Byrds","floor":29.0,"turns":5.0},{"damage":19.0,"enemies":"Gremlin Leader","floor":30.0,"turns":8.0},{"damage":10.0,"enemies":"downfall:Augmenter","floor":32.0,"turns":5.0},{"damage":22.0,"enemies":"Shelled Parasite and Fungi","floor":34.0,"turns":3.0},{"damage":0.0,"enemies":"downfall:Silent","floor":35.0,"turns":5.0},{"damage":15,"enemies":"3 Darklings","floor":38,"turns":8},{"damage":0,"enemies":"3 Shapes","floor":39,"turns":6},{"damage":3,"enemies":"downfall:FleeingMerchant","floor":40,"turns":4},{"damage":0,"enemies":"Spire Growth","floor":41,"turns":4},{"damage":3,"enemies":"Giant Head","floor":42,"turns":5},{"damage":0,"enemies":"downfall:FleeingMerchant","floor":45,"turns":3},{"damage":0,"enemies":"Reptomancer","floor":47,"turns":5},{"damage":0,"enemies":"4 Shapes","floor":49,"turns":4},{"damage":0,"enemies":"R_Hoarder","floor":50,"turns":7},{"damage":0,"enemies":"Sphere and 2 Shapes","floor":51,"turns":3},{"damage":12,"enemies":"downfall:Ironclad","floor":52,"turns":6}],"seed_played":"7785231136792346897","potions_obtained":[{"floor":2.0,"key":"Weak Potion"},{"floor":5.0,"key":"Block Potion"},{"floor":10.0,"key":"Ancient Potion"},{"floor":11.0,"key":"sneckomod:MuddlingPotion"},{"floor":16.0,"key":"Weak Potion"}],"is_trial":false,"path_per_floor":["R","M","M","?","M","?","T","M","R","E","?","$","E","PTL","PTL","M","M","B",null,"R","M","M","M","?","M","T","E","?","M","E","R","?","?","M","B",null,"R","M","M","$","M","E","T","?","$","R","E","?","M","E","M","B",null],"character_chosen":"GUARDIAN","items_purchased":["Guardian:Gem_Red","Guardian:Gem_Fragmented","Guardian:Reroute","Guardian:Orbwalk","Shuriken","OrangePellets","ReplayTheSpireMod:Shallot","Whetstone","Apotheosis","Replay:SS_hec_1","TheAbacus"],"campfire_rested":0,"item_purchase_floors":[12,12,12,12,40,40,40,40,45,45,45],"current_hp_per_floor":[80,72,72,72,70,70,70,63,63,49,30,27,18,18,18,18,15,9,80,80,78,78,78,78,72,72,72,72,58,44,44,34,34,12,12,103,103,88,88,85,93,97,97,97,97,97,97,97,97,109,110,98],"gold":149,"neow_bonus":"RANDOM_COLORLESS","is_daily":false,"chose_seed":false,"campfire_upgraded":5,"win_rate":0.0,"timestamp":1608787689,"path_taken":["R","M","M","?","M","?","T","M","R","E","?","$","E","PTL","PTL","M","M","BOSS","R","M","M","M","?","M","T","E","?","M","E","R","?","?","M","BOSS","R","M","M","$","M","E","T","?","$","R","E","?","M","E","M","BOSS"],"items_purchased_type":["Card","Card","Card","Card","Relic","Relic","Relic","Relic","Card","Card","Relic"],"build_version":"2020-12-22","purchased_purges":3,"victory":true,"max_hp_per_floor":[80,80,80,80,80,80,80,80,80,80,80,80,80,80,80,80,80,80,80,80,80,80,80,80,80,80,80,80,80,85,85,85,85,85,85,103,103,103,103,103,103,110,110,110,110,110,110,110,110,110,110,110],"relic_stats":{"Sozu":10,"Darkstone Periapt":18,"OrangePellets":[17],"TheAbacus":[24],"counters":[32,173],"Shuriken":[11],"Prayer Wheel":5,"Black Star":5,"Whetstone":["Guardian:TwinSlam","Guardian:BronzeOrb"],"obtain_stats":[{"Darkstone Periapt":36,"CCEMRelics:PorcelainBowl":13,"Lantern":47,"downfall:HeartBlessingGreen":20,"Whetstone":40,"Replay:Rubber Ducky":36,"Sozu":19,"TheAbacus":45,"CCEMRelics:OverlyComfyChair":50,"Strawberry":42,"Prayer Wheel":36,"Iron Hammer":30,"Replay:Wax Seal":27,"wanderingMiniBosses:LockLocket":49,"Potion Belt":7,"Gremlin Food":26,"downfall:HeartBlessingRed":31,"Replay:Grab Bag":19,"Guardian:ModeShifter":0,"The Courier":10,"CCEMRelics:CocoNut":30,"Replay:Ancient Bell":36,"Replay:Kaleidoscope":50,"Odd Mushroom":11,"Akabeko":47,"OrangePellets":40,"ReplayTheSpireMod:Shallot":40,"Shuriken":40,"MutagenicStrength":32,"CCEMRelics:TinyMinotavrHorn":42,"Black Star":19,"ReplayTheSpireMod:TigerMarble":27},{"Darkstone Periapt":21,"CCEMRelics:PorcelainBowl":8,"Lantern":28,"downfall:HeartBlessingGreen":11,"Whetstone":24,"Replay:Rubber Ducky":21,"Sozu":11,"TheAbacus":27,"CCEMRelics:OverlyComfyChair":30,"Strawberry":26,"Prayer Wheel":21,"Iron Hammer":18,"Replay:Wax Seal":16,"wanderingMiniBosses:LockLocket":29,"Potion Belt":3,"Gremlin Food":15,"downfall:HeartBlessingRed":18,"Replay:Grab Bag":11,"Guardian:ModeShifter":0,"The Courier":5,"CCEMRelics:CocoNut":18,"Replay:Ancient Bell":21,"Replay:Kaleidoscope":30,"Odd Mushroom":6,"Akabeko":28,"OrangePellets":24,"ReplayTheSpireMod:Shallot":24,"Shuriken":24,"MutagenicStrength":19,"CCEMRelics:TinyMinotavrHorn":26,"Black Star":11,"ReplayTheSpireMod:TigerMarble":16},{"Darkstone Periapt":118,"CCEMRelics:PorcelainBowl":42,"Lantern":153,"downfall:HeartBlessingGreen":64,"Whetstone":136,"Replay:Rubber Ducky":118,"Sozu":64,"TheAbacus":148,"CCEMRelics:OverlyComfyChair":164,"Strawberry":145,"Prayer Wheel":118,"Iron Hammer":105,"Replay:Wax Seal":92,"wanderingMiniBosses:LockLocket":157,"Potion Belt":13,"Gremlin Food":85,"downfall:HeartBlessingRed":105,"Replay:Grab Bag":64,"Guardian:ModeShifter":0,"The Courier":28,"CCEMRelics:CocoNut":105,"Replay:Ancient Bell":118,"Replay:Kaleidoscope":164,"Odd Mushroom":33,"Akabeko":153,"OrangePellets":136,"ReplayTheSpireMod:Shallot":136,"Shuriken":136,"MutagenicStrength":110,"CCEMRelics:TinyMinotavrHorn":145,"Black Star":64,"ReplayTheSpireMod:TigerMarble":92}]},"card_choices":[{"not_picked":["Impatience","Purity"],"picked":"expansioncontent:CaCaw","floor":0.0},{"not_picked":["Guardian:Gem_Lightblue","Guardian:EvasiveProtocol"],"picked":"Guardian:Gem_Cyan","floor":2.0},{"not_picked":["Guardian:Gem_Lightblue","Guardian:TemporalStrike"],"picked":"Guardian:BronzeArmor","floor":3.0},{"not_picked":["Guardian:Gem_Crimson","Guardian:RollAttack"],"picked":"Guardian:SentryBeam","floor":5.0},{"not_picked":["Guardian:Gem_Cyan","Guardian:DonusPower"],"picked":"Guardian:PiercingHide","floor":8.0},{"not_picked":["Guardian:ShieldSpikes","Guardian:PiercingHide"],"picked":"Guardian:ShieldCharger","floor":10.0},{"not_picked":["Guardian:Gem_Lightblue","Guardian:EvasiveProtocol"],"picked":"Guardian:Clone","floor":11.0},{"not_picked":["Guardian:PiercingHide","Guardian:Gem_Red"],"picked":"Guardian:Gem_Synthetic","floor":12.0},{"not_picked":["Guardian:TemporalStrike","Guardian:RollAttack","Guardian:GuardianWhirl"],"picked":"SKIP","floor":13.0},{"not_picked":["Guardian:VentSteam","Guardian:DonusPower"],"picked":"Guardian:Incinerate","floor":16.0},{"not_picked":["Guardian:ChargeCore","Guardian:TemporalShield","Guardian:Gem_Lightblue"],"picked":"SKIP","floor":17.0},{"not_picked":["Guardian:SphericShield","Guardian:Gem_Synthetic"],"picked":"Guardian:TimeSifter","floor":18.0},{"not_picked":["Guardian:Recover","Guardian:WalkerClaw"],"picked":"Guardian:Gem_Purple","floor":21.0},{"not_picked":["Guardian:Gem_Crimson","Guardian:TemporalStrike"],"picked":"Guardian:TemporalShield","floor":22.0},{"not_picked":["Guardian:PrimingBeam","Guardian:Emergency"],"picked":"Guardian:DonusPower","floor":23.0},{"not_picked":["Guardian:TemporalStrike","Guardian:Planning","Guardian:VentSteam"],"picked":"SKIP","floor":25.0},{"not_picked":["Guardian:TimeBomb","Guardian:TimeSifter"],"picked":"Guardian:Gem_Cyan","floor":27.0},{"not_picked":["Guardian:Preprogram","Guardian:TemporalShield","Guardian:PrimingBeam+1"],"picked":"SKIP","floor":29.0},{"not_picked":["Guardian:Planning+1","Guardian:ShieldCharger+1"],"picked":"Guardian:BronzeOrb","floor":30.0},{"not_picked":[],"picked":"J.A.X.","floor":32.0},{"not_picked":["Guardian:Recover","Guardian:ChargeUp"],"picked":"Guardian:Gem_White","floor":32.0},{"not_picked":["Guardian:SphericShield","Guardian:VentSteam"],"picked":"Guardian:BronzeOrb","floor":34.0},{"not_picked":["Guardian:SphericShield","Guardian:HyperBeam_Guardian"],"picked":"Guardian:BaubleBeam","floor":35.0},{"not_picked":["ReplayTheSpireMod:Splinters","CurseOfTheBell"],"picked":"Clumsy","floor":36},{"not_picked":["Replay:Hysterical Blindness","ReplayTheSpireMod:Restless Dread"],"picked":"Overencumbered","floor":36},{"not_picked":["ReplayTheSpireMod:Restless Dread","Guardian:Aged"],"picked":"Hallucinations","floor":36},{"not_picked":["Guardian:Recover","Guardian:ChargeCore+1","Guardian:PrismaticBeam+1"],"picked":"SKIP","floor":38},{"not_picked":["Guardian:Recover","Guardian:RollAttack","Guardian:Gem_Cyan"],"picked":"SKIP","floor":38},{"not_picked":["Guardian:RollAttack+1","Guardian:TemporalShield+1"],"picked":"Guardian:RevengeProtocol","floor":39},{"not_picked":["Guardian:Gem_Red","Guardian:Recover","Guardian:Gem_White"],"picked":"SKIP","floor":39},{"not_picked":["Guardian:Orbwalk","Guardian:TimeBomb+1"],"picked":"Guardian:ArmoredProtocol","floor":40},{"not_picked":["Guardian:ChargeCore+1","Guardian:Gem_Lightblue"],"picked":"Guardian:Repulse","floor":41},{"not_picked":["Guardian:Preprogram+1","Guardian:Gem_Cyan","Guardian:TemporalShield+1"],"picked":"SKIP","floor":41},{"not_picked":["Guardian:ShieldSpikes+1","Guardian:Recover"],"picked":"Guardian:EvasiveProtocol+1","floor":42},{"not_picked":["Guardian:PrimingBeam","Guardian:PrismaticBarrier+1","Guardian:GatlingBeam"],"picked":"SKIP","floor":45},{"not_picked":["Guardian:ShieldSpikes","Guardian:Gem_Green","Guardian:PrismaticBarrier+1"],"picked":"SKIP","floor":47},{"not_picked":["Guardian:ChargeCore","Guardian:Gem_Blue"],"picked":"Guardian:Gem_Lightblue","floor":49},{"not_picked":["Guardian:TemporalStrike","Guardian:Clone","Guardian:CrystalBeam+1"],"picked":"SKIP","floor":49},{"not_picked":["Guardian:PrimingBeam+1","Guardian:ChargeCore+1","Guardian:ExploitGems"],"picked":"SKIP","floor":50},{"not_picked":["Guardian:PrimingBeam","Guardian:PiercingHide","Guardian:TemporalShield"],"picked":"SKIP","floor":51},{"not_picked":["Guardian:TemporalShield","Guardian:ShieldCharger+1","Guardian:Gem_Blue"],"picked":"SKIP","floor":51}],"player_experience":208572,"relics_obtained":[{"floor":7.0,"key":"Potion Belt"},{"floor":10.0,"key":"The Courier"},{"floor":11.0,"key":"Odd Mushroom"},{"floor":13.0,"key":"CCEMRelics:PorcelainBowl"},{"floor":26.0,"key":"Gremlin Food"},{"floor":27.0,"key":"ReplayTheSpireMod:TigerMarble"},{"floor":27.0,"key":"Replay:Wax Seal"},{"floor":30.0,"key":"CCEMRelics:CocoNut"},{"floor":30.0,"key":"Iron Hammer"},{"floor":32.0,"key":"MutagenicStrength"},{"floor":42,"key":"Strawberry"},{"floor":42,"key":"CCEMRelics:TinyMinotavrHorn"},{"floor":47,"key":"Lantern"},{"floor":47,"key":"Akabeko"},{"floor":49,"key":"wanderingMiniBosses:LockLocket"},{"floor":50,"key":"Replay:Kaleidoscope"},{"floor":50,"key":"CCEMRelics:OverlyComfyChair"}],"event_choices":[{"damage_healed":0.0,"max_hp_gain":0.0,"max_hp_loss":0.0,"gold_gain":0.0,"event_name":"Mushrooms","player_choice":"Fought Mushrooms","floor":11.0,"gold_loss":0.0,"damage_taken":0.0},{"cards_removed":["Guardian:Strike_Guardian"],"damage_healed":0.0,"max_hp_gain":0.0,"max_hp_loss":0.0,"gold_gain":0.0,"event_name":"Back to Basics","player_choice":"Elegance","floor":33.0,"gold_loss":0.0,"damage_taken":0.0},{"cards_removed":["Guardian:Defend_Guardian"],"damage_healed":0,"gold_gain":0,"player_choice":"Removed Skill","damage_taken":0,"max_hp_gain":0,"max_hp_loss":0,"event_name":"Falling","floor":44,"gold_loss":0}],"is_beta":false,"boss_relics":[{"not_picked":["Replay:Wanted Poster","CCEMRelics:GreenEgg"],"picked":"Replay:Grab Bag"},{"not_picked":["Runic Dome","ReplayTheSpireMod:Onyx Gauntlets"],"picked":"Sozu"},{"not_picked":["Calling Bell","Pandora\u0027s Box"],"picked":"Black Star"},{"not_picked":["Tiny House","Runic Pyramid"],"picked":"Replay:Ancient Bell"},{"not_picked":["Anchor","CCEMRelics:GrindingGear"],"picked":"Replay:Rubber Ducky"},{"not_picked":["Sundial","Mercury Hourglass"],"picked":"Darkstone Periapt"},{"not_picked":["Replay:Towering Pillar of Hats","CCEMRelics:D6"],"picked":"Prayer Wheel"}],"items_purged_floors":[12,40,45],"is_endless":false,"potions_floor_spawned":[2,5,10,11,16,23,27,29,34,35,38,41,42,50,51],"ascension_level":1}}