{"host":"Jonboy","time":1608845127,"event":{"mods":["AchievementEnabler","BaseMod","Block Reminder","Colored Powertips","Minty Spire (QoL Compilation)","Relic Stats"],"gold_per_floor":[119,119,129,139,139,167,167,182,206,223,223,234,40,53,53,53,53],"floor_reached":16,"playtime":462,"items_purged":[],"score":182,"play_id":"ff638c6c-c069-4420-8c3e-45b6c28c2778","local_time":"20201224212527","is_ascension_mode":true,"campfire_choices":[{"data":"Carnage","floor":7,"key":"SMITH"},{"data":"Combust","floor":11,"key":"SMITH"},{"data":"Feed","floor":15,"key":"SMITH"}],"circlet_count":0,"master_deck":["AscendersBane","Strike_R","Strike_R","Strike_R+1","Strike_R+1","Strike_R","Defend_R","Defend_R","Defend_R","Defend_R","Bash","Combust+1","Sword Boomerang","Iron Wave","Carnage+1","Headbutt","Perfected Strike","Feed+1","Feel No Pain","Ghostly Armor"],"relics":["Coffee Dripper","Bag of Marbles","Akabeko"],"acts_visited":["Exordium"],"potions_floor_usage":[6],"damage_taken":[{"damage":5,"enemies":"2 Louse","floor":1,"turns":3},{"damage":0,"enemies":"Small Slimes","floor":3,"turns":3},{"damage":1,"enemies":"Cultist","floor":4,"turns":3},{"damage":15,"enemies":"3 Sentries","floor":6,"turns":7},{"damage":0,"enemies":"2 Fungi Beasts","floor":8,"turns":2},{"damage":12,"enemies":"Lots of Slimes","floor":10,"turns":3},{"damage":0,"enemies":"Large Slime","floor":12,"turns":1},{"damage":1,"enemies":"Exordium Thugs","floor":14,"turns":3},{"damage":20,"enemies":"The Guardian","floor":16,"turns":3}],"seed_played":"1960179770700945975","potions_obtained":[{"floor":1,"key":"FearPotion"},{"floor":4,"key":"SteroidPotion"},{"floor":12,"key":"Explosive Potion"}],"is_trial":false,"path_per_floor":["M","?","M","M","?","E","R","M","T","M","R","M","$","M","R","B"],"character_chosen":"IRONCLAD","items_purchased":["Feed","Feel No Pain"],"campfire_rested":0,"item_purchase_floors":[13,13],"current_hp_per_floor":[63,40,40,39,39,24,24,24,24,12,12,12,12,14,14,0,0],"gold":53,"neow_bonus":"BOSS_RELIC","is_daily":false,"chose_seed":false,"campfire_upgraded":3,"win_rate":0.0,"timestamp":1608845127,"path_taken":["M","?","M","M","?","E","R","M","T","M","R","M","$","?","R","BOSS"],"items_purchased_type":["Card","Card"],"build_version":"2020-12-18","purchased_purges":0,"victory":false,"max_hp_per_floor":[75,75,75,75,75,75,75,75,75,75,75,75,75,78,78,78,78],"relic_stats":{"counters":[9,28],"obtain_stats":[{"Coffee Dripper":0,"Bag of Marbles":6,"Burning Blood":0,"Akabeko":9},{"Coffee Dripper":0,"Bag of Marbles":4,"Burning Blood":0,"Akabeko":5},{"Coffee Dripper":0,"Bag of Marbles":16,"Burning Blood":0,"Akabeko":18}]},"card_choices":[{"not_picked":["Metallicize","Dual Wield"],"picked":"Combust","floor":1},{"not_picked":["Twin Strike","Dark Embrace"],"picked":"Sword Boomerang","floor":3},{"not_picked":["Twin Strike","True Grit"],"picked":"Iron Wave","floor":4},{"not_picked":["Bloodletting","Barricade"],"picked":"Headbutt","floor":6},{"not_picked":["Wild Strike","Searing Blow","Feel No Pain"],"picked":"SKIP","floor":8},{"not_picked":["Iron Wave","Wild Strike","Heavy Blade"],"picked":"SKIP","floor":10},{"not_picked":["Body Slam","Heavy Blade"],"picked":"Perfected Strike","floor":12},{"not_picked":["Body Slam","Wild Strike"],"picked":"Ghostly Armor","floor":14}],"player_experience":417118,"relics_obtained":[{"floor":6,"key":"Bag of Marbles"},{"floor":9,"key":"Akabeko"}],"event_choices":[{"damage_healed":0,"gold_gain":0,"player_choice":"Entered Light","damage_taken":23,"max_hp_gain":0,"max_hp_loss":0,"event_name":"Shining Light","floor":2,"gold_loss":0,"cards_upgraded":["Strike_R","Strike_R"]},{"damage_healed":0,"gold_gain":0,"player_choice":"1 cards matched","damage_taken":0,"max_hp_gain":0,"max_hp_loss":0,"event_name":"Match and Keep!","floor":5,"gold_loss":0,"cards_obtained":["Carnage"]}],"is_beta":true,"boss_relics":[],"items_purged_floors":[],"is_endless":false,"potions_floor_spawned":[1,4,12],"killed_by":"The Guardian","ascension_level":15}}