{"host":"2e3z4r48quhw80cc","time":1608787972,"event":{"mods":["BaseMod","Minty Spire (QoL Compilation)","Quick Restart","StSLib","SuperFastMode"],"gold_per_floor":[12,60,60,78,93,93,93,111,138,164,209,221,233,259,271,381,393,425,437,449,472,518,557,216,216,216,216,241,241,47,63,63,159,159,172,182,182,195,195,195],"floor_reached":39,"playtime":3458,"items_purged":["Strike_R","Strike_R"],"score":533,"play_id":"53a0b746-4855-4e80-bbb2-9b7f286e860a","local_time":"20201224143252","is_ascension_mode":true,"campfire_choices":[{"data":"Bash","floor":6.0,"key":"SMITH"},{"data":"Shrug It Off","floor":13.0,"key":"SMITH"},{"data":"Flex","floor":15.0,"key":"SMITH"},{"floor":25.0,"key":"REST"},{"data":"Limit Break","floor":27.0,"key":"SMITH"},{"data":"Demon Form","floor":32.0,"key":"SMITH"}],"circlet_count":0,"master_deck":["Strike_R+1","Strike_R+1","Defend_R","Defend_R","Defend_R","Bash+1","Battle Trance","Offering+1","Shrug It Off+1","Flex+1","Limit Break+1","Second Wind","Flame Barrier+1","Combust","Pommel Strike+1","Demon Form+1","Sentinel","CurseOfTheBell"],"relics":["Burning Blood","Thread and Needle","Smiling Mask","MawBank","Regal Pillow","Nunchaku","SlaversCollar","Red Mask","War Paint","Cauldron","Meat on the Bone","Whetstone","Potion Belt","Calling Bell","Red Skull","Frozen Egg 2","StoneCalendar"],"acts_visited":["Exordium","TheCity","TheBeyond"],"potions_floor_usage":[39,39],"damage_taken":[{"damage":0.0,"enemies":"Cultist","floor":1.0,"turns":3.0},{"damage":2.0,"enemies":"Jaw Worm","floor":4.0,"turns":5.0},{"damage":0.0,"enemies":"Small Slimes","floor":5.0,"turns":4.0},{"damage":10.0,"enemies":"Gremlin Gang","floor":8.0,"turns":6.0},{"damage":13.0,"enemies":"Exordium Wildlife","floor":10.0,"turns":3.0},{"damage":30.0,"enemies":"Gremlin Nob","floor":11.0,"turns":4.0},{"damage":6.0,"enemies":"Blue Slaver","floor":14.0,"turns":3.0},{"damage":50.0,"enemies":"The Guardian","floor":16.0,"turns":15.0},{"damage":23.0,"enemies":"3 Byrds","floor":18.0,"turns":7.0},{"damage":18.0,"enemies":"2 Thieves","floor":21.0,"turns":4.0},{"damage":23.0,"enemies":"Masked Bandits","floor":22.0,"turns":5.0},{"damage":13.0,"enemies":"Book of Stabbing","floor":23.0,"turns":5.0},{"damage":22.0,"enemies":"Slavers","floor":28.0,"turns":6.0},{"damage":17.0,"enemies":"Centurion and Healer","floor":31.0,"turns":5.0},{"damage":45.0,"enemies":"Collector","floor":33.0,"turns":9.0},{"damage":27.0,"enemies":"Orb Walker","floor":35.0,"turns":5.0},{"damage":53.0,"enemies":"3 Darklings","floor":36.0,"turns":7.0},{"damage":26.0,"enemies":"4 Shapes","floor":38.0,"turns":7.0},{"damage":30,"enemies":"Jaw Worm Horde","floor":39,"turns":2}],"seed_played":"-214351175588564550","potions_obtained":[{"floor":4.0,"key":"LiquidMemories"},{"floor":8.0,"key":"GamblersBrew"},{"floor":10.0,"key":"GamblersBrew"},{"floor":14.0,"key":"BloodPotion"},{"floor":21.0,"key":"ColorlessPotion"},{"floor":24.0,"key":"LiquidBronze"},{"floor":24.0,"key":"HeartOfIron"},{"floor":24.0,"key":"CultistPotion"},{"floor":31.0,"key":"Energy Potion"}],"is_trial":false,"path_per_floor":["M","T","$","M","M","R","?","M","T","M","E","?","R","M","R","B",null,"M","?","?","M","?","E","$","R","T","R","E","?","$","M","R","B",null,"M","M","$","M","M"],"character_chosen":"IRONCLAD","items_purchased":["Demon Form","Cauldron","Potion Belt"],"campfire_rested":1,"item_purchase_floors":[24,24,30],"current_hp_per_floor":[80,80,80,80,80,80,80,76,76,69,45,45,45,45,45,17,80,63,63,48,36,19,12,12,52,52,52,48,48,48,49,49,22,85,64,29,29,21,0,0],"gold":195,"neow_bonus":"ONE_RARE_RELIC","is_daily":false,"chose_seed":false,"campfire_upgraded":5,"win_rate":0.0,"timestamp":1608787972,"path_taken":["M","?","?","?","M","R","?","M","T","?","E","?","R","?","R","BOSS","M","?","?","M","?","E","$","R","T","R","E","?","$","?","R","BOSS","M","M","$","M","?"],"items_purchased_type":["Card","Relic","Relic"],"build_version":"2020-12-22","purchased_purges":2,"victory":false,"max_hp_per_floor":[80,80,80,80,80,80,80,80,80,80,80,80,80,80,80,80,80,80,80,85,85,85,85,85,85,85,85,85,85,85,85,85,85,85,85,85,85,85,85,85],"card_choices":[{"not_picked":["Thunderclap","Blood for Blood"],"picked":"Dropkick","floor":1.0},{"not_picked":["Warcry","Perfected Strike"],"picked":"Battle Trance","floor":4.0},{"not_picked":["Havoc","Anger","Dual Wield"],"picked":"SKIP","floor":5.0},{"not_picked":["Feel No Pain","Iron Wave"],"picked":"Offering","floor":8.0},{"not_picked":["Carnage","Power Through"],"picked":"Shrug It Off","floor":10.0},{"not_picked":["Perfected Strike","Evolve","Havoc"],"picked":"SKIP","floor":11.0},{"not_picked":["Clothesline","Iron Wave"],"picked":"Flex","floor":14.0},{"not_picked":["Corruption","Feed"],"picked":"Limit Break","floor":16.0},{"not_picked":["Dual Wield","Flame Barrier"],"picked":"Second Wind","floor":18.0},{"not_picked":["Iron Wave","Reckless Charge+1","Thunderclap"],"picked":"SKIP","floor":21.0},{"not_picked":["Havoc","Cleave+1"],"picked":"Pommel Strike+1","floor":22.0},{"not_picked":["Warcry+1","Flame Barrier+1","Armaments"],"picked":"SKIP","floor":23.0},{"not_picked":["Second Wind","Warcry"],"picked":"Sentinel","floor":28.0},{"not_picked":["Twin Strike","Shrug It Off","Evolve"],"picked":"SKIP","floor":31.0},{"not_picked":["Cleave","Rampage","Thunderclap"],"picked":"SKIP","floor":35.0},{"not_picked":["Perfected Strike+1","Clothesline","Headbutt+1"],"picked":"SKIP","floor":36.0},{"not_picked":["Twin Strike","Evolve+1","Thunderclap+1"],"picked":"SKIP","floor":38.0}],"player_experience":81791,"relics_obtained":[{"floor":2.0,"key":"Smiling Mask"},{"floor":9.0,"key":"MawBank"},{"floor":11.0,"key":"Regal Pillow"},{"floor":22.0,"key":"Red Mask"},{"floor":23.0,"key":"War Paint"},{"floor":26.0,"key":"Meat on the Bone"},{"floor":28.0,"key":"Whetstone"},{"floor":34.0,"key":"Red Skull"},{"floor":34.0,"key":"Frozen Egg 2"},{"floor":34.0,"key":"StoneCalendar"}],"event_choices":[{"cards_removed":["Dropkick"],"damage_healed":0.0,"max_hp_gain":0.0,"max_hp_loss":0.0,"gold_gain":0.0,"event_name":"Bonfire Elementals","player_choice":"Offered Uncommon","floor":7.0,"gold_loss":0.0,"damage_taken":0.0},{"damage_healed":0.0,"max_hp_gain":0.0,"max_hp_loss":0.0,"gold_gain":0.0,"event_name":"WeMeetAgain","player_choice":"Gave Potion","floor":12.0,"gold_loss":0.0,"damage_taken":0.0,"relics_obtained":["Nunchaku"]},{"damage_healed":0.0,"max_hp_gain":0.0,"max_hp_loss":0.0,"gold_gain":0.0,"cards_transformed":["Defend_R","Strike_R"],"event_name":"Drug Dealer","player_choice":"Became Test Subject","floor":19.0,"gold_loss":0.0,"damage_taken":0.0,"cards_obtained":["Flame Barrier","Combust"]},{"damage_healed":0.0,"max_hp_gain":5.0,"max_hp_loss":0.0,"gold_gain":0.0,"event_name":"Forgotten Altar","player_choice":"Shed Blood","floor":20.0,"gold_loss":0.0,"damage_taken":20.0},{"damage_healed":0.0,"max_hp_gain":0.0,"max_hp_loss":0.0,"gold_gain":0.0,"event_name":"Masked Bandits","player_choice":"Fought Bandits","floor":22.0,"gold_loss":0.0,"damage_taken":0.0},{"damage_healed":0.0,"max_hp_gain":0.0,"max_hp_loss":0.0,"gold_gain":0.0,"event_name":"The Woman in Blue","player_choice":"Bought 0 Potions","floor":29.0,"gold_loss":0.0,"damage_taken":0.0}],"is_beta":false,"boss_relics":[{"not_picked":["Runic Dome","Pandora\u0027s Box"],"picked":"SlaversCollar"},{"not_picked":["Astrolabe","Runic Pyramid"],"picked":"Calling Bell"}],"items_purged_floors":[24,30],"is_endless":false,"potions_floor_spawned":[4,8,10,14,21,28,31],"killed_by":"Jaw Worm Horde","ascension_level":4}}