{"host":"ssbj2e5691x5ub3h","time":1608827141,"event":{"mods":["BaseMod","Duelist Mod","Minty Spire (QoL Compilation)","StSLib"],"gold_per_floor":[137,117,129,148,148,148,73,92,117,117,117,135,135,162,162,259,259,275,275,293,213,213,233,233,248,327,343,359,374,374,374],"floor_reached":30,"playtime":1106,"items_purged":["theDuelist:ToonWorld"],"score":318,"play_id":"3cbad70f-7425-4d42-b745-395f7af0501c","local_time":"20201224142541","is_ascension_mode":true,"campfire_choices":[{"data":"theDuelist:ToonKingdom","floor":6,"key":"SMITH"},{"floor":11,"key":"REST"},{"data":"theDuelist:ToonAncientGear","floor":15,"key":"SMITH"},{"floor":24,"key":"REST"}],"circlet_count":0,"master_deck":["theDuelist:CastleWalls","theDuelist:CastleWalls","theDuelist:MangaRyuRan","theDuelist:Sparks","theDuelist:Sparks","theDuelist:Sparks","theDuelist:ToonAncientGear+1","theDuelist:ToonMermaid","theDuelist:ToonSummonedSkull","theDuelist:ToonKingdom+1","theDuelist:RedEyesToon","theDuelist:ToonCannonSoldier","theDuelist:BlueEyesToon","theDuelist:RedEyesToon","theDuelist:ToonMermaid","theDuelist:ToonGoblin","theDuelist:ToonMask","theDuelist:ToonGeminiElf+1","theDuelist:ToonMagic","theDuelist:BlueEyesToon","theDuelist:GiantTrunade+1","theDuelist:SwordsConcealing+1","theDuelist:ToonAncientGear"],"relics":["theDuelist:MillenniumPuzzle","theDuelist:CardPoolRelic","theDuelist:CardPoolBasicRelic","theDuelist:BoosterPackPoolRelic","theDuelist:CardPoolAddRelic","theDuelist:CardPoolMinusRelic","theDuelist:CardPoolSaveRelic","theDuelist:CardPoolOptionsRelic","Strawberry","Vajra","Kunai","theDuelist:MillenniumKey","Enchiridion","theDuelist:MillenniumPrayerbook"],"acts_visited":["Exordium","TheCity"],"potions_floor_usage":[],"damage_taken":[{"damage":9,"enemies":"Cultist","floor":1,"turns":4},{"damage":11,"enemies":"2 Louse","floor":3,"turns":2},{"damage":11,"enemies":"Jaw Worm","floor":4,"turns":3},{"damage":17,"enemies":"Exordium Wildlife","floor":8,"turns":3},{"damage":9,"enemies":"3 Louse","floor":12,"turns":2},{"damage":10,"enemies":"Gremlin Nob","floor":14,"turns":3},{"damage":56,"enemies":"The Guardian","floor":16,"turns":8},{"damage":18,"enemies":"2 Thieves","floor":18,"turns":3},{"damage":14,"enemies":"3 Byrds","floor":20,"turns":4},{"damage":0,"enemies":"Sentry and Sphere","floor":23,"turns":2},{"damage":4,"enemies":"Snecko","floor":25,"turns":3},{"damage":19,"enemies":"Chosen and Byrds","floor":27,"turns":2},{"damage":21,"enemies":"Snake Plant","floor":28,"turns":2},{"damage":6,"enemies":"Sentry and Sphere","floor":29,"turns":2}],"seed_played":"-2568159844210014792","potions_obtained":[{"floor":8,"key":"theDuelist:SolderPotionB"},{"floor":14,"key":"FearPotion"},{"floor":25,"key":"AttackPotion"}],"is_trial":false,"path_per_floor":["M","?","M","M","$","R","$","M","T","?","R","M","?","E","R","B",null,"M","?","M","$","?","M","R","M","T","M","M","M","?"],"character_chosen":"THE_DUELIST","items_purchased":["theDuelist:ToonMagic"],"campfire_rested":2,"item_purchase_floors":[21],"current_hp_per_floor":[79,79,68,57,57,57,57,40,47,44,72,63,94,84,84,28,78,60,60,46,46,30,30,58,54,54,35,14,8,0,0],"gold":374,"neow_bonus":"TEN_PERCENT_HP_BONUS","is_daily":false,"chose_seed":false,"campfire_upgraded":2,"win_rate":0.0,"timestamp":1608827141,"path_taken":["M","?","?","M","$","R","?","M","T","?","R","M","?","E","R","BOSS","M","?","M","$","?","M","R","M","T","?","M","M","?"],"items_purchased_type":["Card"],"build_version":"2020-12-22","purchased_purges":1,"victory":false,"max_hp_per_floor":[88,88,88,88,88,88,88,88,95,95,95,95,95,95,95,95,95,95,95,95,95,95,95,95,95,95,95,95,95,95,95],"card_choices":[{"not_picked":["theDuelist:AncientGearFist","theDuelist:CheerfulCoffin","theDuelist:FlyingSaucer","theDuelist:ToonWorld"],"picked":"theDuelist:ToonKingdom","floor":1},{"not_picked":["theDuelist:ToonBarrelDragon","theDuelist:ToonAncientGear","theDuelist:ToonMermaid","theDuelist:ToonRollback"],"picked":"theDuelist:RedEyesToon","floor":3},{"not_picked":["theDuelist:TrapHole","theDuelist:ToonKingdom","theDuelist:ToonWorld"],"picked":"theDuelist:ToonCannonSoldier","floor":4},{"not_picked":["theDuelist:ToonTable","theDuelist:ToonDarkMagician","theDuelist:SwordsConcealing","theDuelist:FeatherShot"],"picked":"theDuelist:BlueEyesToon","floor":8},{"not_picked":["theDuelist:MangaRyuRan","theDuelist:ToonMermaid","theDuelist:ToonBarrelDragon","theDuelist:ToonMaskedSorcerer"],"picked":"theDuelist:RedEyesToon","floor":12},{"not_picked":["theDuelist:SpellShatteringArrow","theDuelist:MangaRyuRan","theDuelist:RedEyesToon","theDuelist:ToonBarrelDragon"],"picked":"theDuelist:ToonMermaid","floor":14},{"not_picked":["theDuelist:ToonSummonedSkull","theDuelist:ToonMaskedSorcerer","theDuelist:SwordsConcealing","theDuelist:HeartUnderdog"],"picked":"theDuelist:ToonGoblin","floor":16},{"not_picked":["theDuelist:FeatherShot","theDuelist:ComicHand"],"picked":"theDuelist:ToonMask","floor":18},{"not_picked":["theDuelist:RedEyesToon","theDuelist:FlyingSaucer+1","theDuelist:MangaRyuRan","theDuelist:SpellShatteringArrow"],"picked":"theDuelist:ToonGeminiElf+1","floor":20},{"not_picked":["theDuelist:SpellShatteringArrow+1","theDuelist:MangaRyuRan","theDuelist:AncientGearFist+1","theDuelist:ToonSummonedSkull"],"picked":"theDuelist:BlueEyesToon","floor":23},{"not_picked":["theDuelist:AncientGearFist","theDuelist:SpellShatteringArrow","theDuelist:GiantTrunade","theDuelist:TributeDoomed","theDuelist:ToonRollback"],"picked":"SKIP","floor":25},{"not_picked":["theDuelist:ToonMaskedSorcerer+1","theDuelist:ToonTable","theDuelist:ToonBarrelDragon","theDuelist:ToonMagic"],"picked":"theDuelist:GiantTrunade+1","floor":27},{"not_picked":["theDuelist:ToonBriefcase+1","theDuelist:ToonCannonSoldier+1","theDuelist:ToonWorld+1","theDuelist:ToonKingdom+1"],"picked":"theDuelist:SwordsConcealing+1","floor":28},{"not_picked":["theDuelist:MangaRyuRan","theDuelist:RedEyesToon","theDuelist:FlyingSaucer","theDuelist:ToonCannonSoldier"],"picked":"theDuelist:ToonAncientGear","floor":29}],"player_experience":207273,"relics_obtained":[{"floor":9,"key":"Strawberry"},{"floor":14,"key":"Kunai"},{"floor":22,"key":"Enchiridion"},{"floor":26,"key":"theDuelist:MillenniumPrayerbook"}],"event_choices":[{"damage_healed":0,"gold_gain":0,"player_choice":"Bought 1 Potion","damage_taken":0,"max_hp_gain":0,"max_hp_loss":0,"event_name":"The Woman in Blue","floor":2,"gold_loss":0},{"damage_healed":0,"gold_gain":0,"player_choice":"Success","damage_taken":3,"relics_obtained":["Vajra"],"max_hp_gain":0,"max_hp_loss":0,"event_name":"Scrap Ooze","floor":10,"gold_loss":0},{"damage_healed":31,"gold_gain":0,"player_choice":"Banana","damage_taken":0,"max_hp_gain":0,"max_hp_loss":0,"event_name":"Big Fish","floor":13,"gold_loss":0},{"damage_healed":0,"gold_gain":0,"player_choice":"Ignored","damage_taken":0,"max_hp_gain":0,"max_hp_loss":0,"event_name":"Vampires","floor":19,"gold_loss":0},{"damage_healed":0,"gold_gain":0,"player_choice":"Obtained Book","damage_taken":16,"max_hp_gain":0,"max_hp_loss":0,"event_name":"Cursed Tome","floor":22,"gold_loss":0}],"is_beta":false,"boss_relics":[{"not_picked":["Velvet Choker","theDuelist:HauntedRelic"],"picked":"theDuelist:MillenniumKey"}],"items_purged_floors":[7],"is_endless":false,"potions_floor_spawned":[8,14,25,28],"ascension_level":5}}