{"host":"ztvj8pbgeibgztw6","time":1608820315,"event":{"mods":["ATMod(∞¢Ë™Mod)","BaseMod","Colored Map","Colored Powertips","Conspire","Dota2Spire","Luminous","Marisa£®ÏF”Í°°ƒß¿Ì…≥£©","Minty Spire (QoL Compilation)","Relic Stats","Remilia£®¿Ÿ√◊¿Ú—«£©","Replay The Spire","Shop Mod","StSLib","The Construct","The Cursed","The Hierophant","The Runesmith","UnlockEverythingMod"],"gold_per_floor":[113,312,112,154,180,180,268,268,319,319,396,446,12,52,52,238,238,88,74,110,110,110,110,148,148,148,235,278,332,332,384,384,577,577,638,638,12,52,105,172,172,198,198,218,218,285,285,340,340,382,382,382,35,114,126],"floor_reached":56,"playtime":15868,"items_purged":["Looming Evil"],"score":1177,"play_id":"65dbd692-4d32-4277-87c6-7a96d6677a87","local_time":"20201224223155","is_ascension_mode":false,"campfire_choices":[{"floor":6,"key":"RECALL"},{"floor":8,"key":"REST"},{"floor":10,"key":"REST"},{"floor":15,"key":"REST"},{"floor":23,"key":"REST"},{"floor":30,"key":"REST"},{"floor":32,"key":"REST"},{"floor":45,"key":"REST"},{"floor":49,"key":"REST"}],"circlet_count":0,"master_deck":["Strike_RM","Strike_RM","Strike_RM","Strike_RM","Defend_RM","Defend_RM","Defend_RM","Defend_RM","ScarletShoot","SuperhumanBloodyKnife","GlobalNightmare+1","conspire:SpireCoStock","conspire:SpireCoStock","conspire:SpireCoStock","conspire:SpireCoStock","MastersStateliness","DiffusionOfMisfortune","UnstableMagic","ScarletDevil","Lust_TH","ScarletMeister","CurseOfTheBell","RedRainbow+1","NightDance","Injury","BlasphemousPunishment","VampireKiss+1","VampireFantasy+1","StarOfDavid+1","MiserableFate+1","ForbiddenFruit","Pride","Greed_TH","NightLord+1","NightDance","ChaoticDestiny","Replay:Hysterical Blindness","HunterOfTheNight+1","MillenniumVampire","ScarletImprint+1","FavorOfDestiny+1","Doubt","DemonKingCradle","Parasite","NightLord+1","Ultimatum+1","FitfulNightmare","TwelveNightmare+1","UnderTheZenith+1","Ultimatum","HunterOfTheNight+1","Sloth_TH","ReincarnationDial+1","EndlessAdversity+1","FitfulNightmare+1","ScarletImprint+1","ScarletNetherworld","EndlessAdversity","Hallucinations","MastersStateliness","RedRainbow+1","TwelveNightmare+1","TheCursedMod:Dregs","Stigmanizer+1"],"relics":["ScarletHat","AT_ATBox","ReplayFunnel","Dota2Spire:Vanguard","Ring of Greed","ReplayTheSpireMod:Ring of Addiction","The Courier","Replay:Bandana","Potion Belt","Chameleon Ring","Sling","Dota2Spire:MagicBottle","White Beast Statue","Calling Bell","AT_SunfireAegis","ReplayTheSpireMod:Shallot","Prayer Wheel","GreatHeart","Incense Burner","Gremlin Horn","APieceOfRedMist","Matryoshka","Whetstone","Dota2Spire:MaskOfMadness","Lee\u0027s Waffle","AT_ArchangelStaff","Dota2Spire:DrumOfEndurance","Replay:Accelerometer","Bottled Lightning","Dota2Spire:BlackKingBar","Thread and Needle","AT_Manta","conspire:DecoderRing"],"acts_visited":["Exordium","TheCity","TheBeyond","TheEnding"],"potions_floor_usage":[14,16,16,18,24,29,33,33,33,33,35,40,40,44,46,50,50,50,54,55,55,55,55,55],"damage_taken":[{"damage":1,"enemies":"Jaw Worm","floor":1,"turns":3},{"damage":0,"enemies":"Small Slimes","floor":4,"turns":8},{"damage":50,"enemies":"Gremlin Nob","floor":7,"turns":7},{"damage":0,"enemies":"2 Louse","floor":11,"turns":3},{"damage":5,"enemies":"Gremlin Gang","floor":14,"turns":3},{"damage":37,"enemies":"The Guardian","floor":16,"turns":14},{"damage":2,"enemies":"2 Thieves","floor":18,"turns":4},{"damage":13,"enemies":"Chosen","floor":19,"turns":8},{"damage":19,"enemies":"Snake Plant","floor":20,"turns":4},{"damage":21,"enemies":"Centurion and Healer","floor":24,"turns":7},{"damage":18,"enemies":"Shelled Parasite and Fungi","floor":27,"turns":6},{"damage":13,"enemies":"conspire:MimicChest","floor":28,"turns":5},{"damage":26,"enemies":"3 Cultists","floor":29,"turns":6},{"damage":15,"enemies":"Snecko","floor":31,"turns":7},{"damage":42,"enemies":"Collector","floor":33,"turns":8},{"damage":0,"enemies":"3 Darklings","floor":35,"turns":6},{"damage":2,"enemies":"Orb Walker","floor":38,"turns":3},{"damage":0,"enemies":"Jaw Worm Horde","floor":39,"turns":2},{"damage":37,"enemies":"Nemesis","floor":40,"turns":7},{"damage":6,"enemies":"Sphere and 2 Shapes","floor":42,"turns":1},{"damage":0,"enemies":"Transient","floor":44,"turns":5},{"damage":37,"enemies":"2 Orb Walkers","floor":46,"turns":5},{"damage":15,"enemies":"Spire Growth","floor":48,"turns":5},{"damage":19,"enemies":"Replay:Hell Engine","floor":50,"turns":9},{"damage":48,"enemies":"Shield and Spear","floor":54,"turns":6},{"damage":64,"enemies":"The Heart","floor":55,"turns":8}],"seed_played":"-3796596431032663067","potions_obtained":[{"floor":1,"key":"DuplicationPotion"},{"floor":12,"key":"FearPotion"},{"floor":12,"key":"FairyPotion"},{"floor":12,"key":"ColorlessPotion"},{"floor":14,"key":"SkillPotion"},{"floor":16,"key":"Block Potion"},{"floor":18,"key":"Explosive Potion"},{"floor":19,"key":"SteroidPotion"},{"floor":20,"key":"Energy Potion"},{"floor":24,"key":"Strength Potion"},{"floor":27,"key":"Milkshake"},{"floor":29,"key":"BlessingOfTheForge"},{"floor":31,"key":"Dota2Spire:Clarity"},{"floor":33,"key":"SmokeBomb"},{"floor":35,"key":"SteroidPotion"},{"floor":38,"key":"Explosive Potion"},{"floor":39,"key":"SteroidPotion"},{"floor":40,"key":"Explosive Potion"},{"floor":42,"key":"BlessingOfTheForge"},{"floor":44,"key":"Elixir"},{"floor":46,"key":"Strength Potion"},{"floor":48,"key":"Dota2Spire:HealingSalve"},{"floor":52,"key":"Energy Potion"},{"floor":52,"key":"Dota2Spire:HealingSalve"},{"floor":54,"key":"SkillPotion"}],"is_trial":false,"path_per_floor":["M","?","?","M","T","R","E","R","T","R","M","?","$","M","R","B",null,"M","M","M","?","?","R","M","?","T","M","?","M","R","M","R","B",null,"M","?","$","M","M","E","T","M","T","M","R","?","?","M","R","B",null,"R","$","E","B",null],"character_chosen":"REMILIA","items_purchased":["Sling","Dota2Spire:MagicBottle","White Beast Statue","Matryoshka","Whetstone","Dota2Spire:MaskOfMadness","Lee\u0027s Waffle","FitfulNightmare","AT_Manta","TwelveNightmare+1"],"campfire_rested":8,"item_purchase_floors":[13,13,13,37,37,37,37,37,53,53],"current_hp_per_floor":[81,49,49,53,53,53,8,32,32,56,57,57,57,52,76,58,82,80,74,55,39,67,85,66,66,66,51,60,47,71,60,83,48,81,81,81,83,84,84,52,52,46,46,50,75,46,46,31,56,54,82,82,67,40,38],"gold":126,"neow_bonus":"TEN_PERCENT_HP_BONUS","is_daily":false,"chose_seed":false,"campfire_upgraded":0,"win_rate":0.0,"timestamp":1608820315,"path_taken":["M","?","?","M","?","R","E","R","T","R","M","?","?","M","R","BOSS","M","M","?","?","?","R","M","?","T","?","?","M","R","M","R","BOSS","M","?","$","M","M","E","?","M","T","M","R","?","?","M","R","BOSS","R","$","E","BOSS"],"items_purchased_type":["Relic","Relic","Relic","Relic","Relic","Relic","Relic","Card","Relic","Card"],"build_version":"2020-12-22","purchased_purges":1,"victory":true,"max_hp_per_floor":[82,82,82,82,82,82,82,82,82,82,82,82,82,82,82,82,82,82,82,82,87,85,85,85,85,85,85,83,83,83,83,83,81,81,81,81,88,88,86,86,86,86,86,84,84,84,84,84,84,82,82,82,82,80,80],"relic_stats":{"Lee\u0027s Waffle":27,"Gremlin Horn":[12,12],"counters":[26,150],"Prayer Wheel":13,"Whetstone":["HunterOfTheNight","VampireKiss"],"obtain_stats":[{"ReplayFunnel":7,"Dota2Spire:MaskOfMadness":37,"Replay:Accelerometer":41,"AT_ATBox":0,"Gremlin Horn":28,"Dota2Spire:DrumOfEndurance":41,"Dota2Spire:Vanguard":9,"Incense Burner":26,"Whetstone":37,"Sling":13,"AT_ArchangelStaff":40,"ScarletHat":0,"Dota2Spire:MagicBottle":13,"Replay:Bandana":12,"Chameleon Ring":12,"Matryoshka":37,"conspire:DecoderRing":54,"Prayer Wheel":17,"GreatHeart":25,"Potion Belt":12,"Lee\u0027s Waffle":37,"Dota2Spire:BlackKingBar":43,"AT_Manta":53,"ReplayTheSpireMod:Ring of Addiction":12,"Thread and Needle":46,"The Courier":12,"Ring of Greed":12,"White Beast Statue":13,"Calling Bell":17,"APieceOfRedMist":34,"ReplayTheSpireMod:Shallot":17,"Bottled Lightning":43,"AT_SunfireAegis":17},{"ReplayFunnel":3,"Dota2Spire:MaskOfMadness":16,"Replay:Accelerometer":19,"AT_ATBox":0,"Gremlin Horn":12,"Dota2Spire:DrumOfEndurance":19,"Dota2Spire:Vanguard":3,"Incense Burner":10,"Whetstone":16,"Sling":4,"AT_ArchangelStaff":19,"ScarletHat":0,"Dota2Spire:MagicBottle":4,"Replay:Bandana":4,"Chameleon Ring":4,"Matryoshka":16,"conspire:DecoderRing":25,"Prayer Wheel":6,"GreatHeart":10,"Potion Belt":4,"Lee\u0027s Waffle":16,"Dota2Spire:BlackKingBar":20,"AT_Manta":24,"ReplayTheSpireMod:Ring of Addiction":4,"Thread and Needle":22,"The Courier":4,"Ring of Greed":4,"White Beast Statue":4,"Calling Bell":6,"APieceOfRedMist":15,"ReplayTheSpireMod:Shallot":6,"Bottled Lightning":20,"AT_SunfireAegis":6},{"ReplayFunnel":18,"Dota2Spire:MaskOfMadness":99,"Replay:Accelerometer":111,"AT_ATBox":0,"Gremlin Horn":72,"Dota2Spire:DrumOfEndurance":111,"Dota2Spire:Vanguard":18,"Incense Burner":61,"Whetstone":99,"Sling":21,"AT_ArchangelStaff":111,"ScarletHat":0,"Dota2Spire:MagicBottle":21,"Replay:Bandana":21,"Chameleon Ring":21,"Matryoshka":99,"conspire:DecoderRing":142,"Prayer Wheel":38,"GreatHeart":61,"Potion Belt":21,"Lee\u0027s Waffle":99,"Dota2Spire:BlackKingBar":112,"AT_Manta":136,"ReplayTheSpireMod:Ring of Addiction":21,"Thread and Needle":122,"The Courier":21,"Ring of Greed":21,"White Beast Statue":21,"Calling Bell":38,"APieceOfRedMist":93,"ReplayTheSpireMod:Shallot":38,"Bottled Lightning":112,"AT_SunfireAegis":38}]},"card_choices":[{"not_picked":["ScarletDream","StarOfDavid"],"picked":"SuperhumanBloodyKnife","floor":1},{"not_picked":["ScarletDevil","StarOfDavid"],"picked":"GlobalNightmare","floor":2},{"not_picked":["ScarletImprint","ScarletGensokyo"],"picked":"MastersStateliness","floor":4},{"not_picked":["BloodyMagicSquare","ChaoticDestiny"],"picked":"DiffusionOfMisfortune","floor":7},{"not_picked":["AfternoonTea","ScarletDream"],"picked":"UnstableMagic","floor":11},{"not_picked":["ChainGang","SuperhumanBloodyKnife"],"picked":"ScarletDevil","floor":14},{"not_picked":["BatForm","BloodyCatastrophe"],"picked":"ScarletMeister","floor":16},{"not_picked":["EndlessAdversity","ScarletDevil"],"picked":"RedRainbow+1","floor":18},{"not_picked":["ScarletDevil","ScarletImprint"],"picked":"NightDance","floor":18},{"not_picked":["CharismaGuard","Maim+1"],"picked":"BlasphemousPunishment","floor":19},{"not_picked":["Stigmanizer","DiffusionOfMisfortune"],"picked":"VampireKiss","floor":19},{"not_picked":["BloodAndWine","CharismaGuard"],"picked":"VampireFantasy+1","floor":20},{"not_picked":["SuperhumanBloodyKnife","ScarletImprint+1"],"picked":"StarOfDavid+1","floor":20},{"not_picked":["Septette","EternalNight"],"picked":"MiserableFate+1","floor":24},{"not_picked":["DiffusionOfMisfortune","BloodHunter"],"picked":"ForbiddenFruit","floor":24},{"not_picked":["UnderTheZenith","FitfulNightmare"],"picked":"NightLord+1","floor":27},{"not_picked":["BloodyHallows","BombardNight"],"picked":"NightDance","floor":27},{"not_picked":["UnderTheZenith","UnstableMagic"],"picked":"ChaoticDestiny","floor":28},{"not_picked":["FavorOfDestiny","UnderTheZenith"],"picked":"HunterOfTheNight","floor":29},{"not_picked":["BloodHunter","ChainGang+1"],"picked":"MillenniumVampire","floor":29},{"not_picked":["BombardNight","UltimateOffering"],"picked":"ScarletImprint+1","floor":31},{"not_picked":["HunterOfTheNight","SuperhumanBloodyKnife"],"picked":"FavorOfDestiny+1","floor":31},{"not_picked":["ChaoticDestiny","ScarletMeister"],"picked":"DemonKingCradle","floor":33},{"not_picked":["MastersStateliness+1","Stigmanizer+1"],"picked":"NightLord+1","floor":35},{"not_picked":["ChainGang","ScarletDevil"],"picked":"Ultimatum+1","floor":35},{"not_picked":["StarOfDavid+1","VampireKiss"],"picked":"TwelveNightmare+1","floor":38},{"not_picked":["RedRainbow","ScarletImprint"],"picked":"UnderTheZenith+1","floor":38},{"not_picked":["VampireKiss","ScarletGensokyo"],"picked":"Ultimatum","floor":39},{"not_picked":["CeilingFear","ScarletGensokyo"],"picked":"HunterOfTheNight+1","floor":39},{"not_picked":["ForecastOfChange","VampireFantasy+1"],"picked":"ReincarnationDial+1","floor":40},{"not_picked":["AfternoonTea+1","BlasphemousPunishment"],"picked":"EndlessAdversity+1","floor":42},{"not_picked":["BlasphemousPunishment+1","StarOfDavid+1"],"picked":"FitfulNightmare+1","floor":42},{"not_picked":["Maim","NightDance+1"],"picked":"ScarletImprint+1","floor":44},{"not_picked":["RedRainbow+1","BlasphemousPunishment"],"picked":"ScarletNetherworld","floor":44},{"not_picked":["ScarletImprint","NightDance"],"picked":"EndlessAdversity","floor":46},{"not_picked":["VampireKiss","BlasphemousPunishment"],"picked":"MastersStateliness","floor":48},{"not_picked":["ReincarnationDial","EquivalentExchange"],"picked":"RedRainbow+1","floor":48},{"not_picked":["MiserableFate","NightLord"],"picked":"Stigmanizer+1","floor":54}],"player_experience":242229,"relics_obtained":[{"floor":7,"key":"ReplayFunnel"},{"floor":9,"key":"Dota2Spire:Vanguard"},{"floor":12,"key":"Ring of Greed"},{"floor":12,"key":"ReplayTheSpireMod:Ring of Addiction"},{"floor":12,"key":"The Courier"},{"floor":12,"key":"Replay:Bandana"},{"floor":12,"key":"Potion Belt"},{"floor":12,"key":"Chameleon Ring"},{"floor":17,"key":"AT_SunfireAegis"},{"floor":17,"key":"ReplayTheSpireMod:Shallot"},{"floor":17,"key":"Prayer Wheel"},{"floor":26,"key":"Incense Burner"},{"floor":28,"key":"Gremlin Horn"},{"floor":40,"key":"AT_ArchangelStaff"},{"floor":41,"key":"Dota2Spire:DrumOfEndurance"},{"floor":41,"key":"Replay:Accelerometer"},{"floor":43,"key":"Bottled Lightning"},{"floor":43,"key":"Dota2Spire:BlackKingBar"},{"floor":46,"key":"Thread and Needle"},{"floor":54,"key":"conspire:DecoderRing"}],"event_choices":[{"damage_healed":0,"gold_gain":0,"player_choice":"Invest 4","damage_taken":0,"max_hp_gain":0,"max_hp_loss":0,"event_name":"conspire:Investor","floor":3,"gold_loss":0},{"damage_healed":0,"gold_gain":0,"player_choice":"Shed Blood","damage_taken":21,"max_hp_gain":5,"max_hp_loss":0,"event_name":"Forgotten Altar","floor":21,"gold_loss":0},{"damage_healed":28,"gold_gain":0,"player_choice":"Heal","damage_taken":0,"max_hp_gain":0,"max_hp_loss":0,"event_name":"The Library","floor":22,"gold_loss":0},{"cards_removed":["RedMoon"],"damage_healed":0,"gold_gain":0,"player_choice":"Removed Skill","damage_taken":0,"max_hp_gain":0,"max_hp_loss":0,"event_name":"Falling","floor":36,"gold_loss":0},{"damage_healed":0,"gold_gain":0,"player_choice":"Fight","damage_taken":0,"max_hp_gain":0,"max_hp_loss":0,"event_name":"Mysterious Sphere","floor":46,"gold_loss":0},{"damage_healed":0,"gold_gain":0,"player_choice":"Upgraded","damage_taken":0,"max_hp_gain":0,"max_hp_loss":0,"event_name":"Upgrade Shrine","floor":47,"gold_loss":0,"cards_upgraded":["GlobalNightmare"]}],"is_beta":false,"boss_relics":[{"not_picked":["conspire:SeveredTorchhead","Kintsugi"],"picked":"Calling Bell"},{"not_picked":["conspire:SlowCooker","Velvet Choker"],"picked":"APieceOfRedMist"}],"items_purged_floors":[53],"is_endless":false,"potions_floor_spawned":[1,14,16,18,19,20,24,27,28,29,31,33,35,38,39,40,42,44,46,48,54],"ascension_level":0}}