{"host":"bhj73plqr6q46rek","time":1608817079,"event":{"mods":["2.2 Compatiblity","Abigail Mod","Aspiration","BaseMod","Better Third Choice","BetterRewards","CapriCore","Conspire","Downfall","Energized Spire","Friendly Minions","GungeonMod","Halation","HololiveMod","Hubris","Infinite Spire","KinomotoSakuraMod(木之本?)","Kiyohime（清?）","Marisa（霧雨　魔理沙）","Minty Spire (QoL Compilation)","Prisma Mod","Reimu（博??梦）","Relic Sorter","Remilia_Scarlet Moed（蕾米莉?・斯?雷特）3.3.5","StSLib","The Alterego","The Immortal","The Servant 0.9.4","WarShipGirlsR/??少女R mod"],"gold_per_floor":[86,86,86,86,101,101,101,114,114,124,141,141,172,207,207,302,302,315,332,257,272,195,195,212,237,282,299,312,312,328,363,363,465,465,480,480,480,480,480],"floor_reached":38,"playtime":2949,"items_purged":[],"score":568,"play_id":"b802453c-5720-4b9f-9aaf-908c08c8a90a","local_time":"20201224143758","is_ascension_mode":false,"campfire_choices":[{"data":"Hololive_CallOkamiMio","floor":6,"key":"SMITH"},{"data":"Hololive_CallMinatoAqua","floor":12,"key":"SMITH"},{"data":"Hololive_CallArtia","floor":15,"key":"SMITH"},{"data":"Hololive_DurableLive","floor":23,"key":"SMITH"},{"data":"Hololive_CallOzoraSubaru","floor":29,"key":"SMITH"},{"data":"Hololive_CallMurasakiShion","floor":32,"key":"SMITH"}],"circlet_count":0,"master_deck":["Hololive_CallOkamiMio+1","Hololive_CallOzoraSubaru+1","Hololive_CallMinatoAqua+1","Hololive_CallShirakamiFubuki+1","Hololive_CallNakiriAyame+1","Hololive_CallMurasakiShion+1","Hololive_CallAkaiHaato","Hololive_Strike+1","Hololive_Defend","Hololive_CallArtia+1","Injury","Hololive_ILoveYou","Hololive_StrengthChampion","Hololive_CallHoshimachiSuisei+1","Hololive_CallInugamiKorone+1","Hololive_CallHoushouMarine+1","Hololive_CallShiranuiFlare+1","Hololive_DurableLive+1","Hololive_Watashimo+1","Hololive_SummonFox+1","Hololive_CallDoris+1","Hololive_BringToTrial+1","Hololive_CallYozoraMel+1","Hololive_CallAmaneKanata+1","Hololive_CallAiraniIofifteen+1","Hololive_CallYukihanaLamy+1","Hololive_Recruit+1","Hololive_CandyCastle+1"],"relics":["Hololive_TheStar","aspiration:DSix","DemoMod:PoisonVial","Hololive_Kindergarten","NeowsBlessing","Frozen Egg 2","Black Star","Vajra","Toxic Egg 2","RuthlessExorcism:ReiMu","Bag of Marbles","Oddly Smooth Stone"],"acts_visited":["Exordium","TheCity","TheBeyond"],"potions_floor_usage":[],"damage_taken":[{"damage":0,"enemies":"2 Louse","floor":1,"turns":1},{"damage":0,"enemies":"Jaw Worm","floor":5,"turns":1},{"damage":0,"enemies":"Small Slimes","floor":8,"turns":1},{"damage":0,"enemies":"Blue Slaver","floor":10,"turns":3},{"damage":0,"enemies":"Exordium Wildlife","floor":11,"turns":3},{"damage":0,"enemies":"Lagavulin","floor":13,"turns":4},{"damage":0,"enemies":"Large Slime","floor":14,"turns":3},{"damage":0,"enemies":"Slime Boss","floor":16,"turns":6},{"damage":2,"enemies":"2 Thieves","floor":18,"turns":4},{"damage":0,"enemies":"Chosen","floor":19,"turns":4},{"damage":0,"enemies":"3 Cultists","floor":21,"turns":3},{"damage":0,"enemies":"Chosen and Byrds","floor":24,"turns":4},{"damage":11,"enemies":"Gremlin Leader","floor":25,"turns":7},{"damage":0,"enemies":"Snecko","floor":27,"turns":3},{"damage":0,"enemies":"Snake Plant","floor":28,"turns":2},{"damage":0,"enemies":"3 Cultists","floor":30,"turns":4},{"damage":0,"enemies":"Nightmare","floor":31,"turns":4},{"damage":0,"enemies":"conspire:MysteriousRune","floor":33,"turns":5},{"damage":6,"enemies":"3 Darklings","floor":35,"turns":7},{"damage":39,"enemies":"3 Shapes","floor":38,"turns":3}],"seed_played":"-4801409385515237980","potions_obtained":[{"floor":5,"key":"Energy Potion"},{"floor":8,"key":"Energy Potion"},{"floor":16,"key":"Energy Potion"}],"is_trial":false,"path_per_floor":["M","?","?","?","M","R","?","M","T","M","M","R","E","M","R","B",null,"M","M","?","M","$","R","M","E","T","M","M","R","M","NM","R","B",null,"M","?","?","M"],"character_chosen":"Hololive_HololiveCharacter","items_purchased":["Hololive_CallDoris+1"],"campfire_rested":0,"item_purchase_floors":[22],"current_hp_per_floor":[35,28,33,33,33,33,33,33,33,33,33,33,33,33,33,33,40,38,38,38,38,38,38,38,27,27,27,27,27,31,32,32,35,40,34,34,34,0,0],"gold":480,"neow_bonus":"THREE_ENEMY_KILL","is_daily":false,"chose_seed":false,"campfire_upgraded":6,"win_rate":0.0,"timestamp":1608817078,"path_taken":["M","?","?","?","M","R","?","M","T","M","M","R","E","M","R","BOSS","M","M","?","M","$","R","M","E","T","M","M","R","M","NM","R","BOSS","M","?","?","M"],"items_purchased_type":["Card"],"build_version":"2020-12-22","purchased_purges":0,"victory":false,"max_hp_per_floor":[35,35,40,40,40,40,40,40,40,40,40,40,40,40,40,40,40,40,40,40,40,40,40,40,40,40,40,40,40,40,40,40,40,40,40,40,40,40,40],"card_choices":[{"not_picked":["Hololive_StrengthChampion","Hololive_CocoNews","Hololive_FlyingPonyTail"],"picked":"Hololive_CallArtia","floor":1},{"not_picked":["Hololive_StrengthChampion","Hololive_CallOkamiMio+1","Hololive_HuntDinosaur"],"picked":"Hololive_ILoveYou","floor":5},{"not_picked":["Hololive_BringToTrial","Hololive_CallMinatoAqua+1","Hololive_CocoNews"],"picked":"Hololive_StrengthChampion","floor":8},{"not_picked":["Hololive_Psychosis","Hololive_HuntDinosaur","Hololive_OvertimeWork"],"picked":"Hololive_CallHoshimachiSuisei+1","floor":10},{"not_picked":["Hololive_CallYogiri+1","Hololive_CallNekomataOkayu+1","Hololive_MaximGun"],"picked":"Hololive_CallInugamiKorone+1","floor":11},{"not_picked":["Hololive_RevenueBasedLive","Hololive_FlyingPonyTail","Hololive_CallDoris+1"],"picked":"Hololive_CallHoushouMarine+1","floor":13},{"not_picked":["Hololive_BringToTrial","Hololive_Breathe","Hololive_Psychosis"],"picked":"Hololive_CallShiranuiFlare+1","floor":14},{"not_picked":["Hololive_IdolExercise","Hololive_Nanodesu","Hololive_HighAtkLowDef"],"picked":"Hololive_DurableLive","floor":16},{"not_picked":["Hololive_StrengthChampion","Hololive_Trident","Hololive_OvertimeWork+1"],"picked":"Hololive_Watashimo+1","floor":18},{"not_picked":["Hololive_ILoveYou+1","Hololive_LuckPotion","Hololive_CocoNews"],"picked":"Hololive_SummonFox+1","floor":19},{"not_picked":["Hololive_CallHoshimachiSuisei+1","Hololive_RevenueBasedLive+1","Hololive_CallNakiriAyame+1","Hololive_Rebound"],"picked":"SKIP","floor":21},{"not_picked":["Hololive_CallNakiriAyame+1","Hololive_CocoNews","Hololive_OvertimeWork","Hololive_FlyingPonyTail"],"picked":"SKIP","floor":24},{"not_picked":["Hololive_Trident","Hololive_Rebound+1","Hololive_ScarfAndHalo"],"picked":"Hololive_BringToTrial+1","floor":25},{"not_picked":["Hololive_StrengthChampion","Hololive_OvertimeWork","Hololive_CallHimemoriLuna+1"],"picked":"Hololive_CallYozoraMel+1","floor":27},{"not_picked":["Hololive_FlyingPonyTail+1","Hololive_StrengthChampion","Hololive_CallOmaruPolka+1"],"picked":"Hololive_CallAmaneKanata+1","floor":28},{"not_picked":["Hololive_Rebound+1","Hololive_FlyingPonyTail+1","Hololive_Breathe+1"],"picked":"Hololive_CallAiraniIofifteen+1","floor":30},{"not_picked":["Hololive_RevenueBasedLive+1","Hololive_CallShishiroBotan+1","Hololive_CallTokinoSora+1"],"picked":"Hololive_CallYukihanaLamy+1","floor":31},{"not_picked":["Hololive_Nanodesu","Hololive_DiamondStrike","Hololive_MaximGun"],"picked":"Hololive_Recruit+1","floor":33},{"not_picked":["Hololive_CallHoshimachiSuisei+1","Hololive_Breathe+1","Hololive_Rebound+1"],"picked":"Hololive_CandyCastle+1","floor":35}],"player_experience":336877,"relics_obtained":[{"floor":9,"key":"DemoMod:PoisonVial"},{"floor":13,"key":"aspiration:DSix"},{"floor":25,"key":"Vajra"},{"floor":25,"key":"Toxic Egg 2"},{"floor":26,"key":"RuthlessExorcism:ReiMu"},{"floor":31,"key":"Bag of Marbles"},{"floor":31,"key":"Oddly Smooth Stone"}],"event_choices":[{"damage_healed":35,"gold_gain":0,"player_choice":"Upgrade","damage_taken":7,"max_hp_gain":0,"max_hp_loss":35,"event_name":"betterThird:BetterShining","floor":2,"gold_loss":0,"cards_upgraded":["Hololive_CallNakiriAyame","Hololive_Strike"]},{"damage_healed":0,"gold_gain":0,"player_choice":"CYMZW","damage_taken":0,"max_hp_gain":5,"max_hp_loss":0,"event_name":"Remilia_CDSJ09","floor":3,"gold_loss":0},{"cards_removed":["RemiliaMod:CYMZW"],"damage_healed":0,"gold_gain":0,"player_choice":"Gave Gold","damage_taken":0,"max_hp_gain":0,"max_hp_loss":0,"event_name":"Beggar","floor":20,"gold_loss":75}],"is_beta":false,"boss_relics":[{"not_picked":["energizedSpire:SpiderWeb","halation:HeavySnake"],"picked":"Black Star"},{"not_picked":["conspire:SlowCooker","conspire:RunicOctahedron","halation:MonkeysPaw"]}],"items_purged_floors":[],"is_endless":false,"potions_floor_spawned":[5,8,16,21,25,27,30],"killed_by":"3 Shapes","ascension_level":0}}