{"host":"t7rtdu4954o308h4","time":1608821942,"event":{"mods":["AchievementEnabler","Act Like it!","BaseMod","Conspire","Library of Ruina","Library of Ruina Extra","Minty Spire (QoL Compilation)","MostiFishMod","Replay The Spire","StSLib","TestMod","Waifu the Spire","【功能Mod】聪明的最终Boss","【遗物卡牌】REMEMod"],"gold_per_floor":[120,120,130,205,205,235,235,250,250,262,262,295,295,307,307,411,411,424,455,467,392,425,452,33,33,80,109,159,171,182,209,209,305,305,317,539,539,119,136,161,178,178,178,198,48,59,90,100,100,100,100],"floor_reached":52,"playtime":1870,"items_purged":["DegradedFairy","ReplayTheSpireMod:Restless Dread","DegradedChain","SenseQuarry"],"score":1783,"play_id":"8622cdea-c518-459b-84b8-16e81c692dee","local_time":"20201224225902","is_ascension_mode":true,"campfire_choices":[{"data":"MostiFishMod:SephirahHod","floor":11.0,"key":"SMITH"},{"data":"REME_BattleFury","floor":13.0,"key":"SMITH"},{"data":"HandlingWork","floor":15.0,"key":"SMITH"},{"data":"DegradedFairy","floor":25.0,"key":"SMITH"},{"data":"TrashDisposal","floor":32,"key":"SMITH"},{"floor":42,"key":"RECALL"},{"data":"GuidanceOfTheGears","floor":49,"key":"SMITH"}],"circlet_count":0,"master_deck":["AscendersBane","DegradedFairy+1","DegradedChain","DegradedLock","DegradedShockwave","REME_BattleFury+1","MostiFishMod:SephirahHod+1","GuidanceOfTheGears+1","TrashDisposal+1","HandlingWork+1","MostiFishMod:JungleRules+1"],"relics":["PageOfLibrarian","DaveBox","testmod-TestBox","REME_ComplimentaryCards","testmod-AscensionHeart","MostiFishMod:Hod","SynthV:TestCard","PageOfDeadButterflies","Golden Egg","PageOfTheSilentOrchestra","Vajra","TimeKeys","Red Mask","PageOfTheQueenOfHatred","PageOfTheKnightOfDespair","PageOfSpiderBud","ReplayTheSpireMod:CursedCoin","CeramicFish","PageOfGreed","PageOfWrath","PageOfNihil","testmod-OneHitWonder","RhineCircuit","testmod-RealStoneCalender","REME_LimitBreaker","Bottled Flame","Anchor"],"acts_visited":["Exordium","TheCity","TheBeyond"],"potions_floor_usage":[30],"damage_taken":[{"damage":0.0,"enemies":"2 Louse","floor":1.0,"turns":1.0},{"damage":0.0,"enemies":"Small Slimes","floor":3.0,"turns":1.0},{"damage":0.0,"enemies":"3 Sentries","floor":6.0,"turns":1.0},{"damage":0.0,"enemies":"Jaw Worm","floor":8.0,"turns":1.0},{"damage":0.0,"enemies":"Blue Slaver","floor":10.0,"turns":1.0},{"damage":0.0,"enemies":"Lagavulin","floor":12.0,"turns":1.0},{"damage":0.0,"enemies":"3 Louse","floor":14.0,"turns":1.0},{"damage":0.0,"enemies":"The Guardian","floor":16.0,"turns":2.0},{"damage":0.0,"enemies":"Shell Parasite","floor":18.0,"turns":1.0},{"damage":30.0,"enemies":"Masked Bandits","floor":19.0,"turns":4.0},{"damage":0.0,"enemies":"3 Byrds","floor":20.0,"turns":2.0},{"damage":0.0,"enemies":"conspire:MimicChest","floor":22.0,"turns":2.0},{"damage":0.0,"enemies":"Gremlin Leader","floor":23.0,"turns":2.0},{"damage":7.0,"enemies":"Slavers","floor":27.0,"turns":2.0},{"damage":42,"enemies":"Shelled Parasite and Fungi","floor":29,"turns":4},{"damage":0,"enemies":"Snecko","floor":30,"turns":2},{"damage":0,"enemies":"Book of Stabbing","floor":31,"turns":2},{"damage":0,"enemies":"Champ","floor":33,"turns":4},{"damage":0,"enemies":"Orb Walker","floor":35,"turns":1},{"damage":8,"enemies":"3 Shapes","floor":39,"turns":3},{"damage":0,"enemies":"Reptomancer","floor":40,"turns":2},{"damage":0,"enemies":"Transient","floor":41,"turns":4},{"damage":18,"enemies":"Spire Growth","floor":44,"turns":3},{"damage":0,"enemies":"Maw","floor":46,"turns":3},{"damage":0,"enemies":"R_Hoarder","floor":47,"turns":2},{"damage":0,"enemies":"Sphere and 2 Shapes","floor":48,"turns":3},{"damage":35,"enemies":"Time Eater","floor":50,"turns":15},{"damage":25,"enemies":"Time Eater","floor":51,"turns":9}],"seed_played":"4304816254244816328","potions_obtained":[{"floor":3.0,"key":"Fire Potion"},{"floor":10.0,"key":"ColorlessPotion"},{"floor":12.0,"key":"Swift Potion"},{"floor":14.0,"key":"PowerPotion"},{"floor":30,"key":"testmod-SpacePotion"},{"floor":31,"key":"Fire Potion"},{"floor":39,"key":"Languid Potion"},{"floor":48,"key":"Venom Potion"}],"is_trial":false,"path_per_floor":["M","?","M","?","?","E","?","M","T","M","R","E","R","M","R","B",null,"M","?","M","$","?","E","$","R","T","E","?","M","M","E","R","B",null,"M","?","?","$","M","E","M","R","T","M","$","M","E","M","R","B",null,null],"character_chosen":"Librarian","items_purchased":["PageOfSpiderBud","ReplayTheSpireMod:CursedCoin","CeramicFish","MostiFishMod:JungleRules","testmod-RealStoneCalender"],"campfire_rested":0,"item_purchase_floors":[24,24,24,24,38],"current_hp_per_floor":[55,55,56,45,38,39,36,37,37,42,42,47,47,48,48,58,86,87,62,67,67,68,69,69,69,69,67,67,37,38,39,39,53,88,89,89,89,89,82,87,89,89,89,76,76,77,78,85,85,100,75],"gold":100,"neow_bonus":"RANDOM_EVENT","is_daily":false,"chose_seed":false,"campfire_upgraded":6,"win_rate":0.0,"timestamp":1608821942,"path_taken":["M","?","M","?","?","E","?","?","T","M","R","E","R","M","R","BOSS","M","?","M","$","?","E","$","R","T","E","?","M","?","E","R","BOSS","M","?","?","$","M","E","M","R","T","M","$","?","E","M","R","BOSS"],"items_purchased_type":["Relic","Relic","Relic","Card","Relic"],"build_version":"2020-12-22","purchased_purges":4,"victory":true,"max_hp_per_floor":[90,90,90,90,90,90,90,90,90,90,90,90,90,90,90,95,95,95,95,95,95,95,95,95,95,95,95,95,95,95,95,95,100,100,100,100,100,100,100,100,100,100,100,100,100,100,100,100,100,100,100],"card_choices":[{"not_picked":["PreemptiveStrike","BindingArms","TheArtOfRapidSteps","WillOfThePrescript","StructuralAnalysis","SuppressingShot","SmokingPipe","FierceOnslaught"],"picked":"GuidanceOfTheGears","floor":1.0},{"not_picked":["EndlessBattle","FeatherShield","WillOfThePrescript","HiddenBlade","NightInTheBackstreets","QuickAttack","FleetFootsteps","TrimTheIngredients","HighKick","Faith","Retaliate"],"picked":"SKIP","floor":3.0},{"not_picked":["Commandeering","Eradication","FormingStorm","BoundaryOfDeath","Transpierce","TrashDisposal","SilentNight","EnergyBeam","FormingStorm","RepressedFlesh"],"picked":"TrashDisposal","floor":6.0},{"not_picked":["AsThePrescriptOrders","IllEndYou","HiddenBlade","TendonChords","Pound","Track","NightInTheBackstreets","StructuralAnalysis","UnavoidableGaze","Crush","UncannyStrike"],"picked":"SKIP","floor":8.0},{"not_picked":["Thrust","Observe","GatherIntel","UpbeatPerformance","Collision","DimensionalRift","GuidanceOfTheGears","ShockRound","InnerArdor","BackAttack","Wallop_lor"],"picked":"SKIP","floor":10.0},{"not_picked":["UnforgettableMelody","EnergyBeam","ChargeUp","EnergyBeam","BoundaryOfDeath","ScratchThat","TieShanKao","RipSpace","GoinFirst","EmotionalTurbulence","FormingStorm"],"picked":"SKIP","floor":12.0},{"not_picked":["DefenseOrder","PuppetBlockade","GuidanceOfTheGears","FaintMemories","Reload","TraceOfFumes","ToWhereThePrescriptPoints","Quickness","ExtractFuel","CutIn"],"picked":"HandlingWork","floor":14.0},{"not_picked":["LossOfSenses","SomberProcuration","FrontalAssault","Feast","FeelinGood+1","GuardingStance","GuidanceOfTheGears+1","HandleRequest","FlyingSword","Diversion","Multislash"],"picked":"SKIP","floor":18.0},{"not_picked":["Collision","Quickness+1","ShrineToMusic+1","HighKick","Zzzzzap","SuppressingShot","QuickAttack+1","AsThePrescriptOrders+1","TendonChords","SparkingSpear","WillOfThePrescript"],"picked":"SKIP","floor":20.0},{"not_picked":["EnergyBeam","Observe","RepressedFlesh","Deflect_lor","BlazingStrike","Suppress","FleshFillet","Observe","Eradication","Suppress","GoinFirst"],"picked":"SKIP","floor":23.0},{"not_picked":["WillProduceFineSilk","Cruelty","ChargeUp","DaringDecision","GoinFirst","Suppress","Transpierce","WillProduceFineSilk","ChargeUp","TrashDisposal","ScratchThat"],"picked":"SKIP","floor":27.0},{"not_picked":["EnergyCycle","SpearedSweep","SturdyDefense","StayCalm+1","Reload","GuidanceOfTheGears+1","DefenseOrder","Retaliate+1","AutomatedMovement","IngredientHunt","WillOfThePrescript+1"],"picked":"SKIP","floor":29},{"not_picked":["StructuralAnalysis","QuickAttack","HandleRequest+1","UpbeatPerformance+1","TheArtOfRapidSteps","EnergyShield","NonstopAssault","KeepItFresh","Quickness","SharpenedBlade","ShrineToMusic+1"],"picked":"SKIP","floor":30},{"not_picked":["WillProduceFineSilk","ScratchThat","RipSpace","Eradication","LeRegole","RipSpace","EnergyBeam","CrackOfDawn","Eradication","TieShanKao","LeRegole"],"picked":"SKIP","floor":31},{"not_picked":["KeepItFresh+1","ShrineToMusic","Multislash","HiddenBlade","ICanCookAnything+1","EnergyShield+1","SunsetBlade","MultiBlock","GuidanceOfTheGears","Standoff+1","SearingSword"],"picked":"SKIP","floor":35},{"not_picked":["AbsorbImpact+1","BindingArms+1","NightInTheBackstreets+1","Rewind+1","ClassAndRespect+1","AGoldenOpportunity","Leap_lor+1","EnergyShield+1","FleetEdge+1","Cruelty","FlyingSword"],"picked":"SKIP","floor":39},{"not_picked":["RepressedFlesh","CleanUp","BlazingStrike","Castigation","Observe","BoundaryOfDeath","CleanUp","CleanUp","EnergyBeam","FormingStorm","Deflect_lor"],"picked":"SKIP","floor":40},{"not_picked":["NightInTheBackstreets+1","ExtractFuel+1","StayCalm","PreemptiveStrike+1","BackAttack","StructuralAnalysis+1","NonstopAssault+1","YourShield","BizarreAttack","WillProduceFineSilk","EndlessBattle"],"picked":"SKIP","floor":41},{"not_picked":["SummaryJudgment","PreemptiveStrike","UnavoidableGaze","SweepTheBackstreets","IngredientHunt+1","BlowItUp","StructuralAnalysis","TendonChords","SkyClearingCut","OpportunitySpotted","FaintMemories+1"],"picked":"SKIP","floor":44},{"not_picked":["Unlock1","FierceCharge+1","HandleRequest","DevastatingThrash","DaringDecision","FleetEdge","CookingPrep+1","DefenseOrder","AutomatedMovement","WrathOfTorment","Wallop_lor"],"picked":"SKIP","floor":46},{"not_picked":["SenseQuarry","TrashDisposal","GoinFirst","GoinFirst","Tttonst","FleshFillet","SenseQuarry","Decapitation","EnergyBeam","ScratchThat","CleanUp"],"picked":"SKIP","floor":47},{"not_picked":["FrontalAssault","SharpSwipe+1","EndlessBattle","WrathOfTorment+1","WildCard+1","Gamble+1","SuppressingShot","GuidanceOfTheGears+1","FlyingSword+1","ClassAndRespect","HandlingWork"],"picked":"SKIP","floor":48}],"player_experience":61924,"relics_obtained":[{"floor":1.0,"key":"SynthV:TestCard"},{"floor":6.0,"key":"PageOfDeadButterflies"},{"floor":9.0,"key":"PageOfTheSilentOrchestra"},{"floor":12.0,"key":"Vajra"},{"floor":19.0,"key":"Red Mask"},{"floor":22.0,"key":"PageOfTheQueenOfHatred"},{"floor":23.0,"key":"PageOfTheKnightOfDespair"},{"floor":26.0,"key":"PageOfGreed"},{"floor":27.0,"key":"PageOfWrath"},{"floor":29,"key":"PageOfNihil"},{"floor":31,"key":"testmod-OneHitWonder"},{"floor":40,"key":"REME_LimitBreaker"},{"floor":43,"key":"Bottled Flame"},{"floor":47,"key":"Anchor"}],"event_choices":[{"damage_healed":0.0,"max_hp_gain":0.0,"max_hp_loss":0.0,"gold_gain":0.0,"cards_transformed":["DegradedFairy"],"event_name":"Living Wall","player_choice":"Change","floor":0.0,"gold_loss":0.0,"damage_taken":0.0,"cards_obtained":["SenseQuarry"]},{"damage_healed":0.0,"max_hp_gain":0.0,"max_hp_loss":0.0,"gold_gain":0.0,"event_name":"conspire:LoneGhost","player_choice":"Disagree","floor":2.0,"gold_loss":0.0,"damage_taken":0.0},{"damage_healed":0.0,"max_hp_gain":0.0,"max_hp_loss":0.0,"gold_gain":75.0,"event_name":"World of Goop","player_choice":"Gather Gold","floor":4.0,"gold_loss":0.0,"damage_taken":11.0},{"cards_removed":["DegradedPillar"],"damage_healed":0.0,"max_hp_gain":0.0,"max_hp_loss":0.0,"gold_gain":0.0,"event_name":"Golden Wing","player_choice":"Card Removal","floor":5.0,"gold_loss":0.0,"damage_taken":7.0},{"damage_healed":0.0,"max_hp_gain":0.0,"max_hp_loss":0.0,"gold_gain":0.0,"event_name":"Scrap Ooze","player_choice":"Success","floor":7.0,"gold_loss":0.0,"damage_taken":3.0,"relics_obtained":["Golden Egg"]},{"damage_healed":0.0,"max_hp_gain":0.0,"max_hp_loss":0.0,"gold_gain":0.0,"event_name":"Masked Bandits","player_choice":"Fought Bandits","floor":19.0,"gold_loss":0.0,"damage_taken":0.0},{"damage_healed":0,"gold_gain":100,"player_choice":"Bet on Murderer","damage_taken":0,"max_hp_gain":0,"max_hp_loss":0,"event_name":"The Joust","floor":28,"gold_loss":50},{"damage_healed":0,"gold_gain":222,"player_choice":"Wore Mask","damage_taken":0,"max_hp_gain":0,"max_hp_loss":0,"event_name":"Tomb of Lord Red Mask","floor":36,"gold_loss":0},{"cards_removed":["DegradedPillar"],"damage_healed":0,"gold_gain":0,"player_choice":"Removed Attack","damage_taken":0,"max_hp_gain":0,"max_hp_loss":0,"event_name":"Falling","floor":37,"gold_loss":0}],"is_beta":false,"boss_relics":[{"not_picked":["Honey Jar","ShadowXiaoBlade"],"picked":"TimeKeys"},{"not_picked":["Replay:Drink Me","testmod-TimeTraveler"],"picked":"RhineCircuit"}],"items_purged_floors":[21,24,38,45],"is_endless":false,"potions_floor_spawned":[3,10,12,14,19,29,30,31,39,41,44,48],"ascension_level":10}}