{"host":"h8l1uc7c2i19r904","time":1608773134,"event":{"mods":["AchievementEnabler","BaseMod","Colored Map","Colored Powertips","Downfall","Minty Spire (QoL Compilation)","Quick Restart","Replay The Spire","StSLib","SuperFastMode"],"gold_per_floor":[119,130,52,72,86,116,116,116,116,116,81,112,125,140,140,271,271,284,284,324,324,344,382,382,89,139,155,188,188,212,250,250,380,380,393,456,469,93,93,93,315,350,404,442,462,462,496,512,512,512],"floor_reached":51,"playtime":3265,"items_purged":[],"score":1078,"play_id":"8d998c79-260e-4827-ba75-9f84c0270d00","local_time":"20201223172534","is_ascension_mode":false,"campfire_choices":[{"data":"Hemogenesis","floor":8,"key":"SMITH"},{"data":"ReplayTheSpireMod:Limb From Limb","floor":10,"key":"SMITH"},{"data":"Carnage","floor":15,"key":"SMITH"},{"data":"Offering","floor":24,"key":"SMITH"},{"data":"Pummel","floor":29,"key":"SMITH"},{"data":"Infernal Blade","floor":32,"key":"SMITH"},{"data":"Massacre","floor":40,"key":"SMITH"},{"data":"Battle Trance","floor":46,"key":"SMITH"},{"data":"Defy Death","floor":49,"key":"SMITH"}],"circlet_count":0,"master_deck":["Strike_R","Strike_R","Strike_R","Strike_R","Strike_R","Defend_R","Defend_R","Defend_R","Bash","Dual Wield","Flex","ReplayTheSpireMod:Limb From Limb+1","Perfected Strike","Hemogenesis+1","Carnage+1","Perfected Strike","Offering+1","Battle Trance+1","Clash+1","Pummel+1","Infernal Blade+1","Immolate+1","Barricade+1","AbeCurse","Defy Death+1","Massacre+1","Secret Weapon+1","Warcry+1","Flex+1"],"relics":["Runic Cube","Chameleon Ring","Golden Idol","Blue Candle","Toy Ornithopter","Ooze Armor","MutagenicStrength","Red Mask","Divine Protection","Bag of Preparation","ClockworkSouvenir","ReplayTheSpireMod:Lightbulb","Golden Egg","Mango","Abe\u0027s Treasure","Replay:Towering Pillar of Hats","Lantern","HornCleat","Replay:Mystery Machine","Bottled Lightning","White Beast Statue"],"acts_visited":["Exordium","TheCity","TheBeyond"],"potions_floor_usage":[4,6,12,16,20,28,31,31,31,48,50,50,50],"damage_taken":[{"damage":7,"enemies":"2 Louse","floor":1,"turns":4},{"damage":13,"enemies":"Jaw Worm","floor":2,"turns":4},{"damage":8,"enemies":"Small Slimes","floor":4,"turns":4},{"damage":12,"enemies":"Blue Slaver","floor":5,"turns":2},{"damage":26,"enemies":"3 Sentries","floor":6,"turns":6},{"damage":28,"enemies":"Gremlin Nob","floor":12,"turns":5},{"damage":0,"enemies":"Large Slime","floor":13,"turns":5},{"damage":5,"enemies":"Looter","floor":14,"turns":2},{"damage":37,"enemies":"Fading Forest","floor":16,"turns":11},{"damage":13,"enemies":"Spheric Guardian","floor":18,"turns":3},{"damage":18,"enemies":"Masked Bandits","floor":20,"turns":4},{"damage":10,"enemies":"3 Byrds","floor":22,"turns":5},{"damage":17,"enemies":"Book of Stabbing","floor":23,"turns":3},{"damage":0,"enemies":"Cultist and Chosen","floor":27,"turns":3},{"damage":15,"enemies":"Slavers","floor":28,"turns":4},{"damage":8,"enemies":"Shelled Parasite and Fungi","floor":30,"turns":2},{"damage":0,"enemies":"Gremlin Leader","floor":31,"turns":2},{"damage":11,"enemies":"Pondfish","floor":33,"turns":7},{"damage":1,"enemies":"Orb Walker","floor":35,"turns":2},{"damage":0,"enemies":"Mind Bloom Boss Battle","floor":36,"turns":2},{"damage":3,"enemies":"3 Shapes","floor":37,"turns":2},{"damage":23,"enemies":"R_Hoarder","floor":42,"turns":3},{"damage":0,"enemies":"Reptomancer","floor":44,"turns":3},{"damage":0,"enemies":"3 Darklings","floor":45,"turns":1},{"damage":7,"enemies":"Giant Head","floor":47,"turns":4},{"damage":10,"enemies":"Maw","floor":48,"turns":5},{"damage":88,"enemies":"Time Eater","floor":50,"turns":8}],"seed_played":"5751188658752774522","potions_obtained":[{"floor":2,"key":"Fruit Juice"},{"floor":4,"key":"Explosive Potion"},{"floor":5,"key":"SkillPotion"},{"floor":13,"key":"Explosive Potion"},{"floor":16,"key":"Fire Potion"},{"floor":20,"key":"ColorlessPotion"},{"floor":22,"key":"Toxic Potion"},{"floor":28,"key":"Adrenaline Potion"},{"floor":30,"key":"SkillPotion"},{"floor":33,"key":"ElixirPotion"},{"floor":36,"key":"Milkshake"},{"floor":45,"key":"Fire Potion"},{"floor":48,"key":"Toxic Potion"}],"is_trial":false,"path_per_floor":["M","M","$","M","M","E","?","R","T","R","?","E","M","M","R","B",null,"M","?","?","?","M","E","R","$","T","M","E","R","M","E","R","B",null,"M","?","M","$","?","R","?","E","T","E","M","R","E","M","R","B",null],"character_chosen":"IRONCLAD","items_purchased":["ReplayTheSpireMod:Limb From Limb","Bag of Preparation","ClockworkSouvenir","Lantern","Secret Weapon","SteroidPotion"],"campfire_rested":0,"item_purchase_floors":[3,25,25,38,38,38],"current_hp_per_floor":[73,60,60,57,45,19,19,19,19,19,38,18,26,21,21,7,79,74,74,69,69,67,50,50,50,50,58,56,56,48,77,77,74,93,92,92,89,89,89,89,89,70,70,78,78,78,79,82,82,17],"gold":512,"neow_bonus":"BOSS_RELIC","is_daily":false,"chose_seed":false,"campfire_upgraded":9,"win_rate":0.0,"timestamp":1608773134,"path_taken":["M","M","$","M","M","E","?","R","T","R","?","E","M","M","R","BOSS","M","?","?","?","M","E","R","?","T","M","E","R","M","E","R","BOSS","M","?","M","$","?","R","?","E","T","E","M","R","E","M","R","BOSS"],"items_purchased_type":["Card","Relic","Relic","Relic","Card","Potion"],"build_version":"2020-12-22","purchased_purges":0,"victory":true,"max_hp_per_floor":[80,80,80,85,85,85,79,79,79,79,79,79,79,79,79,79,79,79,79,79,79,79,79,79,79,79,79,79,79,79,93,93,93,93,93,93,93,93,93,93,93,93,93,93,93,93,93,93,93,93],"card_choices":[{"not_picked":["Shrug It Off","Body Slam"],"picked":"Dual Wield","floor":1},{"not_picked":["Clothesline","Heavy Blade"],"picked":"Flex","floor":2},{"not_picked":["Abandon","ReplayTheSpireMod:Stacked"],"picked":"Perfected Strike","floor":4},{"not_picked":["Disarm","Evolve","Dropkick"],"picked":"SKIP","floor":5},{"not_picked":["Burning Pact","Metallicize"],"picked":"Hemogenesis","floor":6},{"not_picked":["Flex","ReplayTheSpireMod:Corrosion Curse"],"picked":"Carnage","floor":12},{"not_picked":["Thunderclap","Armaments"],"picked":"Perfected Strike","floor":13},{"not_picked":["Dual Wield","Heavy Blade","Dark Embrace"],"picked":"SKIP","floor":14},{"not_picked":["Replay:Many Hands","Impervious"],"picked":"Offering","floor":16},{"not_picked":["Run Through","Havoc","ReplayTheSpireMod:Corrosion Curse"],"picked":"SKIP","floor":18},{"not_picked":["Flex","Replay:Undeath\u0027s Touch"],"picked":"Clash+1","floor":22},{"not_picked":["Body Slam","ReplayTheSpireMod:Stacked"],"picked":"Pummel","floor":23},{"not_picked":["Life Link","Run Through+1"],"picked":"Infernal Blade","floor":27},{"not_picked":["Carnage","Infernal Blade","Cleave"],"picked":"SKIP","floor":28},{"not_picked":["Dual Wield+1","ReplayTheSpireMod:Limb From Limb","Cleave+1"],"picked":"SKIP","floor":30},{"not_picked":["Pummel","True Grit+1"],"picked":"Immolate","floor":31},{"not_picked":["Juggernaut","Brutality"],"picked":"Barricade","floor":33},{"not_picked":["Evolve","ReplayTheSpireMod:Stacked+1","Rage"],"picked":"SKIP","floor":35},{"not_picked":["Burning Pact","Heavy Blade"],"picked":"Defy Death","floor":36},{"not_picked":["Pommel Strike+1","Battle Trance"],"picked":"Massacre","floor":37},{"not_picked":["Thunderclap","Clash","Clothesline+1"],"picked":"SKIP","floor":42},{"not_picked":["True Grit","Clothesline","Cleave+1"],"picked":"SKIP","floor":44},{"not_picked":["Anger","Infernal Blade"],"picked":"Warcry+1","floor":45},{"not_picked":["Cleave","ReplayTheSpireMod:Corrosion Curse","Replay:Undeath\u0027s Touch+1"],"picked":"SKIP","floor":47},{"not_picked":["Evolve+1","Rage+1"],"picked":"Flex+1","floor":48}],"player_experience":125663,"relics_obtained":[{"floor":6,"key":"Chameleon Ring"},{"floor":9,"key":"Blue Candle"},{"floor":12,"key":"Toy Ornithopter"},{"floor":20,"key":"Red Mask"},{"floor":23,"key":"Divine Protection"},{"floor":26,"key":"ReplayTheSpireMod:Lightbulb"},{"floor":28,"key":"Golden Egg"},{"floor":31,"key":"Mango"},{"floor":36,"key":"Replay:Towering Pillar of Hats"},{"floor":42,"key":"HornCleat"},{"floor":43,"key":"Replay:Mystery Machine"},{"floor":44,"key":"Bottled Lightning"},{"floor":47,"key":"White Beast Statue"}],"event_choices":[{"damage_healed":0,"gold_gain":0,"player_choice":"Lose Max HP","damage_taken":0,"relics_obtained":["Golden Idol"],"max_hp_gain":0,"max_hp_loss":6,"event_name":"Golden Idol","floor":7,"gold_loss":0},{"damage_healed":19,"gold_gain":0,"player_choice":"Healed","damage_taken":0,"max_hp_gain":0,"max_hp_loss":0,"event_name":"The Cleric","floor":11,"gold_loss":35},{"damage_healed":0,"gold_gain":0,"player_choice":"Inject Mutagens","damage_taken":0,"relics_obtained":["MutagenicStrength"],"max_hp_gain":0,"max_hp_loss":0,"event_name":"Drug Dealer","floor":19,"gold_loss":0},{"damage_healed":0,"gold_gain":0,"player_choice":"Fought Bandits","damage_taken":0,"max_hp_gain":0,"max_hp_loss":0,"event_name":"Masked Bandits","floor":20,"gold_loss":0},{"damage_healed":0,"gold_gain":0,"player_choice":"Read","damage_taken":0,"max_hp_gain":0,"max_hp_loss":0,"event_name":"The Library","floor":21,"gold_loss":0,"cards_obtained":["Battle Trance"]},{"damage_healed":0,"gold_gain":0,"player_choice":"Fight","damage_taken":0,"max_hp_gain":0,"max_hp_loss":0,"event_name":"MindBloom","floor":36,"gold_loss":0},{"cards_removed":["Defend_R"],"damage_healed":0,"gold_gain":0,"player_choice":"Removed Skill","damage_taken":0,"max_hp_gain":0,"max_hp_loss":0,"event_name":"Falling","floor":39,"gold_loss":0},{"damage_healed":0,"gold_gain":222,"player_choice":"Wore Mask","damage_taken":0,"max_hp_gain":0,"max_hp_loss":0,"event_name":"Tomb of Lord Red Mask","floor":41,"gold_loss":0}],"is_beta":false,"boss_relics":[{"not_picked":["Sozu","Electric Blood"],"picked":"Ooze Armor"},{"not_picked":["Pandora\u0027s Box","Empty Cage"],"picked":"Abe\u0027s Treasure"}],"items_purged_floors":[],"is_endless":false,"potions_floor_spawned":[2,4,5,13,16,20,22,28,30,33,36,44,45,48],"ascension_level":0}}