{"host":"6ko66ogg91i6g7xq","time":1608800713,"event":{"mods":["AchievementEnabler","Act Like it!","BaseMod","Colored Map","Colored Powertips","Downfall","Hermit","Minty Spire (QoL Compilation)","Quick Restart","Relic Stats","StSLib","The Jungle","everything is the same but u backflip on backflip"],"gold_per_floor":[114,114,75,85,85,85,110,110,133,147,180,180,180,196,196,293,293,313,313,412,439,452,452,472,483,507,30,64,75,109,24,24,128,128,139,155,168,23,35,62,62,107,107,140,163,163,163,0,0,0,0,0,0,31,31,31],"floor_reached":55,"playtime":2009,"items_purged":[],"score":892,"play_id":"b0f6f952-1580-4597-9212-2174c772f527","local_time":"20201224040513","is_ascension_mode":true,"campfire_choices":[{"floor":6,"key":"RECALL"},{"data":"Accuracy","floor":8,"key":"SMITH"},{"data":"Finisher","floor":15,"key":"SMITH"},{"data":"Corpse Explosion","floor":23,"key":"SMITH"},{"floor":32,"key":"REST"},{"floor":41,"key":"REST"},{"floor":46,"key":"REST"},{"floor":49,"key":"REST"},{"data":"After Image","floor":52,"key":"SMITH"}],"circlet_count":0,"master_deck":["Strike_G","Strike_G","Strike_G+1","Strike_G+1","Strike_G","Defend_G","Defend_G","Defend_G","Defend_G","Defend_G","Survivor","Neutralize","Accuracy+1","Cloak And Dagger+1","Sucker Punch","Backflip","Regret","Finisher+1","Corpse Explosion+1","Infinite Blades+1","Terror","Caltrops","Accuracy","Die Die Die","CurseOfTheBell","Backflip+1","Heel Hook","Caltrops+1","Caltrops+1","Cloak And Dagger","After Image+1"],"relics":["Ring of the Serpent","NeowsBlessing","Orichalcum","Bronze Scales","Akabeko","Tiny Chest","Paper Crane","Nunchaku","Lantern","Incense Burner","Lee\u0027s Waffle","HornCleat","Pear","Oddly Smooth Stone","Calling Bell","Bag of Marbles","White Beast Statue","TungstenRod","PreservedInsect","Happy Flower","Calipers","Boot","Whetstone","Mummified Hand"],"acts_visited":["Exordium","TheCity","TheBeyond","TheEnding"],"potions_floor_usage":[11,16,18,22,25,25,37,39,40,40,44,47,54,54,55],"damage_taken":[{"damage":0,"enemies":"Cultist","floor":1,"turns":1},{"damage":0,"enemies":"2 Louse","floor":4,"turns":1},{"damage":0,"enemies":"Lagavulin","floor":7,"turns":1},{"damage":1,"enemies":"Small Slimes","floor":10,"turns":2},{"damage":0,"enemies":"3 Sentries","floor":11,"turns":5},{"damage":4,"enemies":"3 Louse","floor":14,"turns":3},{"damage":27,"enemies":"The Guardian","floor":16,"turns":14},{"damage":8,"enemies":"3 Byrds","floor":18,"turns":4},{"damage":1,"enemies":"Spheric Guardian","floor":22,"turns":3},{"damage":13,"enemies":"Shelled Parasite and Fungi","floor":24,"turns":3},{"damage":16,"enemies":"Snake Plant","floor":25,"turns":3},{"damage":44,"enemies":"Slavers","floor":28,"turns":4},{"damage":20,"enemies":"Centurion and Healer","floor":29,"turns":4},{"damage":16,"enemies":"Gremlin Leader","floor":30,"turns":4},{"damage":10,"enemies":"Champ","floor":33,"turns":10},{"damage":17,"enemies":"3 Darklings","floor":35,"turns":3},{"damage":3,"enemies":"3 Shapes","floor":36,"turns":4},{"damage":7,"enemies":"Jaw Worm Horde","floor":37,"turns":2},{"damage":1,"enemies":"Maw","floor":39,"turns":6},{"damage":28,"enemies":"Giant Head","floor":40,"turns":7},{"damage":17,"enemies":"2 Orb Walkers","floor":42,"turns":3},{"damage":2,"enemies":"Reptomancer","floor":44,"turns":3},{"damage":0,"enemies":"Giant Head","floor":47,"turns":1},{"damage":38,"enemies":"Time Eater","floor":50,"turns":9},{"damage":44,"enemies":"Shield and Spear","floor":54,"turns":4},{"damage":49,"enemies":"The Heart","floor":55,"turns":3}],"seed_played":"-8644913995629889192","potions_obtained":[{"floor":1,"key":"SkillPotion"},{"floor":4,"key":"CunningPotion"},{"floor":11,"key":"Swift Potion"},{"floor":14,"key":"PowerPotion"},{"floor":18,"key":"Regen Potion"},{"floor":24,"key":"champ:CounterPotion"},{"floor":28,"key":"FairyPotion"},{"floor":30,"key":"FearPotion"},{"floor":33,"key":"SteroidPotion"},{"floor":35,"key":"SteroidPotion"},{"floor":36,"key":"Block Potion"},{"floor":37,"key":"BlessingOfTheForge"},{"floor":39,"key":"Fire Potion"},{"floor":40,"key":"SmokeBomb"},{"floor":42,"key":"SteroidPotion"},{"floor":44,"key":"SteroidPotion"},{"floor":54,"key":"hexamod:EctoCoolerPotion"}],"is_trial":false,"path_per_floor":["M","T","$","M","?","R","E","R","T","M","E","$","?","M","R","B",null,"M","?","?","T","M","R","M","M","T","$","E","M","E","?","R","B",null,"M","M","M","$","M","E","R","?","T","E","T","R","E","$","R","B",null,"R","$","E","B"],"character_chosen":"THE_SILENT","items_purchased":["Accuracy","Incense Burner","Lee\u0027s Waffle","Caltrops","PreservedInsect","After Image"],"campfire_rested":4,"item_purchase_floors":[3,27,27,27,38,48],"current_hp_per_floor":[70,70,70,70,70,70,70,70,70,69,69,69,69,65,65,38,70,62,62,62,62,61,61,48,41,41,77,33,13,33,33,59,49,87,70,67,60,60,59,31,57,40,40,38,38,64,64,64,87,49,87,87,87,43,0,0],"gold":31,"neow_bonus":"THREE_ENEMY_KILL","is_daily":false,"chose_seed":false,"campfire_upgraded":4,"win_rate":0.0,"timestamp":1608800713,"path_taken":["M","?","?","M","?","R","E","R","T","M","E","$","?","M","R","BOSS","M","?","?","?","M","R","M","?","T","$","E","M","E","?","R","BOSS","M","M","M","$","M","E","R","?","T","E","?","R","E","$","R","BOSS","R","$","E","BOSS"],"items_purchased_type":["Card","Relic","Relic","Card","Relic","Card"],"build_version":"2020-12-22","purchased_purges":0,"victory":false,"max_hp_per_floor":[70,70,70,70,70,70,70,70,70,70,70,70,70,70,70,70,70,70,70,70,70,70,70,70,70,70,77,77,77,87,87,87,87,87,87,87,87,87,87,87,87,87,87,87,87,87,87,87,87,87,87,87,87,87,87,87],"relic_stats":{"Lee\u0027s Waffle":36,"Happy Flower":[7],"counters":[26,107],"PreservedInsect":376,"Whetstone":["Strike_G","Strike_G"],"Orichalcum":[174],"Boot":[5],"Nunchaku":[20],"Mummified Hand":[5],"Bronze Scales":[371],"Tiny Chest":2,"obtain_stats":[{"Lantern":26,"Calipers":42,"Incense Burner":27,"Whetstone":45,"Boot":44,"Nunchaku":21,"HornCleat":28,"Mummified Hand":54,"Tiny Chest":11,"Ring of the Snake":0,"Lee\u0027s Waffle":27,"Pear":30,"NeowsBlessing":0,"Happy Flower":40,"Oddly Smooth Stone":31,"PreservedInsect":38,"Orichalcum":2,"Paper Crane":13,"Akabeko":9,"White Beast Statue":34,"Calling Bell":34,"Bronze Scales":7,"Bag of Marbles":34,"Ring of the Serpent":17,"TungstenRod":34},{"Lantern":11,"Calipers":21,"Incense Burner":11,"Whetstone":22,"Boot":22,"Nunchaku":8,"HornCleat":12,"Mummified Hand":25,"Tiny Chest":5,"Ring of the Snake":0,"Lee\u0027s Waffle":11,"Pear":14,"NeowsBlessing":0,"Happy Flower":20,"Oddly Smooth Stone":14,"PreservedInsect":18,"Orichalcum":1,"Paper Crane":5,"Akabeko":3,"White Beast Statue":15,"Calling Bell":15,"Bronze Scales":3,"Bag of Marbles":15,"Ring of the Serpent":7,"TungstenRod":15},{"Lantern":40,"Calipers":87,"Incense Burner":40,"Whetstone":90,"Boot":90,"Nunchaku":31,"HornCleat":44,"Mummified Hand":104,"Tiny Chest":10,"Ring of the Snake":0,"Lee\u0027s Waffle":40,"Pear":52,"NeowsBlessing":0,"Happy Flower":84,"Oddly Smooth Stone":52,"PreservedInsect":71,"Orichalcum":1,"Paper Crane":10,"Akabeko":3,"White Beast Statue":62,"Calling Bell":62,"Bronze Scales":3,"Bag of Marbles":62,"Ring of the Serpent":27,"TungstenRod":62}],"TungstenRod":25},"card_choices":[{"not_picked":["All Out Attack","Outmaneuver","Dagger Throw"],"picked":"SKIP","floor":1},{"not_picked":["Crippling Poison","Acrobatics"],"picked":"Cloak And Dagger","floor":4},{"not_picked":["Backflip","Wraith Form v2"],"picked":"Sucker Punch","floor":7},{"not_picked":["Flying Knee","PiercingWail","Poisoned Stab"],"picked":"SKIP","floor":10},{"not_picked":["Choke","Bouncing Flask"],"picked":"Backflip","floor":11},{"not_picked":["Well Laid Plans","PiercingWail"],"picked":"Finisher","floor":14},{"not_picked":["Grand Finale","After Image"],"picked":"Corpse Explosion","floor":16},{"not_picked":["Bane+1","Acrobatics","Flying Knee"],"picked":"SKIP","floor":18},{"not_picked":["Deadly Poison+1","Backflip+1"],"picked":"Infinite Blades+1","floor":22},{"not_picked":["Well Laid Plans+1","Dagger Spray"],"picked":"Terror","floor":24},{"not_picked":["Poisoned Stab","Deflect","Flying Knee"],"picked":"SKIP","floor":25},{"not_picked":["Slice","Masterful Stab"],"picked":"Accuracy","floor":28},{"not_picked":["Footwork","Concentrate","Flechettes"],"picked":"SKIP","floor":29},{"not_picked":["Outmaneuver","Quick Slash","Dodge and Roll+1"],"picked":"SKIP","floor":30},{"not_picked":["Envenom","Malaise"],"picked":"Die Die Die","floor":33},{"not_picked":["Underhanded Strike","Bane"],"picked":"Backflip+1","floor":35},{"not_picked":["Sucker Punch","Backflip+1","Dodge and Roll+1"],"picked":"SKIP","floor":36},{"not_picked":["Backflip","Acrobatics+1"],"picked":"Heel Hook","floor":37},{"not_picked":["Dodge and Roll","Distraction"],"picked":"Caltrops+1","floor":39},{"not_picked":["Deflect+1","Slice"],"picked":"Caltrops+1","floor":40},{"not_picked":["Choke+1","Footwork"],"picked":"Cloak And Dagger","floor":44},{"not_picked":["Deflect","Dagger Throw","Flying Knee+1"],"picked":"SKIP","floor":54}],"player_experience":253921,"relics_obtained":[{"floor":2,"key":"Orichalcum"},{"floor":7,"key":"Bronze Scales"},{"floor":9,"key":"Akabeko"},{"floor":11,"key":"Tiny Chest"},{"floor":21,"key":"Nunchaku"},{"floor":26,"key":"Lantern"},{"floor":28,"key":"HornCleat"},{"floor":30,"key":"Pear"},{"floor":34,"key":"Bag of Marbles"},{"floor":34,"key":"White Beast Statue"},{"floor":34,"key":"TungstenRod"},{"floor":40,"key":"Happy Flower"},{"floor":42,"key":"Calipers"},{"floor":44,"key":"Boot"},{"floor":45,"key":"Whetstone"},{"floor":54,"key":"Mummified Hand"}],"event_choices":[{"damage_healed":0,"gold_gain":0,"player_choice":"Grow","damage_taken":0,"max_hp_gain":0,"max_hp_loss":0,"event_name":"Living Wall","floor":5,"gold_loss":0,"cards_upgraded":["Cloak And Dagger"]},{"damage_healed":0,"gold_gain":0,"player_choice":"Box","damage_taken":0,"relics_obtained":["Paper Crane"],"max_hp_gain":0,"max_hp_loss":0,"event_name":"Big Fish","floor":13,"gold_loss":0,"cards_obtained":["Regret"]},{"damage_healed":0,"gold_gain":0,"player_choice":"Ignored","damage_taken":0,"max_hp_gain":0,"max_hp_loss":0,"event_name":"Ghosts","floor":19,"gold_loss":0},{"damage_healed":0,"gold_gain":99,"player_choice":"Stole From Cult","damage_taken":0,"max_hp_gain":0,"max_hp_loss":0,"event_name":"Nest","floor":20,"gold_loss":0},{"damage_healed":0,"gold_gain":0,"player_choice":"Obtained Relic","damage_taken":0,"relics_obtained":["Oddly Smooth Stone"],"max_hp_gain":0,"max_hp_loss":0,"event_name":"Addict","floor":31,"gold_loss":85},{"damage_healed":0,"gold_gain":0,"player_choice":"Fight","damage_taken":0,"max_hp_gain":0,"max_hp_loss":0,"event_name":"Mysterious Sphere","floor":42,"gold_loss":0}],"is_beta":false,"boss_relics":[{"not_picked":["Cursed Key","Pandora\u0027s Box"],"picked":"Ring of the Serpent"},{"not_picked":["Philosopher\u0027s Stone","Astrolabe"],"picked":"Calling Bell"}],"items_purged_floors":[],"is_endless":false,"potions_floor_spawned":[1,4,11,14,18,24,28,30,33,35,36,37,39,40,42,44,47,54],"killed_by":"The Heart","ascension_level":1}}