{"host":"3wnvf1tkxc6p198c","time":1608818934,"event":{"mods":["AchievementEnabler","BaseMod","Colored Map","DeckTracker","Keyboard Shortcuts","Minty Spire (QoL Compilation)","Permanent Neow","Quick Restart","Rare Cards Sparkle","StSLib","SuperFastMode"],"gold_per_floor":[118,118,132,144,54,54,72,99,152,152,165,165,165,179,179,179,179],"floor_reached":16,"playtime":735,"items_purged":[],"score":204,"play_id":"929dd62f-60b0-4ddd-b235-68417d8e3a4a","local_time":"20201224230854","is_ascension_mode":true,"campfire_choices":[{"data":"Neutralize","floor":6.0,"key":"SMITH"},{"data":"Dagger Spray","floor":10,"key":"SMITH"},{"data":"Distraction","floor":12,"key":"SMITH"},{"data":"Catalyst","floor":15,"key":"SMITH"}],"circlet_count":0,"master_deck":["AscendersBane","Strike_G","Strike_G","Strike_G","Strike_G","Strike_G","Defend_G","Defend_G","Defend_G","Defend_G","Defend_G","Survivor","Neutralize+1","Cloak And Dagger","Dagger Throw","Adrenaline","Noxious Fumes","Distraction+1","Dagger Spray+1","Tactician","After Image","Backflip","Catalyst+1"],"relics":["Ring of the Snake","Lantern","Eternal Feather","Snake Skull"],"acts_visited":["Exordium"],"potions_floor_usage":[8,16],"damage_taken":[{"damage":2.0,"enemies":"Jaw Worm","floor":1.0,"turns":4.0},{"damage":0.0,"enemies":"Cultist","floor":3.0,"turns":4.0},{"damage":0.0,"enemies":"Small Slimes","floor":4.0,"turns":3.0},{"damage":14,"enemies":"Gremlin Gang","floor":7,"turns":5},{"damage":30,"enemies":"Gremlin Nob","floor":8,"turns":4},{"damage":0,"enemies":"2 Fungi Beasts","floor":11,"turns":3},{"damage":14,"enemies":"Exordium Wildlife","floor":14,"turns":4},{"damage":7,"enemies":"Slime Boss","floor":16,"turns":6}],"seed_played":"1576629831458923259","potions_obtained":[{"floor":3.0,"key":"SkillPotion"},{"floor":7,"key":"LiquidBronze"},{"floor":14,"key":"Block Potion"}],"is_trial":false,"path_per_floor":["M","?","M","M","$","R","M","E","T","R","M","R","?","M","R","B"],"character_chosen":"THE_SILENT","items_purchased":["Dagger Spray","Tactician"],"campfire_rested":0,"item_purchase_floors":[5,5],"current_hp_per_floor":[57,57,57,57,57,57,43,13,13,25,25,37,66,52,64,57,57],"gold":179,"neow_bonus":"RANDOM_COMMON_RELIC","is_daily":false,"chose_seed":false,"campfire_upgraded":4,"win_rate":0.0,"timestamp":1608818934,"path_taken":["M","?","?","M","$","R","M","E","T","R","M","R","?","?","R","BOSS"],"items_purchased_type":["Card","Card"],"build_version":"2020-12-22","purchased_purges":0,"victory":false,"max_hp_per_floor":[66,66,66,66,66,66,66,66,66,66,66,66,66,66,66,66,66],"card_choices":[{"not_picked":["Quick Slash","Caltrops"],"picked":"Cloak And Dagger","floor":1.0},{"not_picked":["Outmaneuver","Eviscerate"],"picked":"Distraction","floor":3.0},{"not_picked":["Well Laid Plans","Underhanded Strike"],"picked":"Masterful Stab","floor":4.0},{"not_picked":["Slice","Poisoned Stab","Dagger Throw"],"picked":"SKIP","floor":7},{"not_picked":["Cloak And Dagger","Bane"],"picked":"After Image","floor":8},{"not_picked":["PiercingWail","Acrobatics"],"picked":"Backflip","floor":11},{"not_picked":["Dodge and Roll","Accuracy"],"picked":"Catalyst","floor":14}],"player_experience":901013,"relics_obtained":[{"floor":8,"key":"Eternal Feather"},{"floor":9,"key":"Snake Skull"}],"event_choices":[{"damage_healed":0.0,"max_hp_gain":0.0,"max_hp_loss":0.0,"gold_gain":0.0,"event_name":"Match and Keep!","player_choice":"3 cards matched","floor":2.0,"gold_loss":0.0,"damage_taken":0.0,"cards_obtained":["Dagger Throw","Adrenaline","Noxious Fumes"]},{"cards_removed":["Masterful Stab"],"damage_healed":29,"gold_gain":0,"player_choice":"Offered Uncommon","damage_taken":0,"max_hp_gain":0,"max_hp_loss":0,"event_name":"Bonfire Elementals","floor":13,"gold_loss":0}],"is_beta":false,"boss_relics":[],"items_purged_floors":[],"is_endless":false,"potions_floor_spawned":[3,7,14],"killed_by":"Slime Boss","ascension_level":20}}