{"host":"t0dvmwh9w61bq0j7","time":1608817845,"event":{"mods":["2.2 Compatiblity","AchievementEnabler","BaseMod","Better Note","Block Reminder","Colored Map","DeckTracker","Highlight Path","Jorbs\u0027s Wanderer Trilogy","Minty Spire (QoL Compilation)","Random Character Button","Rare Cards Sparkle","Relic Stats","Spicy Shops","StSLib","The Cursed","The Judge","TheVacant","Transform Curses"],"gold_per_floor":[112,287,287,299,299,329,345,371,398,0,0,12,12,47,59,174,186,213,244,256,288,250,262,293,320,400,440,452,464,503,526,538,550,550],"floor_reached":33,"playtime":1633,"items_purged":["TheCursedMod:Strike_TheCursed"],"score":305,"play_id":"435f432a-8449-400c-9060-ecf111d676e8","local_time":"20201224145045","is_ascension_mode":false,"campfire_choices":[{"floor":11.0,"key":"RECALL"},{"data":"TheCursedMod:EmpowerCircles","floor":13.0,"key":"SMITH"},{"data":"TheCursedMod:StingEye","floor":15.0,"key":"SMITH"},{"floor":23.0,"key":"REST"},{"floor":28.0,"key":"REST"},{"floor":32.0,"key":"REST"}],"circlet_count":0,"master_deck":["TheCursedMod:Strike_TheCursed","TheCursedMod:Strike_TheCursed","TheCursedMod:Strike_TheCursed","TheCursedMod:Defend_TheCursed","TheCursedMod:Defend_TheCursed","TheCursedMod:Defend_TheCursed","TheCursedMod:Defend_TheCursed","TheCursedMod:CursedWand","TheCursedMod:CleanUpWorkshop+1","TheCursedMod:Dregs","TheCursedMod:CircleOfFlame","TheCursedMod:CursedStaff","TheCursedMod:SpitefulStrike","TheCursedMod:StingEye+1","TheCursedMod:CircleOfFlame","TheCursedMod:EmpowerCircles+1","TheCursedMod:Hemoplague","TheCursedMod:DemonSword","TheCursedMod:CircleOfCorruption","TheCursedMod:Wield+1","Pain","TheCursedMod:HellfireBreathing","Decay","TheCursedMod:HellfireBreathing"],"relics":["TheCursedMod:BlackMagic101","Potion Belt","Toy Ornithopter","Lee\u0027s Waffle","Bag of Marbles","MawBank","Black Star","WarpedTongs","Shuriken","Ancient Tea Set","TheCursedMod:BloodyHarpoon","Question Card","Torii"],"acts_visited":["Exordium","TheCity"],"potions_floor_usage":[33],"damage_taken":[{"damage":8.0,"enemies":"Small Slimes","floor":1.0,"turns":4.0},{"damage":0.0,"enemies":"2 Louse","floor":4.0,"turns":2.0},{"damage":12.0,"enemies":"Lagavulin","floor":6.0,"turns":5.0},{"damage":0.0,"enemies":"Cultist","floor":7.0,"turns":2.0},{"damage":19.0,"enemies":"Gremlin Nob","floor":8.0,"turns":4.0},{"damage":0.0,"enemies":"Blue Slaver","floor":12.0,"turns":1.0},{"damage":13.0,"enemies":"3 Sentries","floor":14.0,"turns":7.0},{"damage":29.0,"enemies":"Slime Boss","floor":16.0,"turns":11.0},{"damage":14.0,"enemies":"Shell Parasite","floor":18.0,"turns":3.0},{"damage":3.0,"enemies":"Chosen","floor":19.0,"turns":4.0},{"damage":8.0,"enemies":"Centurion and Healer","floor":21.0,"turns":3.0},{"damage":26.0,"enemies":"Cultist and Chosen","floor":24.0,"turns":5.0},{"damage":36.0,"enemies":"Snake Plant","floor":25.0,"turns":4.0},{"damage":27.0,"enemies":"Slavers","floor":27.0,"turns":4.0},{"damage":40.0,"enemies":"Gremlin Leader","floor":30.0,"turns":4.0},{"damage":23.0,"enemies":"Sentry and Sphere","floor":31.0,"turns":4.0},{"damage":43,"enemies":"Champ","floor":33,"turns":8}],"seed_played":"6141864548809044513","potions_obtained":[{"floor":1.0,"key":"Dexterity Potion"},{"floor":6.0,"key":"Strength Potion"},{"floor":8.0,"key":"AttackPotion"},{"floor":19.0,"key":"BlessingOfTheForge"},{"floor":21.0,"key":"SkillPotion"},{"floor":27.0,"key":"FearPotion"},{"floor":30.0,"key":"LiquidBronze"}],"is_trial":false,"path_per_floor":["M","?","?","M","?","E","M","E","T","$","R","M","R","E","R","B",null,"M","M","?","M","?","R","M","M","T","E","R","?","E","M","R","B"],"character_chosen":"THE_CURSED","items_purchased":["Lee\u0027s Waffle","FairyPotion","Bag of Marbles"],"campfire_rested":3,"item_purchase_floors":[10,10,10],"current_hp_per_floor":[67,67,60,60,60,48,48,29,29,82,82,82,82,69,69,40,82,73,70,70,62,62,82,61,30,30,13,37,37,2,8,32,0,0],"gold":550,"neow_bonus":"THREE_CARDS","is_daily":false,"chose_seed":false,"campfire_upgraded":2,"win_rate":0.0,"timestamp":1608817845,"path_taken":["M","?","?","M","?","E","?","E","T","$","R","M","R","E","R","BOSS","M","M","?","M","?","R","M","?","T","E","R","?","E","M","R","BOSS"],"items_purchased_type":["Relic","Potion","Relic"],"build_version":"2020-12-22","purchased_purges":1,"victory":false,"max_hp_per_floor":[75,75,75,75,75,75,75,75,75,82,82,82,82,82,82,82,82,82,82,82,82,82,82,82,82,82,82,82,82,82,82,82,82,82],"relic_stats":{"Lee\u0027s Waffle":53,"Torii":0,"counters":[17,75],"Shuriken":[7],"Black Star":2,"MawBank":228,"Question Card":1,"obtain_stats":[{"Potion Belt":6,"TheCursedMod:BloodyHarpoon":27,"TheCursedMod:BlackMagic101":0,"Lee\u0027s Waffle":10,"Torii":30,"MawBank":14,"Ancient Tea Set":27,"Question Card":30,"WarpedTongs":20,"Shuriken":26,"Bag of Marbles":10,"Black Star":17,"Toy Ornithopter":8},{"Potion Belt":3,"TheCursedMod:BloodyHarpoon":14,"TheCursedMod:BlackMagic101":0,"Lee\u0027s Waffle":5,"Torii":15,"MawBank":7,"Ancient Tea Set":14,"Question Card":15,"WarpedTongs":10,"Shuriken":13,"Bag of Marbles":5,"Black Star":8,"Toy Ornithopter":5},{"Potion Belt":11,"TheCursedMod:BloodyHarpoon":59,"TheCursedMod:BlackMagic101":0,"Lee\u0027s Waffle":17,"Torii":63,"MawBank":25,"Ancient Tea Set":59,"Question Card":63,"WarpedTongs":43,"Shuriken":55,"Bag of Marbles":17,"Black Star":36,"Toy Ornithopter":17}],"Toy Ornithopter":35,"WarpedTongs":[32]},"card_choices":[{"not_picked":["TheCursedMod:Wield","TheCursedMod:WearCloak"],"picked":"TheCursedMod:CircleOfFlame","floor":0.0},{"not_picked":["TheCursedMod:FuryStrike","TheCursedMod:CircleOfWindfury"],"picked":"TheCursedMod:CursedStaff","floor":1.0},{"not_picked":["TheCursedMod:CircleOfFlame","TheCursedMod:BloodBarrier"],"picked":"TheCursedMod:SpitefulStrike","floor":4.0},{"not_picked":["TheCursedMod:Obscuration","TheCursedMod:FuryStrike"],"picked":"TheCursedMod:StingEye","floor":6.0},{"not_picked":["TheCursedMod:CursedAmulet","TheCursedMod:Obscuration"],"picked":"TheCursedMod:CircleOfFlame","floor":7.0},{"not_picked":["TheCursedMod:SpitefulPray","TheCursedMod:BlessingInDisguise"],"picked":"TheCursedMod:EmpowerCircles","floor":8.0},{"not_picked":["TheCursedMod:Wield","TheCursedMod:CursedStaff","TheCursedMod:SpitefulPray"],"picked":"SKIP","floor":12.0},{"not_picked":["TheCursedMod:DemonicPact","TheCursedMod:Wield"],"picked":"TheCursedMod:Hemoplague","floor":14.0},{"not_picked":["TheCursedMod:OutForBlood","TheCursedMod:AntiAging"],"picked":"TheCursedMod:DemonSword","floor":16.0},{"not_picked":["TheCursedMod:SpitefulStrike+1","TheCursedMod:Obscuration+1"],"picked":"TheCursedMod:CircleOfCorruption","floor":18.0},{"not_picked":["TheCursedMod:CircleOfFocus","TheCursedMod:HellsGateOpen"],"picked":"TheCursedMod:Wield+1","floor":19.0},{"not_picked":["TheCursedMod:Obscuration+1","TheCursedMod:VitalStrike"],"picked":"TheCursedMod:HellfireBreathing","floor":21.0},{"not_picked":["TheCursedMod:SmokeScreen","TheCursedMod:FleshFromBone","TheCursedMod:CursedMace"],"picked":"SKIP","floor":24.0},{"not_picked":["TheCursedMod:CursedStaff","TheCursedMod:Stretching","TheCursedMod:RavingStaff"],"picked":"SKIP","floor":25.0},{"not_picked":["TheCursedMod:Stigma","TheCursedMod:Hemoplague","TheCursedMod:BloodBarrier+1"],"picked":"SKIP","floor":27.0},{"not_picked":["TheCursedMod:RavingStaff","TheCursedMod:StunningStrike","TheCursedMod:Obscuration"],"picked":"SKIP","floor":30.0},{"not_picked":["TheCursedMod:SoulCrush","TheCursedMod:CursedMace","TheCursedMod:Stretching"],"picked":"TheCursedMod:HellfireBreathing","floor":31.0}],"player_experience":306013,"relics_obtained":[{"floor":6.0,"key":"Potion Belt"},{"floor":8.0,"key":"Toy Ornithopter"},{"floor":14.0,"key":"MawBank"},{"floor":26.0,"key":"Shuriken"},{"floor":27.0,"key":"Ancient Tea Set"},{"floor":27.0,"key":"TheCursedMod:BloodyHarpoon"},{"floor":30.0,"key":"Question Card"},{"floor":30.0,"key":"Torii"}],"event_choices":[{"damage_healed":0.0,"max_hp_gain":0.0,"max_hp_loss":0.0,"gold_gain":175.0,"event_name":"Liars Game","player_choice":"AGREE","floor":2.0,"gold_loss":0.0,"damage_taken":0.0,"cards_obtained":["Doubt"]},{"cards_removed":["Doubt"],"damage_healed":0.0,"max_hp_gain":0.0,"max_hp_loss":0.0,"gold_gain":0.0,"event_name":"Golden Wing","player_choice":"Card Removal","floor":3.0,"gold_loss":0.0,"damage_taken":7.0},{"damage_healed":0.0,"max_hp_gain":0.0,"max_hp_loss":0.0,"gold_gain":0.0,"event_name":"Upgrade Shrine","player_choice":"Upgraded","floor":5.0,"gold_loss":0.0,"damage_taken":0.0,"cards_upgraded":["TheCursedMod:CleanUpWorkshop"]},{"damage_healed":0.0,"max_hp_gain":0.0,"max_hp_loss":0.0,"gold_gain":0.0,"event_name":"Accursed Blacksmith","player_choice":"Rummage","floor":20.0,"gold_loss":0.0,"damage_taken":0.0,"relics_obtained":["WarpedTongs"],"cards_obtained":["Pain"]},{"damage_healed":0.0,"max_hp_gain":0.0,"max_hp_loss":0.0,"gold_gain":0.0,"event_name":"The Joust","player_choice":"Bet on Murderer","floor":22.0,"gold_loss":50.0,"damage_taken":0.0},{"damage_healed":0.0,"max_hp_gain":0.0,"max_hp_loss":0.0,"gold_gain":0.0,"event_name":"Wheel of Change","player_choice":"Cursed","floor":29.0,"gold_loss":0.0,"damage_taken":0.0,"cards_obtained":["Decay"]}],"is_beta":false,"boss_relics":[{"not_picked":["Fusion Hammer","Sozu"],"picked":"Black Star"}],"items_purged_floors":[10],"is_endless":false,"potions_floor_spawned":[1,6,8,19,21,27,30],"killed_by":"Champ","ascension_level":0}}