{"host":"gflyg4oztsw2ozs7","time":1608824471,"event":{"mods":["AchievementEnabler","BaseMod","DeckTracker","Minty Spire (QoL Compilation)","Permanent Neow","StSLib","SuperFastMode"],"gold_per_floor":[119,138,138,138,152,152,184,184,184,82,93,105,105,117,117,219,219,231,231,321,303,57,57,76,95,95,95,95,20,37,70,70,172,172,189,189,205,205,220,220,240,256,281,281,281],"floor_reached":44,"playtime":3170,"items_purged":["Strike_G"],"score":482,"play_id":"6c9af229-fbf0-4c69-bc2e-4a11ba90f5a3","local_time":"20201225004111","is_ascension_mode":false,"campfire_choices":[{"data":"Cloak And Dagger","floor":6,"key":"SMITH"},{"data":"Blade Dance","floor":8,"key":"SMITH"},{"data":"Cloak And Dagger","floor":13,"key":"SMITH"},{"data":"Infinite Blades","floor":15,"key":"SMITH"},{"data":"Finisher","floor":23,"key":"SMITH"},{"floor":27,"key":"REST"},{"data":"Phantasmal Killer","floor":32,"key":"SMITH"},{"data":"Footwork","floor":40,"key":"SMITH"}],"circlet_count":0,"master_deck":["Strike_G","Defend_G","Defend_G","Defend_G","Defend_G","Survivor","Neutralize","Cloak And Dagger+1","Reflex","Footwork+1","PiercingWail","Blade Dance+1","Cloak And Dagger+1","Backflip","Dash","Infinite Blades+1","Phantasmal Killer+1","Acrobatics","Finisher+1","Cloak And Dagger+1","Cloak And Dagger+1","PiercingWail","Storm of Steel+1","Footwork+1","Purity","Infinite Blades+1","Well Laid Plans","Blade Dance"],"relics":["SlaversCollar","Gremlin Horn","Question Card","Empty Cage","Shuriken","Dead Branch","Darkstone Periapt","WristBlade","Anchor"],"acts_visited":["Exordium","TheCity","TheBeyond"],"potions_floor_usage":[16],"damage_taken":[{"damage":1,"enemies":"Cultist","floor":1,"turns":4},{"damage":0,"enemies":"2 Louse","floor":2,"turns":3},{"damage":5,"enemies":"Small Slimes","floor":5,"turns":4},{"damage":26,"enemies":"Gremlin Nob","floor":7,"turns":6},{"damage":0,"enemies":"Blue Slaver","floor":11,"turns":3},{"damage":0,"enemies":"Gremlin Gang","floor":12,"turns":7},{"damage":0,"enemies":"2 Fungi Beasts","floor":14,"turns":3},{"damage":18,"enemies":"Slime Boss","floor":16,"turns":16},{"damage":1,"enemies":"Chosen","floor":18,"turns":5},{"damage":19,"enemies":"2 Thieves","floor":21,"turns":4},{"damage":23,"enemies":"Sentry and Sphere","floor":24,"turns":6},{"damage":1,"enemies":"Chosen and Byrds","floor":25,"turns":3},{"damage":16,"enemies":"Colosseum Slavers","floor":28,"turns":4},{"damage":13,"enemies":"Centurion and Healer","floor":30,"turns":4},{"damage":21,"enemies":"Slavers","floor":31,"turns":3},{"damage":47,"enemies":"Collector","floor":33,"turns":6},{"damage":4,"enemies":"3 Darklings","floor":35,"turns":2},{"damage":15,"enemies":"Orb Walker","floor":37,"turns":2},{"damage":10,"enemies":"Transient","floor":39,"turns":5},{"damage":11,"enemies":"4 Shapes","floor":41,"turns":4},{"damage":0,"enemies":"Sphere and 2 Shapes","floor":42,"turns":3},{"damage":34,"enemies":"2 Orb Walkers","floor":44,"turns":3}],"seed_played":"786394417851073439","potions_obtained":[{"floor":2,"key":"BlessingOfTheForge"},{"floor":5,"key":"EssenceOfSteel"},{"floor":14,"key":"Swift Potion"},{"floor":18,"key":"Poison Potion"},{"floor":42,"key":"DuplicationPotion"}],"is_trial":false,"path_per_floor":["M","M","?","?","M","R","E","R","T","$","M","M","R","M","R","B",null,"M","?","?","M","$","R","M","M","T","R","?","?","M","E","R","B",null,"M","?","M","?","M","R","M","M","T","?"],"character_chosen":"THE_SILENT","items_purchased":["Cloak And Dagger","Shuriken"],"campfire_rested":1,"item_purchase_floors":[10,22],"current_hp_per_floor":[69,69,69,69,64,64,38,38,38,38,38,38,38,38,38,20,70,69,69,57,38,38,38,15,14,14,35,19,19,56,35,35,23,70,66,66,51,51,41,41,30,30,30,0,0],"gold":281,"neow_bonus":"BOSS_RELIC","is_daily":false,"chose_seed":false,"campfire_upgraded":7,"win_rate":0.0,"timestamp":1608824471,"path_taken":["M","M","?","?","M","R","E","R","T","$","M","M","R","?","R","BOSS","M","?","?","?","$","R","M","M","T","R","?","?","?","E","R","BOSS","M","?","?","?","M","R","M","M","T","?"],"items_purchased_type":["Card","Relic"],"build_version":"2020-12-22","purchased_purges":1,"victory":false,"max_hp_per_floor":[70,70,70,70,70,70,70,70,70,70,70,70,70,70,70,70,70,70,70,70,70,70,70,70,70,70,70,70,70,70,70,70,70,70,70,70,70,70,70,70,70,70,70,70,70],"card_choices":[{"not_picked":["Backflip","Noxious Fumes"],"picked":"Cloak And Dagger","floor":1},{"not_picked":["Sucker Punch","Bane"],"picked":"Reflex","floor":2},{"not_picked":["Acrobatics","Endless Agony"],"picked":"PiercingWail","floor":5},{"not_picked":["PiercingWail","Expertise"],"picked":"Blade Dance","floor":7},{"not_picked":["Dodge and Roll","Choke","PiercingWail"],"picked":"Backflip","floor":11},{"not_picked":["Deadly Poison","Deflect","Bouncing Flask"],"picked":"Dash","floor":12},{"not_picked":["Sucker Punch","Endless Agony","Leg Sweep"],"picked":"Infinite Blades","floor":14},{"not_picked":["Grand Finale","Venomology","Night Terror"],"picked":"Phantasmal Killer","floor":16},{"not_picked":["Predator","Slice","Dagger Throw"],"picked":"Acrobatics","floor":18},{"not_picked":["Quick Slash","Flying Knee","Dagger Throw"],"picked":"Cloak And Dagger+1","floor":21},{"not_picked":["Tools of the Trade","Infinite Blades","Slice"],"picked":"Cloak And Dagger+1","floor":24},{"not_picked":["Well Laid Plans","Outmaneuver","Slice+1","Choke"],"picked":"SKIP","floor":25},{"not_picked":["Bouncing Flask","Backstab","Masterful Stab"],"picked":"PiercingWail","floor":30},{"not_picked":["Crippling Poison","Dagger Spray","Doppelganger","PiercingWail"],"picked":"SKIP","floor":31},{"not_picked":["Unload","Malaise","Grand Finale"],"picked":"Storm of Steel","floor":33},{"not_picked":["Cloak And Dagger+1","Prepared","Crippling Poison+1"],"picked":"Footwork+1","floor":35},{"not_picked":["Slice","Leg Sweep+1","Deflect","Dodge and Roll"],"picked":"SKIP","floor":37},{"not_picked":["Madness","Jack Of All Trades","Metamorphosis"],"picked":"Purity","floor":38},{"not_picked":["Deadly Poison+1","Terror+1","Dash"],"picked":"Infinite Blades+1","floor":39},{"not_picked":["Predator","Reflex+1","Bane+1"],"picked":"Well Laid Plans","floor":41},{"not_picked":["Quick Slash","Sucker Punch+1","Acrobatics"],"picked":"Blade Dance","floor":42}],"player_experience":68080,"relics_obtained":[{"floor":7,"key":"Gremlin Horn"},{"floor":9,"key":"Question Card"},{"floor":26,"key":"Dead Branch"},{"floor":31,"key":"Darkstone Periapt"},{"floor":43,"key":"Anchor"}],"event_choices":[{"damage_healed":0,"gold_gain":0,"player_choice":"Ignored","damage_taken":0,"max_hp_gain":0,"max_hp_loss":0,"event_name":"Liars Game","floor":3,"gold_loss":0},{"damage_healed":0,"gold_gain":0,"cards_transformed":["Strike_G"],"player_choice":"Transformed","damage_taken":0,"max_hp_gain":0,"max_hp_loss":0,"event_name":"Transmorgrifier","floor":4,"gold_loss":0,"cards_obtained":["Footwork"]},{"damage_healed":0,"gold_gain":0,"player_choice":"Read","damage_taken":0,"max_hp_gain":0,"max_hp_loss":0,"event_name":"The Library","floor":19,"gold_loss":0,"cards_obtained":["Finisher"]},{"damage_healed":0,"gold_gain":90,"player_choice":"GOLD ","damage_taken":12,"max_hp_gain":0,"max_hp_loss":0,"event_name":"Knowing Skull","floor":20,"potions_obtained":[],"gold_loss":0,"cards_obtained":[]},{"damage_healed":0,"gold_gain":0,"player_choice":"Fight","damage_taken":0,"max_hp_gain":0,"max_hp_loss":0,"event_name":"Colosseum","floor":28,"gold_loss":0},{"damage_healed":0,"gold_gain":0,"player_choice":"Fled From Nobs","damage_taken":0,"max_hp_gain":0,"max_hp_loss":0,"event_name":"Colosseum","floor":28,"gold_loss":0},{"cards_removed":["Strike_G"],"damage_healed":0,"gold_gain":0,"player_choice":"Gave Gold","damage_taken":0,"max_hp_gain":0,"max_hp_loss":0,"event_name":"Beggar","floor":29,"gold_loss":75},{"damage_healed":0,"gold_gain":0,"player_choice":"Upgraded","damage_taken":0,"max_hp_gain":0,"max_hp_loss":0,"event_name":"Upgrade Shrine","floor":36,"gold_loss":0,"cards_upgraded":["Storm of Steel"]},{"damage_healed":0,"gold_gain":0,"player_choice":"Memory 1","damage_taken":0,"max_hp_gain":0,"max_hp_loss":0,"event_name":"SensoryStone","floor":38,"gold_loss":0},{"damage_healed":0,"gold_gain":0,"player_choice":"Fight","damage_taken":0,"max_hp_gain":0,"max_hp_loss":0,"event_name":"Mysterious Sphere","floor":44,"gold_loss":0}],"is_beta":false,"boss_relics":[{"not_picked":["Runic Pyramid","Coffee Dripper"],"picked":"Empty Cage"},{"not_picked":["Black Star","Velvet Choker"],"picked":"WristBlade"}],"items_purged_floors":[10],"is_endless":false,"potions_floor_spawned":[2,5,14,18,28,42],"killed_by":"2 Orb Walkers","ascension_level":0}}