{"host":"i1ibt4vxe0effuru","time":1608785346,"event":{"mods":["AchievementEnabler","BaseMod","Card Forge","Minty Spire (QoL Compilation)","Quick Restart","Shop Mod","StSLib"],"gold_per_floor":[115,115,115,132,142,170,170,205,205,239,257,274,274,289,289,362,362,376,376,426,255,270,300,310,310,364,391,404,420,440,475,475,552,552,565,565,396,421,440,468,484,484,556,601,620,123,123,138,138,138],"floor_reached":51,"playtime":898,"items_purged":[],"score":2310,"play_id":"22c427a9-ec9b-49a8-961e-0277a419560b","local_time":"20201224144906","is_ascension_mode":true,"campfire_choices":[{"floor":13,"key":"REST"},{"floor":15,"key":"REST"},{"floor":32,"key":"REST"},{"floor":42,"key":"REST"},{"floor":49,"key":"REST"}],"circlet_count":0,"master_deck":["AscendersBane","Concentrate+1","Reflex+1","Prepared+1","Tactician+1","Skewer+1"],"relics":["Ring of the Snake","Hammer of Thor","Seething Fire","Anvil of the Gods","Oddly Smooth Stone","Ancient Tea Set","Bottled Lightning","Omamori","Regal Pillow","Runic Pyramid","Happy Flower","Ice Cream","Juzu Bracelet","Toy Ornithopter","Orichalcum","Black Star","Toolbox","Incense Burner","White Beast Statue","PreservedInsect","Toxic Egg 2","Lizard Tail","Vajra","TheAbacus","Blood Vial"],"acts_visited":["Exordium","TheCity","TheBeyond"],"potions_floor_usage":[29],"damage_taken":[{"damage":0,"enemies":"Jaw Worm","floor":1,"turns":1},{"damage":0,"enemies":"Cultist","floor":4,"turns":1},{"damage":0,"enemies":"Small Slimes","floor":5,"turns":1},{"damage":0,"enemies":"Gremlin Nob","floor":6,"turns":1},{"damage":0,"enemies":"3 Sentries","floor":8,"turns":1},{"damage":0,"enemies":"Gremlin Nob","floor":10,"turns":1},{"damage":0,"enemies":"Red Slaver","floor":11,"turns":1},{"damage":0,"enemies":"3 Louse","floor":12,"turns":1},{"damage":0,"enemies":"Exordium Wildlife","floor":14,"turns":1},{"damage":0,"enemies":"The Guardian","floor":16,"turns":1},{"damage":0,"enemies":"2 Thieves","floor":18,"turns":1},{"damage":0,"enemies":"Shell Parasite","floor":22,"turns":1},{"damage":0,"enemies":"Gremlin Leader","floor":23,"turns":1},{"damage":0,"enemies":"Snake Plant","floor":24,"turns":1},{"damage":0,"enemies":"Book of Stabbing","floor":27,"turns":1},{"damage":0,"enemies":"Snecko","floor":28,"turns":1},{"damage":0,"enemies":"Sentry and Sphere","floor":29,"turns":1},{"damage":0,"enemies":"Snake Plant","floor":30,"turns":1},{"damage":0,"enemies":"Slavers","floor":31,"turns":1},{"damage":0,"enemies":"Automaton","floor":33,"turns":1},{"damage":0,"enemies":"3 Darklings","floor":35,"turns":1},{"damage":0,"enemies":"Mind Bloom Boss Battle","floor":38,"turns":1},{"damage":0,"enemies":"Orb Walker","floor":39,"turns":1},{"damage":0,"enemies":"Nemesis","floor":40,"turns":1},{"damage":0,"enemies":"Maw","floor":41,"turns":1},{"damage":0,"enemies":"2 Orb Walkers","floor":44,"turns":1},{"damage":0,"enemies":"Jaw Worm Horde","floor":45,"turns":1},{"damage":0,"enemies":"Writhing Mass","floor":48,"turns":1},{"damage":0,"enemies":"Time Eater","floor":50,"turns":1}],"seed_played":"-3809564699880813841","potions_obtained":[{"floor":6,"key":"Block Potion"},{"floor":8,"key":"Swift Potion"},{"floor":29,"key":"Fruit Juice"},{"floor":48,"key":"GhostInAJar"}],"is_trial":false,"path_per_floor":["M","?","$","M","M","E","?","E","T","E","M","M","R","M","R","B",null,"M","?","?","$","M","E","M","$","T","E","M","M","M","E","R","B",null,"M","?","$","?","M","E","M","R","T","?","M","$","?","M","R","B",null],"character_chosen":"THE_SILENT","items_purchased":["Happy Flower","Toolbox","Vajra","TheAbacus","Blood Vial"],"campfire_rested":5,"item_purchase_floors":[21,37,46,46,46],"current_hp_per_floor":[59,59,59,59,59,59,59,59,59,59,59,59,66,66,66,66,66,66,66,66,66,66,66,66,66,66,66,66,71,71,71,71,71,71,71,71,71,71,71,71,71,71,71,71,71,71,71,71,71,71],"gold":138,"neow_bonus":"RANDOM_COMMON_RELIC","is_daily":false,"chose_seed":false,"campfire_upgraded":0,"win_rate":0.0,"timestamp":1608785346,"path_taken":["M","?","?","?","M","E","?","E","T","E","M","?","R","M","R","BOSS","M","?","?","?","?","E","M","$","T","E","M","M","M","E","R","BOSS","M","?","$","?","M","E","M","R","T","?","M","$","?","M","R","BOSS"],"items_purchased_type":["Relic","Relic","Relic","Relic","Relic"],"build_version":"2020-12-22","purchased_purges":0,"victory":true,"max_hp_per_floor":[66,66,66,66,66,66,66,66,66,66,66,66,66,66,66,66,66,66,66,66,66,66,66,66,66,66,66,66,71,71,71,71,71,71,71,71,71,71,71,71,71,71,71,71,71,71,71,71,71,71],"card_choices":[{"not_picked":["Footwork","Dagger Spray","Backflip"],"picked":"SKIP","floor":1},{"not_picked":["Eviscerate","Endless Agony","Acrobatics"],"picked":"SKIP","floor":4},{"not_picked":["Cloak And Dagger","Terror","Backflip"],"picked":"SKIP","floor":5},{"not_picked":["Flying Knee","Poisoned Stab","Prepared"],"picked":"SKIP","floor":6},{"not_picked":["Terror","Heel Hook","Catalyst"],"picked":"SKIP","floor":8},{"not_picked":["Acrobatics","Flying Knee","Dash"],"picked":"SKIP","floor":10},{"not_picked":["Underhanded Strike","Blur","Calculated Gamble"],"picked":"SKIP","floor":11},{"not_picked":["Burst","Concentrate","Acrobatics"],"picked":"SKIP","floor":12},{"not_picked":["Quick Slash","Deflect","Poisoned Stab"],"picked":"SKIP","floor":14},{"not_picked":["Bane","PiercingWail","Blur"],"picked":"SKIP","floor":18},{"not_picked":["Leg Sweep","Cloak And Dagger","Deadly Poison"],"picked":"SKIP","floor":22},{"not_picked":["Corpse Explosion","Acrobatics","Backflip+1"],"picked":"SKIP","floor":23},{"not_picked":["Poisoned Stab","Flechettes","Riddle With Holes"],"picked":"SKIP","floor":24},{"not_picked":["Quick Slash","Backflip+1","Poisoned Stab"],"picked":"SKIP","floor":27},{"not_picked":["Slice","Dagger Spray","Setup"],"picked":"SKIP","floor":28},{"not_picked":["Deflect","Blur+1","Dodge and Roll"],"picked":"SKIP","floor":29},{"not_picked":["Dagger Spray+1","Deadly Poison","Deflect"],"picked":"SKIP","floor":30},{"not_picked":["Backstab","Terror","PiercingWail+1"],"picked":"SKIP","floor":31},{"not_picked":["PiercingWail","Flechettes+1","Sucker Punch"],"picked":"SKIP","floor":35},{"not_picked":["Quick Slash","Dagger Throw","Blur"],"picked":"SKIP","floor":39},{"not_picked":["Setup","Underhanded Strike","Backflip"],"picked":"SKIP","floor":40},{"not_picked":["Adrenaline","Dagger Throw+1","Dodge and Roll"],"picked":"SKIP","floor":41},{"not_picked":["Endless Agony","Quick Slash+1","Blade Dance+1"],"picked":"SKIP","floor":45},{"not_picked":["Crippling Poison+1","Predator+1","Eviscerate"],"picked":"SKIP","floor":48}],"player_experience":169209,"relics_obtained":[{"floor":6,"key":"Ancient Tea Set"},{"floor":8,"key":"Bottled Lightning"},{"floor":9,"key":"Omamori"},{"floor":10,"key":"Regal Pillow"},{"floor":23,"key":"Ice Cream"},{"floor":26,"key":"Juzu Bracelet"},{"floor":27,"key":"Toy Ornithopter"},{"floor":31,"key":"Orichalcum"},{"floor":38,"key":"Incense Burner"},{"floor":40,"key":"White Beast Statue"},{"floor":40,"key":"PreservedInsect"},{"floor":43,"key":"Toxic Egg 2"},{"floor":44,"key":"Lizard Tail"}],"event_choices":[{"damage_healed":0,"gold_gain":0,"player_choice":"Ignored","damage_taken":0,"max_hp_gain":0,"max_hp_loss":0,"event_name":"Shining Light","floor":2,"gold_loss":0},{"damage_healed":0,"gold_gain":0,"player_choice":"Ignored","damage_taken":0,"max_hp_gain":0,"max_hp_loss":0,"event_name":"Upgrade Shrine","floor":7,"gold_loss":0},{"damage_healed":0,"gold_gain":0,"player_choice":"Ignored","damage_taken":0,"max_hp_gain":0,"max_hp_loss":0,"event_name":"Vampires","floor":19,"gold_loss":0},{"damage_healed":0,"gold_gain":50,"player_choice":"Stole From Cult","damage_taken":0,"max_hp_gain":0,"max_hp_loss":0,"event_name":"Nest","floor":20,"gold_loss":0},{"damage_healed":0,"gold_gain":0,"player_choice":"Memory 1","damage_taken":0,"max_hp_gain":0,"max_hp_loss":0,"event_name":"SensoryStone","floor":36,"gold_loss":0},{"damage_healed":0,"gold_gain":0,"player_choice":"Fight","damage_taken":0,"max_hp_gain":0,"max_hp_loss":0,"event_name":"MindBloom","floor":38,"gold_loss":0},{"damage_healed":0,"gold_gain":0,"player_choice":"Fight","damage_taken":0,"max_hp_gain":0,"max_hp_loss":0,"event_name":"Mysterious Sphere","floor":44,"gold_loss":0},{"cards_removed":["Skewer"],"damage_healed":0,"gold_gain":0,"player_choice":"Removed Attack","damage_taken":0,"max_hp_gain":0,"max_hp_loss":0,"event_name":"Falling","floor":47,"gold_loss":0}],"is_beta":false,"boss_relics":[{"not_picked":["Sozu","Empty Cage"],"picked":"Runic Pyramid"},{"not_picked":["Velvet Choker","Philosopher\u0027s Stone"],"picked":"Black Star"}],"items_purged_floors":[],"is_endless":false,"potions_floor_spawned":[1,6,8,11,14,22,24,28,29,33,38,39,41,44,45,48],"ascension_level":18}}