{"host":"i0avyit1s6jb1siw","time":1608852439,"event":{"mods":["BaseMod","DeckTracker","Dota2Spire","Highlight Path","Minty Spire (QoL Compilation)","Quick Restart","Replay The Spire","StSLib","SuperFastMode"],"gold_per_floor":[117,117,117,117,137,137,168,183,183,183,218,218,232,60,60,136,186,197,467,485,162,182,211,211,225,274,289,308,327,337,337,337],"floor_reached":31,"playtime":653,"items_purged":["Strike_G"],"score":588,"play_id":"5824b285-c8c1-4ad7-8c56-c91a3d6bc2ee","local_time":"20201225002719","is_ascension_mode":true,"campfire_choices":[{"data":"Neutralize","floor":6.0,"key":"SMITH"},{"data":"Quick Slash","floor":10.0,"key":"SMITH"},{"data":"Terror","floor":15.0,"key":"SMITH"},{"floor":24.0,"key":"REST"}],"circlet_count":0,"master_deck":["AscendersBane","Strike_G","Strike_G","Strike_G","Defend_G","Defend_G+1","Defend_G","Defend_G+1","Defend_G","Survivor","Neutralize+1","Reflex+1","Flying Knee","Quick Slash+1","Blade Dance","Terror+1","Grand Finale","Prepared","Well Laid Plans","Dagger Throw","Backflip"],"relics":["Ring of the Snake","NeowsBlessing","Onion Ring","Dota2Spire:MagicBottle","Lee\u0027s Waffle","Tiny House","Bag of Preparation","PreservedInsect","Dota2Spire:PhaseBoots"],"acts_visited":["Exordium","TheCity"],"potions_floor_usage":[],"damage_taken":[{"damage":0.0,"enemies":"Small Slimes","floor":1.0,"turns":1.0},{"damage":0.0,"enemies":"2 Louse","floor":5.0,"turns":1.0},{"damage":0.0,"enemies":"Lagavulin","floor":7.0,"turns":1.0},{"damage":0.0,"enemies":"Cultist","floor":8.0,"turns":3.0},{"damage":6.0,"enemies":"Gremlin Nob","floor":11.0,"turns":3.0},{"damage":1.0,"enemies":"Exordium Wildlife","floor":13.0,"turns":5.0},{"damage":15.0,"enemies":"The Guardian","floor":16.0,"turns":15.0},{"damage":22.0,"enemies":"Shell Parasite","floor":18.0,"turns":6.0},{"damage":2.0,"enemies":"Chosen","floor":20.0,"turns":3.0},{"damage":0.0,"enemies":"3 Cultists","floor":22.0,"turns":2.0},{"damage":4.0,"enemies":"Slavers","floor":23.0,"turns":2.0},{"damage":8.0,"enemies":"Centurion and Healer","floor":25.0,"turns":3.0},{"damage":13.0,"enemies":"Shelled Parasite and Fungi","floor":27.0,"turns":2.0},{"damage":0.0,"enemies":"Cultist and Chosen","floor":28.0,"turns":2.0},{"damage":0.0,"enemies":"Centurion and Healer","floor":29.0,"turns":3.0},{"damage":0,"enemies":"Sentry and Sphere","floor":30,"turns":3},{"damage":30,"enemies":"Snecko","floor":31,"turns":6}],"seed_played":"-2793746177864561980","potions_obtained":[{"floor":5.0,"key":"FearPotion"},{"floor":8.0,"key":"AttackPotion"},{"floor":13.0,"key":"PowerPotion"},{"floor":16.0,"key":"Elixir"},{"floor":22.0,"key":"Strength Potion"},{"floor":23.0,"key":"Strength Potion"}],"is_trial":false,"path_per_floor":["M","?","?","?","M","R","E","M","T","R","E","?","M","$","R","B",null,"M","?","M","$","M","E","R","M","T","M","M","M","M","M"],"character_chosen":"THE_SILENT","items_purchased":["Lee\u0027s Waffle","Bag of Preparation","Well Laid Plans"],"campfire_rested":1,"item_purchase_floors":[14,21,21],"current_hp_per_floor":[59,59,54,54,54,54,54,54,54,54,48,28,27,73,73,58,74,52,25,23,23,23,19,42,40,40,27,27,27,27,0,0],"gold":337,"neow_bonus":"THREE_ENEMY_KILL","is_daily":false,"chose_seed":false,"campfire_upgraded":3,"win_rate":0.0,"timestamp":1608852439,"path_taken":["M","?","?","?","M","R","E","?","T","R","E","?","M","$","R","BOSS","M","?","M","$","M","E","R","M","T","?","M","M","M","M"],"items_purchased_type":["Relic","Relic","Card"],"build_version":"2020-12-22","purchased_purges":1,"victory":false,"max_hp_per_floor":[66,66,66,66,66,66,66,66,66,66,66,66,66,73,73,73,78,78,78,78,78,78,78,78,78,78,78,78,78,78,78,78],"card_choices":[{"not_picked":["Dodge and Roll","Sucker Punch","Acrobatics"],"picked":"SKIP","floor":1.0},{"not_picked":["Bane","Sneak Up","Reflex"],"picked":"SKIP","floor":5.0},{"not_picked":["Bane","Sneak Up"],"picked":"Reflex","floor":5.0},{"not_picked":["Dodge and Roll","Backflip"],"picked":"Flying Knee","floor":7.0},{"not_picked":["Blade Dance","Deflect"],"picked":"Quick Slash","floor":8.0},{"not_picked":["Tools of the Trade","Flechettes"],"picked":"Blade Dance","floor":11.0},{"not_picked":["Dagger Spray","Hidden Blade"],"picked":"Terror","floor":13.0},{"not_picked":["Doppelganger","Envenom"],"picked":"Grand Finale","floor":16.0},{"not_picked":["Hidden Blade","PiercingWail"],"picked":"Prepared","floor":17.0},{"not_picked":["Replay:Poison Smokescreen","Deflect","Backstab"],"picked":"SKIP","floor":18.0},{"not_picked":["Dash","Predator+1","Dodge and Roll"],"picked":"SKIP","floor":20.0},{"not_picked":["Dodge and Roll","Draining Mist"],"picked":"Dagger Throw","floor":22.0},{"not_picked":["Flying Knee","Choke","Underhanded Strike"],"picked":"SKIP","floor":23.0},{"not_picked":["Skewer","Finisher","Slice"],"picked":"SKIP","floor":25.0},{"not_picked":["Cloak And Dagger","Concentrate","Expertise"],"picked":"SKIP","floor":27.0},{"not_picked":["Reflex","Bane"],"picked":"Backflip","floor":28.0},{"not_picked":["Endless Agony","ReplayTheSpireMod:Necrosis","Skewer"],"picked":"SKIP","floor":29.0},{"not_picked":["Accuracy","Backflip","Distraction"],"picked":"SKIP","floor":30}],"player_experience":2116515,"relics_obtained":[{"floor":11.0,"key":"Dota2Spire:MagicBottle"},{"floor":23.0,"key":"PreservedInsect"},{"floor":26.0,"key":"Dota2Spire:PhaseBoots"}],"event_choices":[{"damage_healed":0.0,"max_hp_gain":0.0,"max_hp_loss":0.0,"gold_gain":0.0,"event_name":"Scrap Ooze","player_choice":"Success","floor":3.0,"gold_loss":0.0,"damage_taken":5.0,"relics_obtained":["Onion Ring"]},{"cards_removed":["Strike_G"],"damage_healed":0.0,"max_hp_gain":0.0,"max_hp_loss":0.0,"gold_gain":0.0,"event_name":"Bonfire Elementals","player_choice":"Offered Basic","floor":4.0,"gold_loss":0.0,"damage_taken":0.0},{"damage_healed":0.0,"max_hp_gain":0.0,"max_hp_loss":0.0,"gold_gain":0.0,"event_name":"Shining Light","player_choice":"Entered Light","floor":12.0,"gold_loss":0.0,"damage_taken":20.0,"cards_upgraded":["Defend_G","Reflex"]},{"damage_healed":0.0,"max_hp_gain":0.0,"max_hp_loss":0.0,"gold_gain":270.0,"event_name":"Knowing Skull","player_choice":"GOLD GOLD GOLD ","floor":19.0,"potions_obtained":[],"gold_loss":0.0,"damage_taken":27.0,"cards_obtained":[]}],"is_beta":false,"boss_relics":[{"not_picked":["Ring of the Serpent","Philosopher\u0027s Stone"],"picked":"Tiny House"}],"items_purged_floors":[21],"is_endless":false,"potions_floor_spawned":[5,8,13,16,22,23,25,27],"killed_by":"Snecko","ascension_level":20}}