{"host":"6yklbc9za0aylqsj","time":1608803442,"event":{"mods":["AchievementEnabler","BaseMod","Bestiary","Colored Map","Colored Powertips","Minty Spire (QoL Compilation)","Rare Cards Sparkle","Relic Stats","Slay-I","StSLib"],"gold_per_floor":[13,28,28,51,67,110,110,110,162,162,162],"floor_reached":10,"playtime":239,"items_purged":[],"score":136,"play_id":"14ef41dd-b534-498d-8476-20e2589242cb","local_time":"20201224105042","is_ascension_mode":true,"campfire_choices":[{"floor":7,"key":"REST"}],"circlet_count":0,"master_deck":["AscendersBane","Strike_G","Strike_G","Strike_G","Strike_G","Strike_G","Defend_G","Defend_G","Defend_G","Defend_G","Defend_G","Survivor","Neutralize","Unload","Blade Dance","Dagger Spray","Backflip","Cloak And Dagger"],"relics":["Ring of the Snake","Golden Idol","Molten Egg 2","Centennial Puzzle"],"acts_visited":["Exordium"],"potions_floor_usage":[6,6,10],"damage_taken":[{"damage":0.0,"enemies":"Cultist","floor":1.0,"turns":4.0},{"damage":2.0,"enemies":"2 Louse","floor":2.0,"turns":3.0},{"damage":4.0,"enemies":"Small Slimes","floor":4.0,"turns":2.0},{"damage":0.0,"enemies":"Looter","floor":5.0,"turns":2.0},{"damage":23,"enemies":"Lagavulin","floor":6,"turns":5},{"damage":8,"enemies":"Gremlin Nob","floor":10,"turns":3}],"seed_played":"-2846730967400515516","potions_obtained":[{"floor":1.0,"key":"Block Potion"},{"floor":5.0,"key":"LiquidMemories"},{"floor":8,"key":"SneckoOil"},{"floor":8,"key":"SmokeBomb"}],"is_trial":false,"path_per_floor":["M","M","?","M","M","E","R","?","T","E"],"character_chosen":"THE_SILENT","items_purchased":[],"campfire_rested":1,"item_purchase_floors":[],"current_hp_per_floor":[59,57,34,30,30,7,26,26,26,18,18],"gold":162,"neow_bonus":"THREE_RARE_CARDS","is_daily":false,"chose_seed":false,"campfire_upgraded":0,"win_rate":0.0,"timestamp":1608803442,"path_taken":["M","M","?","M","M","E","R","?","T","E"],"items_purchased_type":[],"build_version":"2020-12-22","purchased_purges":0,"victory":false,"max_hp_per_floor":[66,66,66,66,66,66,66,66,66,66,66],"relic_stats":{"Centennial Puzzle":[3],"counters":[6,19],"Golden Idol":17,"obtain_stats":[{"Centennial Puzzle":9,"Golden Idol":3,"Molten Egg 2":6,"Ring of the Snake":0},{"Centennial Puzzle":5,"Golden Idol":2,"Molten Egg 2":5,"Ring of the Snake":0},{"Centennial Puzzle":16,"Golden Idol":7,"Molten Egg 2":16,"Ring of the Snake":0}],"Ring of the Snake":[12]},"card_choices":[{"not_picked":["Bullet Time","Wraith Form v2"],"picked":"Unload","floor":0.0},{"not_picked":["Masterful Stab","Deflect"],"picked":"Blade Dance","floor":1.0},{"not_picked":["Acrobatics","Deadly Poison","Quick Slash"],"picked":"SKIP","floor":2.0},{"not_picked":["Dodge and Roll","Deadly Poison"],"picked":"Dagger Spray","floor":4.0},{"not_picked":["Dagger Throw","Blur"],"picked":"Backflip","floor":5.0},{"not_picked":["Bouncing Flask","Backflip"],"picked":"Cloak And Dagger","floor":6}],"player_experience":679932,"relics_obtained":[{"floor":6,"key":"Molten Egg 2"},{"floor":9,"key":"Centennial Puzzle"}],"event_choices":[{"damage_healed":0.0,"max_hp_gain":0.0,"max_hp_loss":0.0,"gold_gain":0.0,"event_name":"Golden Idol","player_choice":"Take Damage","floor":3.0,"gold_loss":0.0,"damage_taken":23.0,"relics_obtained":["Golden Idol"]},{"damage_healed":0,"gold_gain":0,"player_choice":"Got Potions","damage_taken":0,"max_hp_gain":0,"max_hp_loss":0,"event_name":"Lab","floor":8,"gold_loss":0}],"is_beta":false,"boss_relics":[],"items_purged_floors":[],"is_endless":false,"potions_floor_spawned":[1,5],"killed_by":"Gremlin Nob","ascension_level":20}}