{"host":"3ek78t4i81ecmdy1","time":1608791104,"event":{"mods":["2.2 Compatiblity","AchievementEnabler","BaseMod","Colored Map","DeckTracker","Filter the Spire","Keyboard Shortcuts","Minty Spire (QoL Compilation)","Permanent Neow","Quick Restart","SuperFastMode","everything is the same but u backflip on backflip"],"gold_per_floor":[109,109,34,34,49,77,77,77,77,94,11,36,36,46,46,150,150,165,90,43,58,73,108,219,242,281,320,351,363,392,91,91,192,192,212,112,165,18,18,18,31,31,31,31,47,47,74,90,90,90,90,90,40,70,70,70],"floor_reached":55,"playtime":2548,"items_purged":["Regret","Rupture","Strike_R"],"score":773,"play_id":"06b01295-84a3-42fb-9e9a-952a30417bd7","local_time":"20201224152504","is_ascension_mode":false,"campfire_choices":[{"data":"Barricade","floor":7,"key":"SMITH"},{"data":"Metallicize","floor":13,"key":"SMITH"},{"data":"True Grit","floor":15,"key":"SMITH"},{"data":"Armaments","floor":29,"key":"SMITH"},{"data":"Strike_R","floor":32,"key":"PURGE"},{"floor":40,"key":"REST"},{"floor":42,"key":"RECALL"},{"data":"Bash","floor":46,"key":"PURGE"},{"data":"Juggernaut","floor":49,"key":"SMITH"},{"data":"Intimidate","floor":52,"key":"SMITH"}],"circlet_count":0,"master_deck":["Strike_R+1","Defend_R","Defend_R+1","Defend_R","Clumsy","Flame Barrier","Barricade+1","Clothesline","Inflame","Metallicize+1","Bandage Up","Disarm","True Grit+1","Juggernaut+1","Body Slam+1","Armaments+1","Intimidate+1","Anger+1","Entrench+1","CurseOfTheBell","Good Instincts","Feel No Pain+1","Iron Wave+1","Shockwave+1","Ghostly Armor"],"relics":["Burning Blood","Peace Pipe","InkBottle","Eternal Feather","Champion Belt","Matryoshka","Mark of Pain","MawBank","Darkstone Periapt","Art of War","Centennial Puzzle","CaptainsWheel","Calling Bell","Dream Catcher","Frozen Egg 2","Mango","Magic Flower","Happy Flower","Shuriken","Smiling Mask","Vajra"],"acts_visited":["Exordium","TheCity","TheBeyond","TheEnding"],"potions_floor_usage":[16,22,25,33,33,35,45,50,50],"damage_taken":[{"damage":13.0,"enemies":"Small Slimes","floor":1.0,"turns":5.0},{"damage":6.0,"enemies":"Jaw Worm","floor":5.0,"turns":4.0},{"damage":0,"enemies":"Lagavulin","floor":6,"turns":12},{"damage":0,"enemies":"2 Louse","floor":10,"turns":3},{"damage":34,"enemies":"3 Sentries","floor":12,"turns":13},{"damage":15,"enemies":"Blue Slaver","floor":14,"turns":7},{"damage":36,"enemies":"Slime Boss","floor":16,"turns":23},{"damage":8,"enemies":"3 Byrds","floor":18,"turns":5},{"damage":22,"enemies":"Shell Parasite","floor":21,"turns":7},{"damage":21,"enemies":"Centurion and Healer","floor":22,"turns":9},{"damage":18,"enemies":"Book of Stabbing","floor":23,"turns":8},{"damage":3,"enemies":"Snake Plant","floor":25,"turns":5},{"damage":11,"enemies":"Shelled Parasite and Fungi","floor":28,"turns":6},{"damage":5,"enemies":"Centurion and Healer","floor":30,"turns":7},{"damage":12,"enemies":"Champ","floor":33,"turns":11},{"damage":15,"enemies":"3 Shapes","floor":35,"turns":7},{"damage":93,"enemies":"2 Orb Walkers","floor":37,"turns":8},{"damage":31,"enemies":"3 Darklings","floor":41,"turns":9},{"damage":7,"enemies":"Transient","floor":45,"turns":5},{"damage":0,"enemies":"Giant Head","floor":47,"turns":11},{"damage":18,"enemies":"Sphere and 2 Shapes","floor":48,"turns":7},{"damage":17,"enemies":"Time Eater","floor":50,"turns":12},{"damage":92,"enemies":"Shield and Spear","floor":54,"turns":14},{"damage":87,"enemies":"The Heart","floor":55,"turns":11}],"seed_played":"7637211037474227791","potions_obtained":[{"floor":5.0,"key":"Energy Potion"},{"floor":6,"key":"Ancient Potion"},{"floor":14,"key":"Energy Potion"},{"floor":21,"key":"BloodPotion"},{"floor":25,"key":"Swift Potion"},{"floor":30,"key":"LiquidBronze"},{"floor":44,"key":"Dexterity Potion"},{"floor":44,"key":"FairyPotion"},{"floor":44,"key":"SteroidPotion"},{"floor":45,"key":"SteroidPotion"},{"floor":47,"key":"ColorlessPotion"}],"is_trial":false,"path_per_floor":["M","?","$","?","M","E","R","T","T","M","$","E","R","M","R","B",null,"M","?","$","M","M","E","?","M","T","T","M","R","M","$","R","B",null,"M","$","?","$","?","R","M","R","T","?","M","R","E","M","R","B",null,"R","$","E","B"],"character_chosen":"IRONCLAD","items_purchased":["Bandage Up","Armaments","CaptainsWheel","Happy Flower"],"campfire_rested":1,"item_purchase_floors":[11,20,31,38],"current_hp_per_floor":[73,73,73,57,57,63,63,63,63,69,69,45,54,49,58,32,80,80,80,80,68,73,67,67,74,74,74,73,80,80,80,80,78,100,95,95,12,12,12,54,38,53,53,53,61,76,91,88,100,98,100,100,100,23,0,0],"gold":70,"neow_bonus":"TRANSFORM_TWO_CARDS","is_daily":false,"chose_seed":false,"campfire_upgraded":6,"win_rate":0.0,"timestamp":1608791104,"path_taken":["M","?","$","?","M","E","R","?","T","M","?","E","R","M","R","BOSS","M","?","$","M","M","E","?","M","T","?","M","R","M","?","R","BOSS","M","$","?","$","?","R","M","R","T","?","M","R","E","?","R","BOSS","R","$","E","BOSS"],"items_purchased_type":["Card","Card","Relic","Relic"],"build_version":"2020-12-22","purchased_purges":3,"victory":false,"max_hp_per_floor":[80,80,80,80,80,80,80,80,80,80,80,80,80,80,80,80,80,80,80,80,80,80,80,80,80,80,80,80,80,80,80,80,80,100,100,100,100,100,100,100,100,100,100,100,100,100,100,100,100,100,100,100,100,100,100,100],"card_choices":[{"not_picked":["Warcry","Blood for Blood"],"picked":"Clothesline","floor":1.0},{"not_picked":["Carnage","Searing Blow"],"picked":"Inflame","floor":5.0},{"not_picked":["Thunderclap","Power Through"],"picked":"Rupture","floor":6},{"not_picked":["Rampage","Cleave"],"picked":"Metallicize","floor":10},{"not_picked":["Flame Barrier","Perfected Strike"],"picked":"Disarm","floor":12},{"not_picked":["Rampage","Sever Soul"],"picked":"True Grit","floor":14},{"not_picked":["Fiend Fire","Barricade"],"picked":"Juggernaut","floor":16},{"not_picked":["True Grit","Pommel Strike+1"],"picked":"Body Slam+1","floor":18},{"not_picked":["Headbutt+1","True Grit"],"picked":"Intimidate","floor":21},{"not_picked":["Wild Strike","Metallicize","Whirlwind"],"picked":"SKIP","floor":22},{"not_picked":["Clash+1","Wild Strike"],"picked":"Anger+1","floor":23},{"not_picked":["Perfected Strike","Reckless Charge","Flame Barrier"],"picked":"SKIP","floor":25},{"not_picked":["Heavy Blade","Clash","Offering"],"picked":"SKIP","floor":28},{"not_picked":["Pommel Strike","Sword Boomerang"],"picked":"Entrench+1","floor":30},{"not_picked":["Perfected Strike+1","Disarm+1","Twin Strike+1"],"picked":"SKIP","floor":35},{"not_picked":["Purity","Flash of Steel"],"picked":"Good Instincts","floor":39},{"not_picked":["Flame Barrier+1","Rupture+1"],"picked":"Feel No Pain+1","floor":40},{"not_picked":["Thunderclap","Bloodletting+1"],"picked":"Iron Wave+1","floor":41},{"not_picked":["Reckless Charge+1","Clothesline+1"],"picked":"Shockwave+1","floor":45},{"not_picked":["Havoc","Cleave","Warcry"],"picked":"SKIP","floor":47},{"not_picked":["Reaper","Battle Trance"],"picked":"Ghostly Armor","floor":48},{"not_picked":["Clash+1","Headbutt+1","Evolve+1"],"picked":"SKIP","floor":54}],"player_experience":31337,"relics_obtained":[{"floor":6,"key":"InkBottle"},{"floor":8,"key":"Eternal Feather"},{"floor":9,"key":"Champion Belt"},{"floor":12,"key":"Matryoshka"},{"floor":23,"key":"MawBank"},{"floor":26,"key":"Darkstone Periapt"},{"floor":26,"key":"Art of War"},{"floor":27,"key":"Centennial Puzzle"},{"floor":34,"key":"Dream Catcher"},{"floor":34,"key":"Frozen Egg 2"},{"floor":34,"key":"Mango"},{"floor":37,"key":"Magic Flower"},{"floor":43,"key":"Shuriken"},{"floor":47,"key":"Smiling Mask"},{"floor":54,"key":"Vajra"}],"event_choices":[{"damage_healed":0.0,"max_hp_gain":0.0,"max_hp_loss":0.0,"gold_gain":0.0,"event_name":"Big Fish","player_choice":"Box","floor":2.0,"gold_loss":0.0,"damage_taken":0.0,"relics_obtained":["Peace Pipe"],"cards_obtained":["Regret"]},{"damage_healed":0.0,"max_hp_gain":0.0,"max_hp_loss":0.0,"gold_gain":0.0,"event_name":"Shining Light","player_choice":"Entered Light","floor":4.0,"gold_loss":0.0,"damage_taken":16.0,"cards_upgraded":["Defend_R","Strike_R"]},{"cards_removed":["Strike_R"],"damage_healed":0,"gold_gain":0,"player_choice":"Gave Gold","damage_taken":0,"max_hp_gain":0,"max_hp_loss":0,"event_name":"Beggar","floor":19,"gold_loss":75},{"damage_healed":0,"gold_gain":99,"player_choice":"Stole From Cult","damage_taken":0,"max_hp_gain":0,"max_hp_loss":0,"event_name":"Nest","floor":24,"gold_loss":0},{"damage_healed":0,"gold_gain":0,"player_choice":"Fight","damage_taken":0,"max_hp_gain":0,"max_hp_loss":0,"event_name":"Mysterious Sphere","floor":37,"gold_loss":0},{"damage_healed":0,"gold_gain":0,"player_choice":"Memory 1","damage_taken":0,"max_hp_gain":0,"max_hp_loss":0,"event_name":"SensoryStone","floor":39,"gold_loss":0},{"damage_healed":0,"gold_gain":0,"player_choice":"Got Potions","damage_taken":0,"max_hp_gain":0,"max_hp_loss":0,"event_name":"Lab","floor":44,"gold_loss":0}],"is_beta":false,"boss_relics":[{"not_picked":["Pandora\u0027s Box","Snecko Eye"],"picked":"Mark of Pain"},{"not_picked":["Cursed Key","Black Blood"],"picked":"Calling Bell"}],"items_purged_floors":[3,36,53],"is_endless":false,"potions_floor_spawned":[5,6,14,21,25,30,45,47],"killed_by":"The Heart","ascension_level":0}}