{"host":"2i0myh7fqij2ti1z","time":1608790210,"event":{"mods":["Aspiration","BaseMod","Better Third Choice","Colored Powertips","FoggyMod","Highlight Path","Minty Spire (QoL Compilation)","Permanent Neow","Quick Restart","Random Character Button","Random Character Mod","Relic Sorter","Replay The Spire","Shop Mod","Spicy Shops","StSLib","Transform Curses","Wandering Minibosses","vexMod"],"gold_per_floor":[111,19355,19355,19305,19277,19336,19336,19382,19382,19439,19478,19523,19571,18365,18365,18504,18504,18540,17882,17882,17950,17984,18036,17262,17317,17340,17340,17383,16339,16348,16383,16358,16508,16508,16533,15513,15513,15540,15014,15023,15039,15039,15039,14999,15023,14636,14685,15059,15068,15082],"floor_reached":51,"playtime":3039,"items_purged":["Defend_P","Strike_P","Strike_P","Strike_P","Defend_P","Defend_P","Defend_P","Weave+1","Replay:BluntJabs","Consecrate+1"],"score":1198,"play_id":"31dc01a7-b56c-477c-b6b8-284a43e687f4","local_time":"20201224141010","daily_mods":["Specialized","Vintage","DeadlyEvents"],"is_ascension_mode":true,"campfire_choices":[{"data":"ForeignInfluence","floor":15.0,"key":"SMITH"},{"data":"ForeignInfluence","floor":30,"key":"SMITH"},{"data":"ForeignInfluence","floor":30,"key":"SMITH"},{"data":"Replay:Battleflow","floor":40,"key":"SMITH"},{"floor":49,"key":"REST"}],"circlet_count":0,"master_deck":["ForeignInfluence+1","ForeignInfluence+1","ForeignInfluence+1","ForeignInfluence+1","ForeignInfluence+1","Adaptation+1","FearNoEvil+1","Replay:LoomingThreat+1","Conclude+1","Crescendo+1","Replay:Battleflow+1","SandsOfTime+1","Devotion+1","Indignation+1","ReplayUltimateDefense+1","ReplayTheSpireMod:Brewmster+1","Crow Ritual+1","Tantrum+1","Rip and Tear+1"],"relics":["PureWater","vexMod:RedPlottingStone","Ring of Chaos","Snack Pack","BargainBundle","Replay:Bandana","aspiration:Lifesprig","HandDrill","Smiling Mask","Chameleon Ring","aspiration:HummingbirdHeart","Garlic","Strawberry","Turnip","Golden Egg","Toy Ornithopter","Potion Belt","CaptainsWheel","aspiration:Nostalgia","Burning Blood","Blood Vial","Bag of Marbles","Black Star","Happy Flower","Dream Catcher","Regal Pillow","Sling","vexMod:FocusSash","Red Mask","Durian","Ancient Tea Set","Replay:Bottled Steam","Molten Egg 2","aspiration:FrozenJewel","vexMod:MemoryStick","Replay:Arrowhead","aspiration:AnachronicSnailShell","Gremlin Horn","Anchor","PrismaticShard","Omamori","Bag of Preparation","Frozen Eye","Replay:PocketPolymizer","CeramicFish","vexMod:ScavengeHelm","Guide Book","Shuriken","Pet Ghost","Calling Bell","Lantern","vexMod:InvisibilityCloak","Du-Vu Doll","ReplayTheSpireMod:TigerMarble","Calipers","aspiration:FetidBarrel","vexMod:Spyglass","Akabeko","vexMod:PaidLearning","Meat on the Bone","Pen Nib","Membership Card","aspiration:ChemicalBlood","Gremlin Food","ReplayTheSpireMod:Ninjato","vexMod:TimeEaterHat","Replay:Wax Seal","Pantograph","Replay:Mystery Machine","Chemical X","ReplayFunnel","Orichalcum","aspiration:HiddenCompartment","ReplayTheSpireMod:ShopPack","Bronze Scales","Sundial","Old Coin"],"acts_visited":["Exordium","TheCity","TheBeyond"],"potions_floor_usage":[44,50,50,50,50,50],"damage_taken":[{"damage":11.0,"enemies":"Jaw Worm","floor":1.0,"turns":2.0},{"damage":16.0,"enemies":"Replay:BlueRogue","floor":6.0,"turns":3.0},{"damage":7.0,"enemies":"Lagavulin","floor":8.0,"turns":4.0},{"damage":3.0,"enemies":"Replay:BlueRogue","floor":10.0,"turns":3.0},{"damage":31.0,"enemies":"3 Sentries","floor":11.0,"turns":9.0},{"damage":0.0,"enemies":"Small Slimes","floor":12.0,"turns":1.0},{"damage":0.0,"enemies":"Replay:BlueRogue","floor":13.0,"turns":4.0},{"damage":43.0,"enemies":"Hexaghost","floor":16.0,"turns":10.0},{"damage":1.0,"enemies":"2 Thieves","floor":18.0,"turns":3.0},{"damage":0,"enemies":"Masked Bandits","floor":21,"turns":2},{"damage":0,"enemies":"3 Byrds","floor":22,"turns":3},{"damage":1,"enemies":"Slavers","floor":23,"turns":2},{"damage":1,"enemies":"Replay:Snechameleon","floor":25,"turns":2},{"damage":0,"enemies":"Slavers","floor":28,"turns":1},{"damage":0,"enemies":"Book of Stabbing","floor":31,"turns":1},{"damage":0,"enemies":"Champ","floor":33,"turns":2},{"damage":0,"enemies":"3 Darklings","floor":35,"turns":1},{"damage":0,"enemies":"3 Shapes","floor":41,"turns":1},{"damage":1,"enemies":"Nemesis","floor":47,"turns":3},{"damage":0,"enemies":"2 Orb Walkers","floor":48,"turns":1},{"damage":0,"enemies":"Time Eater","floor":50,"turns":5}],"seed_played":"-8916090207263583150","potions_obtained":[{"floor":1.0,"key":"ColorlessPotion"},{"floor":10.0,"key":"AttackPotion"},{"floor":11.0,"key":"BottledMiracle"},{"floor":12.0,"key":"Regen Potion"},{"floor":16.0,"key":"StancePotion"},{"floor":23,"key":"Milkshake"},{"floor":44,"key":"Fruit Juice"},{"floor":44,"key":"Reflective Coating"}],"is_trial":true,"path_per_floor":["M","$","?","?","M","E","T","E","T","E","E","M","E","$","R","B",null,"M","$","?","?","M","E","$","E","T","?","E","$","R","E","R","B",null,"M","$","T","T","$","R","M","?","T","?","T","$","E","?","R","B",null],"character_chosen":"WATCHER","items_purchased":["BargainBundle","Replay:Bandana","aspiration:Lifesprig","HandDrill","Adaptation+1","Potion Belt","CaptainsWheel","aspiration:Nostalgia","Blood Vial","Bag of Marbles","Ancient Potion","Strength Potion","Block Potion","Dream Catcher","Regal Pillow","Sling","vexMod:RedPlottingStone","vexMod:FocusSash","Molten Egg 2","aspiration:FrozenJewel","vexMod:MemoryStick","Replay:Arrowhead","Frozen Eye","Replay:PocketPolymizer","CeramicFish","vexMod:ScavengeHelm","Guide Book","Calipers","aspiration:FetidBarrel","vexMod:Spyglass","Akabeko","Indignation","vexMod:PaidLearning","Membership Card","aspiration:ChemicalBlood","Gremlin Food","ReplayTheSpireMod:Ninjato","vexMod:TimeEaterHat","Chemical X","ReplayFunnel","Orichalcum","aspiration:HiddenCompartment","ReplayTheSpireMod:ShopPack"],"campfire_rested":1,"item_purchase_floors":[2,2,2,2,2,14,14,14,14,14,14,14,14,19,19,19,19,19,24,24,24,24,29,29,29,29,29,36,36,36,36,36,36,39,39,39,39,39,46,46,46,46,46],"current_hp_per_floor":[61,61,61,61,61,49,49,48,48,58,27,27,33,33,33,11,79,79,79,79,79,84,84,84,84,84,76,84,84,84,84,84,84,84,84,84,84,84,84,84,84,84,84,91,91,91,91,91,91,91],"gold":15082,"neow_bonus":"","is_daily":false,"chose_seed":false,"campfire_upgraded":4,"win_rate":0.0,"timestamp":1608790210,"path_taken":["M","$","?","?","?","E","?","E","T","E","?","?","E","?","R","BOSS","M","$","?","?","?","E","?","?","T","?","E","$","R","E","R","BOSS","M","$","?","?","$","R","?","?","T","?","?","$","E","?","R","BOSS"],"items_purchased_type":["Relic","Relic","Relic","Relic","Card","Relic","Relic","Relic","Relic","Relic","Potion","Potion","Potion","Relic","Relic","Relic","Relic","Relic","Relic","Relic","Relic","Relic","Relic","Relic","Relic","Relic","Relic","Relic","Relic","Relic","Relic","Card","Relic","Relic","Relic","Relic","Relic","Relic","Relic","Relic","Relic","Relic","Relic"],"build_version":"2020-12-22","purchased_purges":10,"victory":true,"max_hp_per_floor":[72,72,72,72,72,72,72,72,72,79,79,79,79,79,79,79,79,79,79,79,79,84,84,84,84,84,84,84,84,84,84,84,84,84,84,84,84,84,84,84,84,84,84,91,91,91,91,91,91,91],"card_choices":[{"not_picked":["FlyingSleeves","EmptyBody","Crescendo"],"picked":"SKIP","floor":6.0},{"not_picked":["BattleHymn","FlurryOfBlows"],"picked":"FearNoEvil","floor":8.0},{"not_picked":["EmptyBody","Wireheading","SashWhip"],"picked":"SKIP","floor":10.0},{"not_picked":["FlyingSleeves","Replay:AtTheReady"],"picked":"Replay:BluntJabs","floor":11.0},{"not_picked":["Replay:Cycle","ClearTheMind","JustLucky"],"picked":"SKIP","floor":13.0},{"not_picked":["Alpha","DeusExMachina"],"picked":"Replay:LoomingThreat","floor":16.0},{"not_picked":["WaveOfTheHand","SashWhip"],"picked":"Crescendo+1","floor":21},{"not_picked":["Pray","WreathOfFlame"],"picked":"Replay:Battleflow","floor":23},{"not_picked":["FollowUp+1","Crescendo"],"picked":"SandsOfTime+1","floor":25},{"not_picked":["JustLucky+1","Collect+1"],"picked":"BowlingBash+1","floor":27},{"not_picked":["Replay:DivineShield","Steam Power","Ball Lightning+1"],"picked":"SKIP","floor":28},{"not_picked":["Replay:Cycle","Whirlwind+1","Burning Pact"],"picked":"SKIP","floor":31},{"not_picked":["Corpse Explosion","Impervious"],"picked":"Devotion","floor":33},{"not_picked":["Violence","Poisoned Strike"],"picked":"ReplayUltimateDefense","floor":46},{"not_picked":["Enlightenment","ReplayTheSpireMod:Trickstab"],"picked":"ReplayTheSpireMod:Brewmster","floor":46},{"not_picked":["PanicButton","Transmutation"],"picked":"Crow Ritual","floor":46},{"not_picked":["ReplayTheSpireMod:Uncanny Aura","JustLucky+1","Evaluate"],"picked":"SKIP","floor":47},{"not_picked":["Panic Button+1","Slice+1"],"picked":"Tantrum+1","floor":48},{"not_picked":["Redo+1","Streamline+1"],"picked":"Rip and Tear+1","floor":49}],"player_experience":182860,"relics_obtained":[{"floor":1.0,"key":"Snack Pack"},{"floor":6.0,"key":"Smiling Mask"},{"floor":7.0,"key":"Chameleon Ring"},{"floor":8.0,"key":"aspiration:HummingbirdHeart"},{"floor":9.0,"key":"Garlic"},{"floor":10.0,"key":"Strawberry"},{"floor":11.0,"key":"Turnip"},{"floor":12.0,"key":"Golden Egg"},{"floor":13.0,"key":"Toy Ornithopter"},{"floor":18.0,"key":"Happy Flower"},{"floor":21,"key":"Red Mask"},{"floor":22,"key":"Durian"},{"floor":23,"key":"Ancient Tea Set"},{"floor":23,"key":"Replay:Bottled Steam"},{"floor":25,"key":"aspiration:AnachronicSnailShell"},{"floor":25,"key":"Gremlin Horn"},{"floor":26,"key":"Anchor"},{"floor":27,"key":"PrismaticShard"},{"floor":28,"key":"Omamori"},{"floor":28,"key":"Bag of Preparation"},{"floor":31,"key":"Shuriken"},{"floor":31,"key":"Pet Ghost"},{"floor":34,"key":"Lantern"},{"floor":34,"key":"vexMod:InvisibilityCloak"},{"floor":34,"key":"Du-Vu Doll"},{"floor":35,"key":"ReplayTheSpireMod:TigerMarble"},{"floor":37,"key":"Meat on the Bone"},{"floor":38,"key":"Pen Nib"},{"floor":41,"key":"Replay:Wax Seal"},{"floor":43,"key":"Pantograph"},{"floor":45,"key":"Replay:Mystery Machine"},{"floor":47,"key":"Bronze Scales"},{"floor":47,"key":"Sundial"},{"floor":48,"key":"Old Coin"}],"event_choices":[{"cards_removed":["Strike_P"],"damage_healed":0.0,"max_hp_gain":0.0,"max_hp_loss":0.0,"gold_gain":0.0,"event_name":"The Cleric","player_choice":"Card Removal","floor":4.0,"gold_loss":50.0,"damage_taken":0.0},{"damage_healed":0.0,"max_hp_gain":0.0,"max_hp_loss":0.0,"gold_gain":0.0,"event_name":"betterThird:BetterGoop","player_choice":"Left","floor":5.0,"gold_loss":28.0,"damage_taken":0.0},{"damage_healed":0,"gold_gain":0,"player_choice":"Read","damage_taken":0,"max_hp_gain":0,"max_hp_loss":0,"event_name":"The Library","floor":20,"gold_loss":0,"cards_obtained":["Conclude"]},{"damage_healed":0,"gold_gain":0,"player_choice":"Fought Bandits","damage_taken":0,"max_hp_gain":0,"max_hp_loss":0,"event_name":"Masked Bandits","floor":21,"gold_loss":0},{"damage_healed":0,"gold_gain":0,"player_choice":"Got Potions","damage_taken":0,"max_hp_gain":0,"max_hp_loss":0,"event_name":"Lab","floor":42,"gold_loss":0},{"damage_healed":0,"gold_gain":0,"player_choice":"Bought 3 Potions","damage_taken":0,"max_hp_gain":0,"max_hp_loss":0,"event_name":"The Woman in Blue","floor":44,"gold_loss":0},{"damage_healed":0,"gold_gain":0,"player_choice":"Fight","damage_taken":0,"max_hp_gain":0,"max_hp_loss":0,"event_name":"Mysterious Sphere","floor":48,"gold_loss":0}],"is_beta":false,"boss_relics":[{"not_picked":["VioletLotus","vexMod:BigBerry"],"picked":"Black Star"},{"not_picked":["aspiration:DefectSkillbook","Replay:Ancient Bell"],"picked":"Calling Bell"}],"items_purged_floors":[2,2,14,14,19,24,29,36,39,46],"is_endless":false,"potions_floor_spawned":[1,10,11,12,16,22,23,28,41,47],"ascension_level":1}}