{"host":"627up2rvtmm0cf0r","time":1608811500,"event":{"mods":["ATMod(阿瑾Mod)","Act Like it!","BaseMod","Better Vampires","CapriCore","Card Filter","Card Forge","Colored Powertips","DeckTracker","Dota2Spire","Friendly Minions","Highlight Path","Infinite Spire","Marked Mod","Minty Spire (QoL Compilation)","MostiFishMod","Permanent Neow","Practice Mode","Quick Restart","Relic Stats","Shop Mod","Spicy Shops","StSLib","SuperFastMode","TestMod","[地精首领爬塔]The Maniac","【遗物卡牌】REMEMod","残留之物","篝火指南"],"gold_per_floor":[-1284,-1266,-1256,-1256,10,10,38,38,38,38,73,91,184,195,195,300,300,313,313,323,323,323,349,349,359,359,389,389,405,1025,677,565,667,667,683,449,1667,1678,1678,1678,1707,2007,2007,2034,1774,1788,1801,1827,1353,1479,1479,1528,1525,1525],"floor_reached":53,"playtime":2919,"items_purged":["Strike_P","Strike_P","Strike_P","Defend_P","Defend_P","Defend_P+1","Defend_P+1"],"score":1792,"play_id":"7840fe3c-ba66-40b6-96e5-f8d04fb70368","local_time":"20201224200500","is_ascension_mode":true,"campfire_choices":[{"data":"AT_FamilyPortrait","floor":6,"key":"SMITH"},{"data":"AT_ShadowStep","floor":8,"key":"SMITH"},{"data":"REME_CRH","floor":10,"key":"SMITH"},{"floor":15,"key":"RECALL"}],"circlet_count":0,"master_deck":["AscendersBane","AT_FamilyPortrait+1","AT_ShadowStep+1","REME_CRH+1","testmod-Reflect+1"],"relics":["PureWater","Hammer of Thor","Seething Fire","Anvil of the Gods","DaveBox","testmod-TestBox","REME_ComplimentaryCards","AT_ATBox","testmod-ChristmasGift","SynthV:MejaisSoulstealer","SynthV:TestCard","Dota2Spire:PowerTreads","REME_LimitBreaker","PlaceholderMod:DaolothFragment","Toy Ornithopter","PatriotShield","testmod-Déjàvu","Question Card","Bag of Marbles","Membership Card","AT_RabadonDeathcap","infinitespire:Bottled Soul","Mercury Hourglass","Philosopher\u0027s Stone","BrkXgEgg","AT_RedTearstoneRing","War Paint","AT_ForceNature","AT_RedTearstoneRing","Dota2Spire:MonkeyKingBar","infinitespire:BottledMercury","Dota2Spire:Satanic","infinitespire:EmpoweringShard","infinitespire:FocusingShard","Dota2Spire:AghanimScepter","TheAbacus"],"acts_visited":["Exordium","TheCity","TheBeyond","Exordium"],"potions_floor_usage":[13,13,13,13,13,13,13,13,13,13,13,13,13,13,13,13,16,16,16,16,16,16,16,16,16,16,16,16,16,16,16,33,33,33,33,33,33,33,33,33,33,33,33,33,33,33,33,33,33,33,33,33,33,33,33,33,50,50,50,50,50,50,50,50,50,50,50,50,50,50,50,50,50,50],"damage_taken":[{"damage":14,"enemies":"2 Louse","floor":1,"turns":3},{"damage":0,"enemies":"Jaw Worm","floor":2,"turns":1},{"damage":0,"enemies":"Small Slimes","floor":3,"turns":2},{"damage":4,"enemies":"Looter","floor":5,"turns":3},{"damage":0,"enemies":"Lagavulin","floor":7,"turns":3},{"damage":0,"enemies":"Gremlin Nob","floor":11,"turns":2},{"damage":0,"enemies":"2 Fungi Beasts","floor":12,"turns":2},{"damage":0,"enemies":"Lagavulin","floor":13,"turns":3},{"damage":3,"enemies":"Red Slaver","floor":14,"turns":4},{"damage":9,"enemies":"Hexaghost","floor":16,"turns":4},{"damage":0,"enemies":"Shell Parasite","floor":18,"turns":2},{"damage":0,"enemies":"2 Thieves","floor":20,"turns":3},{"damage":0,"enemies":"Gremlin Leader","floor":23,"turns":1},{"damage":0,"enemies":"Snecko","floor":25,"turns":2},{"damage":0,"enemies":"Book of Stabbing","floor":27,"turns":5},{"damage":0,"enemies":"Shelled Parasite and Fungi","floor":29,"turns":2},{"damage":0,"enemies":"Chosen and Byrds","floor":30,"turns":2},{"damage":0,"enemies":"Automaton","floor":33,"turns":7},{"damage":0,"enemies":"Orb Walker","floor":35,"turns":2},{"damage":0,"enemies":"3 Shapes","floor":37,"turns":1},{"damage":0,"enemies":"Maw","floor":38,"turns":1},{"damage":0,"enemies":"Giant Head","floor":41,"turns":1},{"damage":0,"enemies":"Reptomancer","floor":44,"turns":1},{"damage":0,"enemies":"4 Shapes","floor":46,"turns":1},{"damage":0,"enemies":"3 Darklings","floor":47,"turns":1},{"damage":0,"enemies":"Nightmare","floor":48,"turns":5},{"damage":0,"enemies":"Awakened One","floor":50,"turns":5},{"damage":0,"enemies":"2 Louse","floor":52,"turns":1},{"damage":0,"enemies":"Small Slimes","floor":53,"turns":1}],"seed_played":"-8056118577778820993","potions_obtained":[{"floor":2,"key":"Dexterity Potion"},{"floor":3,"key":"ColorlessPotion"},{"floor":7,"key":"AttackPotion"},{"floor":20,"key":"BlessingOfTheForge"},{"floor":25,"key":"Weak Potion"},{"floor":29,"key":"Strength Potion"},{"floor":33,"key":"testmod-SpacePotion"},{"floor":35,"key":"Dexterity Potion"},{"floor":37,"key":"Dota2Spire:HealingSalve"},{"floor":41,"key":"FearPotion"},{"floor":48,"key":"PowerPotion"},{"floor":50,"key":"BlessingOfTheForge"}],"is_trial":false,"path_per_floor":["M","M","M","?","M","R","E","R","T","R","E","M","E","M","R","B",null,"M","?","M","AVR","?","E","?","M","T","E","?","M","M","$","R","B",null,"M","$","M","M","AVR","?","E","?","T","E","R","M","M","NM","R","B",null,"M","M"],"character_chosen":"WATCHER","items_purchased":["Membership Card","AT_RabadonDeathcap","infinitespire:Bottled Soul","Mercury Hourglass","BrkXgEgg","testmod-Reflect+1","Dota2Spire:MonkeyKingBar","infinitespire:BottledMercury","infinitespire:EmpoweringShard","infinitespire:FocusingShard","Dota2Spire:AghanimScepter","TheAbacus"],"campfire_rested":0,"item_purchase_floors":[31,31,31,32,36,36,45,45,49,49,49,49],"current_hp_per_floor":[59,61,64,57,58,58,67,67,67,67,72,72,72,69,69,72,72,72,72,72,72,72,72,72,72,72,47,29,45,56,56,56,72,72,72,72,72,72,72,68,68,68,68,68,68,68,68,68,68,68,68,68,68,68],"gold":1525,"neow_bonus":"REMOVE_CARD","is_daily":false,"chose_seed":false,"campfire_upgraded":3,"win_rate":0.0,"timestamp":1608811500,"path_taken":["M","M","M","?","M","R","E","R","T","R","E","M","E","M","R","BOSS","M","?","M","AVR","?","E","?","M","T","E","?","M","M","?","R","BOSS","M","$","M","M","AVR","?","E","?","T","E","R","?","M","NM","R","BOSS","M","M"],"items_purchased_type":["Relic","Relic","Relic","Relic","Relic","Card","Relic","Relic","Relic","Relic","Relic","Relic"],"build_version":"2020-12-22","purchased_purges":7,"victory":false,"max_hp_per_floor":[72,72,72,72,72,72,72,72,72,72,72,72,72,72,72,72,72,72,72,72,72,72,72,72,72,72,72,72,72,72,72,72,72,72,72,72,72,72,72,68,68,68,68,68,68,68,68,68,68,68,68,68,68,68],"relic_stats":{"TheAbacus":[156],"counters":[29,71],"War Paint":["Defend_P","Defend_P"],"Question Card":18,"obtain_stats":[{"infinitespire:BottledMercury":45,"Dota2Spire:PowerTreads":7,"PatriotShield":17,"AT_ATBox":0,"DaveBox":0,"PlaceholderMod:DaolothFragment":11,"Hammer of Thor":0,"Dota2Spire:Satanic":48,"TheAbacus":49,"infinitespire:Bottled Soul":31,"Philosopher\u0027s Stone":34,"testmod-Déjàvu":23,"testmod-ChristmasGift":0,"AT_ForceNature":43,"AT_RabadonDeathcap":31,"AT_RedTearstoneRing":39,"testmod-TestBox":0,"SynthV:MejaisSoulstealer":0,"BrkXgEgg":36,"infinitespire:FocusingShard":49,"Seething Fire":0,"REME_LimitBreaker":9,"War Paint":41,"Question Card":26,"Mercury Hourglass":32,"Dota2Spire:AghanimScepter":49,"SynthV:TestCard":1,"Anvil of the Gods":0,"Bag of Marbles":27,"infinitespire:EmpoweringShard":49,"Membership Card":31,"PureWater":0,"Dota2Spire:MonkeyKingBar":45,"Toy Ornithopter":13,"REME_ComplimentaryCards":0},{"infinitespire:BottledMercury":23,"Dota2Spire:PowerTreads":5,"PatriotShield":10,"AT_ATBox":0,"DaveBox":0,"PlaceholderMod:DaolothFragment":6,"Hammer of Thor":0,"Dota2Spire:Satanic":26,"TheAbacus":26,"infinitespire:Bottled Soul":17,"Philosopher\u0027s Stone":18,"testmod-Déjàvu":13,"testmod-ChristmasGift":0,"AT_ForceNature":22,"AT_RabadonDeathcap":17,"AT_RedTearstoneRing":21,"testmod-TestBox":0,"SynthV:MejaisSoulstealer":0,"BrkXgEgg":19,"infinitespire:FocusingShard":26,"Seething Fire":0,"REME_LimitBreaker":5,"War Paint":22,"Question Card":14,"Mercury Hourglass":17,"Dota2Spire:AghanimScepter":26,"SynthV:TestCard":1,"Anvil of the Gods":0,"Bag of Marbles":15,"infinitespire:EmpoweringShard":26,"Membership Card":17,"PureWater":0,"Dota2Spire:MonkeyKingBar":23,"Toy Ornithopter":8,"REME_ComplimentaryCards":0},{"infinitespire:BottledMercury":57,"Dota2Spire:PowerTreads":12,"PatriotShield":27,"AT_ATBox":0,"DaveBox":0,"PlaceholderMod:DaolothFragment":14,"Hammer of Thor":0,"Dota2Spire:Satanic":64,"TheAbacus":64,"infinitespire:Bottled Soul":44,"Philosopher\u0027s Stone":51,"testmod-Déjàvu":33,"testmod-ChristmasGift":0,"AT_ForceNature":56,"AT_RabadonDeathcap":44,"AT_RedTearstoneRing":55,"testmod-TestBox":0,"SynthV:MejaisSoulstealer":0,"BrkXgEgg":53,"infinitespire:FocusingShard":64,"Seething Fire":0,"REME_LimitBreaker":12,"War Paint":56,"Question Card":35,"Mercury Hourglass":44,"Dota2Spire:AghanimScepter":64,"SynthV:TestCard":3,"Anvil of the Gods":0,"Bag of Marbles":40,"infinitespire:EmpoweringShard":64,"Membership Card":44,"PureWater":0,"Dota2Spire:MonkeyKingBar":57,"Toy Ornithopter":19,"REME_ComplimentaryCards":0}],"Toy Ornithopter":6,"Mercury Hourglass":[142]},"card_choices":[{"not_picked":["Fasting2","CrushJoints","TalkToTheHand"],"picked":"SKIP","floor":1},{"not_picked":["Nirvana","Prostrate","CutThroughFate","BowlingBash","MarkedMod:GentlePulse"],"picked":"SKIP","floor":2},{"not_picked":["CrushJoints","Fasting2","BowlingBash","WheelKick","Crescendo"],"picked":"SKIP","floor":3},{"not_picked":["Adaptation","Halt","Evaluate","ThirdEye","REME_Repentance"],"picked":"SKIP","floor":5},{"not_picked":["MostiFishMod:FlowState","Study","Tantrum","MarkedMod:FirstStrike"],"picked":"REME_CRH","floor":7},{"not_picked":["Halt","MarkedMod:OneThousandNeedles","Omniscience","MostiFishMod:LegendTransform","MostiFishMod:Speedup"],"picked":"SKIP","floor":11},{"not_picked":["EmptyBody","MarkedMod:Acupuncture","MarkedMod:GentlePulse","Protect","SashWhip"],"picked":"SKIP","floor":12},{"not_picked":["AT_SoftenMuscles","Establishment","Evaluate","ThirdEye","AT_OneInchPunch"],"picked":"SKIP","floor":13},{"not_picked":["FollowUp","EmptyFist","LikeWater","MarkedMod:OneThousandNeedles","Crescendo","MostiFishMod:PathToVictory"],"picked":"SKIP","floor":14},{"not_picked":["AT_RealFormLess","PathToVictory+1","Perseverance","FlyingSleeves+1","EmptyFist","MarkedMod:FirstStrike"],"picked":"SKIP","floor":18},{"not_picked":["CrushJoints+1","MostiFishMod:Clarity","Halt","FlurryOfBlows","Study"],"picked":"SKIP","floor":20},{"not_picked":["EmptyFist","MostiFishMod:Disappear","Crescendo","MostiFishMod:LegendTransform","Prostrate+1"],"picked":"SKIP","floor":23},{"not_picked":["CrushJoints+1","FlurryOfBlows","Adaptation","JustLucky","DeceiveReality"],"picked":"SKIP","floor":25},{"not_picked":["MarkedMod:GentlePulse","EmptyBody","Prostrate","ClearTheMind","MarkedMod:OneThousandNeedles+1","MarkedMod:FirstStrike+1"],"picked":"SKIP","floor":27},{"not_picked":["EmptyFist","Nirvana+1","Prostrate","JustLucky","TalkToTheHand","CarveReality"],"picked":"SKIP","floor":29},{"not_picked":["Protect","Evaluate","MarkedMod:GentlePulse","SashWhip","Meditate","AT_RealColorLess"],"picked":"SKIP","floor":30},{"not_picked":["EmptyBody+1","MarkedMod:PinPointDefense+1","Protect","CrushJoints","ClearTheMind+1","AT_DivineConfetti"],"picked":"SKIP","floor":35},{"not_picked":["Evaluate+1","SignatureMove+1","AT_ChampionStep","FearNoEvil+1","EmptyFist+1","BowlingBash+1"],"picked":"SKIP","floor":37},{"not_picked":["MostiFishMod:StarWish+1","Wireheading+1","AT_RealFormLess","MarkedMod:PinPointDefense","InnerPeace","Crescendo"],"picked":"SKIP","floor":38},{"not_picked":["Crescendo","Adaptation","EmptyFist","MarkedMod:GentlePulse","MarkedMod:FirstStrike","Devotion+1"],"picked":"SKIP","floor":41},{"not_picked":["WindmillStrike+1","MarkedMod:Acupuncture+1","Study","REME_MusicOfDeath+1","Consecrate","CrushJoints+1"],"picked":"SKIP","floor":44},{"not_picked":["MarkedMod:OneThousandNeedles+1","EmptyFist","CarveReality","Worship+1","BowlingBash+1","EmptyBody"],"picked":"SKIP","floor":46},{"not_picked":["PathToVictory+1","Consecrate+1","EmptyFist","Protect","CutThroughFate","Wireheading+1"],"picked":"SKIP","floor":47},{"not_picked":["REME_Repentance+1","Protect+1","MarkedMod:GentlePulse","JustLucky","MasterReality+1","ThirdEye"],"picked":"SKIP","floor":48},{"not_picked":["MostiFishMod:Clarity","InnerPeace","REME_MusicOfDeath","FollowUp","MarkedMod:FirstStrike","Adaptation"],"picked":"SKIP","floor":52},{"not_picked":["REME_Repentance","Nirvana","Conclude","BowlingBash","ClearTheMind","Crescendo"],"picked":"SKIP","floor":53}],"player_experience":35343,"relics_obtained":[{"floor":1,"key":"SynthV:TestCard"},{"floor":7,"key":"Dota2Spire:PowerTreads"},{"floor":9,"key":"REME_LimitBreaker"},{"floor":11,"key":"PlaceholderMod:DaolothFragment"},{"floor":13,"key":"Toy Ornithopter"},{"floor":23,"key":"testmod-Déjàvu"},{"floor":26,"key":"Question Card"},{"floor":27,"key":"Bag of Marbles"},{"floor":41,"key":"War Paint"},{"floor":43,"key":"AT_ForceNature"},{"floor":44,"key":"AT_RedTearstoneRing"},{"floor":48,"key":"Dota2Spire:Satanic"}],"event_choices":[{"cards_removed":["Vigilance"],"damage_healed":0,"gold_gain":0,"player_choice":"Card Removal","damage_taken":7,"max_hp_gain":0,"max_hp_loss":0,"event_name":"Golden Wing","floor":4,"gold_loss":0},{"damage_healed":0,"gold_gain":0,"player_choice":"Ignored","damage_taken":0,"max_hp_gain":0,"max_hp_loss":0,"event_name":"给自己的盒子","floor":19,"gold_loss":0},{"cards_removed":["Strike_P"],"damage_healed":0,"gold_gain":0,"player_choice":"Elegance","damage_taken":0,"max_hp_gain":0,"max_hp_loss":0,"event_name":"Back to Basics","floor":22,"gold_loss":0},{"damage_healed":0,"gold_gain":0,"player_choice":"Ignored","damage_taken":0,"max_hp_gain":0,"max_hp_loss":0,"event_name":"Vampires","floor":24,"gold_loss":0},{"damage_healed":0,"gold_gain":0,"player_choice":"Max HP","damage_taken":0,"max_hp_gain":0,"max_hp_loss":4,"event_name":"Winding Halls","floor":40,"gold_loss":0},{"damage_healed":0,"gold_gain":300,"player_choice":"Gold","damage_taken":0,"max_hp_gain":0,"max_hp_loss":0,"event_name":"Wheel of Change","floor":42,"gold_loss":0}],"is_beta":false,"boss_relics":[{"not_picked":["testmod-CardMagician","EE1DDrone"],"picked":"PatriotShield"},{"not_picked":["OneHitWonderSystem","REME_DuelDisc"],"picked":"Philosopher\u0027s Stone"},{"not_picked":["xbg","BloodWine","testmod-KeyOfTheVoid"]}],"items_purged_floors":[21,31,32,36,39,45,49],"is_endless":true,"potions_floor_spawned":[2,3,7,11,12,20,25,29,33,35,37,41,48,50],"killed_by":"Small Slimes","ascension_level":10}}