{"host":"qvl114e0jmbc6yhm","time":1608775592,"event":{"mods":["Act Like it!","BaseMod","Hermit","Highlight Path","Hubris","Jedi Mod","Marisa????????","Minty Spire (QoL Compilation)","Permanent Neow","Random Character Button","Relic Sorter","Relic Stats","Replay The Spire","Shop Mod","Spicy Shops","StSLib","The Jungle","The Runesmith"],"gold_per_floor":[113,113,113,128,128,128,160,172,172,185,185,216,235,252,252,325,325,341,391,407,425,16,16,16,49,72,88,88,88,103,153,153,230,230,245,261,17,34,51,78,78,106,106,136,11,11,25,73,73,73],"floor_reached":51,"playtime":2388,"items_purged":["Strike_G","Strike_G","Strike_G"],"score":1439,"play_id":"ae95f259-8d6a-4cf8-87a1-bf220530cad6","local_time":"20201223210632","is_ascension_mode":true,"campfire_choices":[{"data":"Neutralize","floor":6.0,"key":"SMITH"},{"floor":11.0,"key":"REST"},{"data":"jedi:poisonivy","floor":15.0,"key":"SMITH"},{"floor":23.0,"key":"REST"},{"floor":29,"key":"REST"},{"data":"Footwork","floor":32,"key":"SMITH"},{"data":"Terror","floor":46,"key":"SMITH"},{"floor":49,"key":"REST"}],"circlet_count":0,"master_deck":["AscendersBane","Strike_G","Strike_G","Defend_G","Defend_G","Defend_G","Defend_G","Defend_G","Survivor","Neutralize+1","Sadistic Nature","Dagger Throw+1","Neutralize","jedi:poisonivy+1","Terror+1","Poisoned Stab","Deadly Poison+1","Deflect+1","PiercingWail+1","Night Terror+1","Finisher","Prepared+1","jedi:pocketpoison+1","Footwork","Footwork+1","Burst+1","Blade Dance+1","jedi:pocketpoison+1","Corpse Explosion+1","Cloak And Dagger+1","Catalyst+1","Bouncing Flask+1"],"relics":["Ring of the Snake","Centennial Puzzle","Orichalcum","Happy Flower","Toxic Egg 2","Snake Skull","hubris:ScarierMask","hubris:SphereOfDissonance","TwistedFunnel","theJungle:WildStrawberry","Anchor","Toy Ornithopter","Sozu","Oddly Smooth Stone","Gremlin Food","jedi:rubbersling","jedi:heavyjacket","Kunai","jedi:arcanewood"],"acts_visited":["Exordium","theJungle:Jungle","TheBeyond"],"potions_floor_usage":[25,30],"damage_taken":[{"damage":0.0,"enemies":"2 Louse","floor":1.0,"turns":3.0},{"damage":0.0,"enemies":"Small Slimes","floor":4.0,"turns":3.0},{"damage":25.0,"enemies":"3 Sentries","floor":7.0,"turns":12.0},{"damage":0.0,"enemies":"Cultist","floor":8.0,"turns":4.0},{"damage":13.0,"enemies":"Exordium Wildlife","floor":10.0,"turns":5.0},{"damage":0.0,"enemies":"Gremlin Nob","floor":12.0,"turns":3.0},{"damage":5.0,"enemies":"2 Fungi Beasts","floor":13.0,"turns":3.0},{"damage":0.0,"enemies":"Red Slaver","floor":14.0,"turns":3.0},{"damage":2.0,"enemies":"Hexaghost","floor":16.0,"turns":8.0},{"damage":0.0,"enemies":"theJungle:GiantWrat","floor":18.0,"turns":4.0},{"damage":0.0,"enemies":"theJungle:MUSHROOMGANG","floor":20.0,"turns":5.0},{"damage":5.0,"enemies":"theJungle:2_Flameangoes","floor":21.0,"turns":4.0},{"damage":18,"enemies":"theJungle:MamaSnecko","floor":25,"turns":5},{"damage":0,"enemies":"theJungle:Snecko_Cultist_And_Trap","floor":27,"turns":5},{"damage":0,"enemies":"theJungle:JungleHuntersEncounter","floor":30,"turns":3},{"damage":0,"enemies":"theJungle:QueenSpyder","floor":33,"turns":13},{"damage":0,"enemies":"3 Darklings","floor":35,"turns":2},{"damage":0,"enemies":"Orb Walker","floor":36,"turns":3},{"damage":0,"enemies":"Sphere and 2 Shapes","floor":38,"turns":2},{"damage":3,"enemies":"Maw","floor":39,"turns":6},{"damage":20,"enemies":"Giant Head","floor":40,"turns":8},{"damage":8,"enemies":"Reptomancer","floor":42,"turns":6},{"damage":0,"enemies":"Nemesis","floor":44,"turns":3},{"damage":0,"enemies":"Writhing Mass","floor":47,"turns":3},{"damage":4,"enemies":"hubris:GrandSnecko","floor":50,"turns":8}],"seed_played":"8958177172681537884","potions_obtained":[{"floor":4.0,"key":"Block Potion"},{"floor":8.0,"key":"FairyPotion"},{"floor":16.0,"key":"LifebloodPotion"},{"floor":20.0,"key":"DuplicationPotion"},{"floor":27,"key":"jedi:mysterypotion"}],"is_trial":false,"path_per_floor":["M","?","?","M","T","R","E","M","T","M","R","E","M","M","R","B",null,"M","?","M","M","$","R","?","E","T","M","?","R","M","?","R","B",null,"M","M","$","M","M","E","?","E","T","E","$","R","M","T","R","B",null],"character_chosen":"THE_SILENT","items_purchased":["Footwork","TwistedFunnel","Oddly Smooth Stone"],"campfire_rested":4,"item_purchase_floors":[22,22,37],"current_hp_per_floor":[59,56,56,56,56,56,31,31,31,18,36,36,31,31,31,29,52,52,28,28,23,23,41,34,16,16,16,16,36,41,32,32,32,58,58,58,58,58,55,35,35,27,27,27,27,27,27,27,47,43],"gold":73,"neow_bonus":"RANDOM_COLORLESS_2","is_daily":false,"chose_seed":false,"campfire_upgraded":4,"win_rate":0.0,"timestamp":1608775592,"path_taken":["M","?","?","?","?","R","E","M","T","M","R","E","M","M","R","BOSS","M","?","M","?","$","R","?","E","T","M","?","R","M","?","R","BOSS","M","M","$","M","?","E","?","E","T","E","$","R","M","?","R","BOSS"],"items_purchased_type":["Card","Relic","Relic"],"build_version":"2020-12-22","purchased_purges":3,"victory":true,"max_hp_per_floor":[60,60,60,60,60,60,60,60,60,60,60,60,60,60,60,60,60,60,60,60,60,60,60,67,67,67,67,67,67,67,67,67,67,67,67,67,67,67,67,67,67,67,67,67,67,67,67,67,67,67],"relic_stats":{"Sozu":4,"Centennial Puzzle":[30],"Happy Flower":[35],"counters":[25,124],"Snake Skull":[89],"Kunai":[6],"Orichalcum":[168],"obtain_stats":[{"TwistedFunnel":22,"Gremlin Food":40,"Happy Flower":7,"hubris:SphereOfDissonance":19,"Oddly Smooth Stone":37,"Snake Skull":12,"Orichalcum":5,"Sozu":34,"jedi:heavyjacket":43,"Centennial Puzzle":2,"Anchor":25,"jedi:rubbersling":42,"hubris:ScarierMask":17,"theJungle:WildStrawberry":24,"Kunai":44,"Toxic Egg 2":9,"jedi:arcanewood":48,"Toy Ornithopter":26,"Ring of the Snake":0},{"TwistedFunnel":12,"Gremlin Food":21,"Happy Flower":3,"hubris:SphereOfDissonance":10,"Oddly Smooth Stone":18,"Snake Skull":6,"Orichalcum":2,"Sozu":16,"jedi:heavyjacket":22,"Centennial Puzzle":1,"Anchor":13,"jedi:rubbersling":22,"hubris:ScarierMask":9,"theJungle:WildStrawberry":12,"Kunai":23,"Toxic Egg 2":4,"jedi:arcanewood":24,"Toy Ornithopter":13,"Ring of the Snake":0},{"TwistedFunnel":57,"Gremlin Food":104,"Happy Flower":18,"hubris:SphereOfDissonance":48,"Oddly Smooth Stone":88,"Snake Skull":30,"Orichalcum":6,"Sozu":83,"jedi:heavyjacket":110,"Centennial Puzzle":3,"Anchor":62,"jedi:rubbersling":110,"hubris:ScarierMask":44,"theJungle:WildStrawberry":57,"Kunai":113,"Toxic Egg 2":22,"jedi:arcanewood":116,"Toy Ornithopter":62,"Ring of the Snake":0}],"Toy Ornithopter":5,"Ring of the Snake":[50]},"card_choices":[{"not_picked":["ReplayTheSpireMod:Necrogeddon","Poisoned Strike"],"picked":"Sadistic Nature","floor":0.0},{"not_picked":["Escape Plan","PiercingWail"],"picked":"Dagger Throw","floor":1.0},{"not_picked":["Calculated Gamble","Deflect"],"picked":"jedi:poisonivy","floor":4.0},{"not_picked":["Eviscerate","Flying Knee"],"picked":"Terror","floor":7.0},{"not_picked":["Hidden Blade","Blur","Deflect"],"picked":"SKIP","floor":8.0},{"not_picked":["Bane","Cloak And Dagger+1"],"picked":"Poisoned Stab","floor":10.0},{"not_picked":["Die Die Die","Hidden Blade+1"],"picked":"Deadly Poison+1","floor":12.0},{"not_picked":["Dagger Spray","Dagger Throw"],"picked":"Deflect+1","floor":13.0},{"not_picked":["Hidden Blade+1","Quick Slash"],"picked":"PiercingWail+1","floor":14.0},{"not_picked":["A Thousand Cuts","Unload"],"picked":"Night Terror+1","floor":16.0},{"not_picked":["jedi:acidrain+1","Dash"],"picked":"Finisher","floor":18.0},{"not_picked":["Quick Slash","PiercingWail+1"],"picked":"Prepared+1","floor":19.0},{"not_picked":["Caltrops","Expertise+1","Backstab"],"picked":"SKIP","floor":20.0},{"not_picked":["Prepared+1","hubris:SlightOfHand+1"],"picked":"jedi:pocketpoison+1","floor":21.0},{"not_picked":["Quick Slash","Bane"],"picked":"Burst+1","floor":25},{"not_picked":["Sneak Up+1","ReplayTheSpireMod:Shiv Toss+1"],"picked":"Blade Dance+1","floor":27},{"not_picked":["Deflect+1","Heel Hook"],"picked":"jedi:pocketpoison+1","floor":30},{"not_picked":["Grand Finale","ReplayTheSpireMod:From All Sides"],"picked":"Corpse Explosion+1","floor":33},{"not_picked":["Outmaneuver+1","Slice+1"],"picked":"Cloak And Dagger+1","floor":35},{"not_picked":["Blade Dance+1","Outmaneuver+1","Endless Agony"],"picked":"SKIP","floor":36},{"not_picked":["Finisher","Prepared+1","Toxin Wave+1"],"picked":"SKIP","floor":38},{"not_picked":["ReplayTheSpireMod:Scrap Shanks","Bane","Replay:Bag of Tricks+1"],"picked":"SKIP","floor":39},{"not_picked":["ReplayTheSpireMod:Shiv Toss+1","Bane","hubris:Counter+1"],"picked":"SKIP","floor":40},{"not_picked":["Cloak And Dagger+1","Underhanded Strike+1"],"picked":"Catalyst+1","floor":42},{"not_picked":["Tactician+1","Quick Slash","Blade Dance+1"],"picked":"SKIP","floor":44},{"not_picked":["Tactician+1","Quick Slash","Blade Dance+1"],"picked":"SKIP","floor":44},{"not_picked":["Dodge and Roll+1","Dagger Throw+1"],"picked":"Bouncing Flask+1","floor":47}],"player_experience":2387715,"relics_obtained":[{"floor":5.0,"key":"Orichalcum"},{"floor":7.0,"key":"Happy Flower"},{"floor":9.0,"key":"Toxic Egg 2"},{"floor":12.0,"key":"Snake Skull"},{"floor":19.0,"key":"hubris:SphereOfDissonance"},{"floor":25,"key":"Anchor"},{"floor":26,"key":"Toy Ornithopter"},{"floor":40,"key":"Gremlin Food"},{"floor":42,"key":"jedi:rubbersling"},{"floor":43,"key":"jedi:heavyjacket"},{"floor":44,"key":"Kunai"},{"floor":48,"key":"jedi:arcanewood"}],"event_choices":[{"damage_healed":0.0,"max_hp_gain":0.0,"max_hp_loss":0.0,"gold_gain":0.0,"event_name":"Scrap Ooze","player_choice":"Success","floor":2.0,"gold_loss":0.0,"damage_taken":3.0,"relics_obtained":["Centennial Puzzle"]},{"damage_healed":0.0,"max_hp_gain":0.0,"max_hp_loss":0.0,"gold_gain":0.0,"event_name":"Match and Keep!","player_choice":"1 cards matched","floor":3.0,"gold_loss":0.0,"damage_taken":0.0,"cards_obtained":["Neutralize"]},{"damage_healed":0,"gold_gain":0,"player_choice":"Ignored","damage_taken":0,"max_hp_gain":0,"max_hp_loss":0,"event_name":"Mysterious Sphere","floor":41,"gold_loss":0}],"is_beta":false,"boss_relics":[{"not_picked":["Ring of Chaos","hubris:VirtuousBlindfold"],"picked":"hubris:ScarierMask"},{"not_picked":["Ring of the Serpent","ChewingGum"],"picked":"Sozu"}],"items_purged_floors":[22,37,45],"is_endless":false,"potions_floor_spawned":[4,8,12,16,20,27,35,38,40,44],"ascension_level":14}}