{"host":"b0ld7eylq5gzg1l4","time":1608790713,"event":{"mods":["2.2 Compatiblity","BaseMod","Downfall","Hermit","Key Reminder","Minty Spire (QoL Compilation)","Permanent Neow","Shade Mod","StSLib","The Accelerator","The Clintock","The Construct","The Cursed","The Disciple","The Runesmith"],"gold_per_floor":[0,14,31,31,49,49,49,81,181,181,195,45,73,91,108,210,210,210,227,244,344,344,344],"floor_reached":21,"playtime":1659,"items_purged":[],"score":229,"play_id":"e71302b3-42e5-4375-b416-f0f1b8138ac0","local_time":"20201224011833","is_ascension_mode":true,"campfire_choices":[{"floor":1,"key":"RECALL"},{"data":"1","floor":12,"key":"LIFT"},{"data":"2","floor":18,"key":"LIFT"}],"circlet_count":0,"master_deck":["hexamod:Strike+1","hexamod:Defend","hexamod:Defend+1","hexamod:Defend+1","hexamod:Defend+1","hexamod:Sear","hexamod:Float+1","hexamod:SixthSeal","hexamod:SoulSteal+1","hexamod:HeatCrush","hexamod:BurningTouch","hexamod:SoulSteal+1","hexamod:SpectralSpark+1","hexamod:SuperheatedStrike","hexamod:SearingWound+1","hexamod:Toasty","hexamod:SpectralAdrenaline+1","hexamod:FlamesFromBeyond","hexamod:SpectralAdrenaline","hexamod:SearingWound","CurseOfTheBell","hexamod:SpectralSpark+1","hexamod:FastForward+1","hexamod:HeatShield+1"],"relics":["hexamod:SpiritBrand","keyreminder:keyreminder","Prayer Wheel","hexamod:InflammatoryLetter","Girya","downfall:HeartBlessingGreen","downfall:HeartBlessingRed","Bag of Preparation","Calling Bell","MealTicket","InkBottle","Calipers","MutagenicStrength"],"acts_visited":["Exordium","TheCity"],"potions_floor_usage":[8],"damage_taken":[{"damage":7,"enemies":"Jaw Worm","floor":2,"turns":4},{"damage":0,"enemies":"Small Slimes","floor":3,"turns":3},{"damage":0,"enemies":"2 Louse","floor":5,"turns":4},{"damage":18,"enemies":"3 Sentries","floor":8,"turns":5},{"damage":30,"enemies":"downfall:Heads","floor":9,"turns":4},{"damage":12,"enemies":"Large Slime","floor":11,"turns":3},{"damage":15,"enemies":"Gremlin Nob","floor":13,"turns":3},{"damage":2,"enemies":"Red Slaver","floor":14,"turns":3},{"damage":8,"enemies":"Blue Slaver","floor":15,"turns":3},{"damage":13,"enemies":"downfall:Defect","floor":16,"turns":4},{"damage":5,"enemies":"Spheric Guardian","floor":19,"turns":4},{"damage":20,"enemies":"Shell Parasite","floor":20,"turns":3},{"damage":43,"enemies":"downfall:Augmenter","floor":21,"turns":6}],"seed_played":"-2157539582981506898","potions_obtained":[{"floor":2,"key":"SkillPotion"},{"floor":11,"key":"Explosive Potion"},{"floor":13,"key":"BlessingOfTheForge"},{"floor":14,"key":"sneckomod:MuddlingPotion"},{"floor":15,"key":"ColorlessPotion"}],"is_trial":false,"path_per_floor":["R","M","M","?","M","?","T","E","?","?","M","R","E","M","M","B",null,"R","M","M","?"],"character_chosen":"THE_SPIRIT","items_purchased":[],"campfire_rested":0,"item_purchase_floors":[],"current_hp_per_floor":[70,63,63,60,60,60,60,42,12,80,68,68,53,51,43,30,80,80,75,55,12,12,12],"gold":344,"neow_bonus":"THREE_RARE_CARDS","is_daily":false,"chose_seed":false,"campfire_upgraded":0,"win_rate":0.0,"timestamp":1608790713,"path_taken":["R","M","M","?","M","?","T","E","?","?","M","R","E","?","M","BOSS","R","M","M","?"],"items_purchased_type":[],"build_version":"2020-12-22","purchased_purges":0,"victory":false,"max_hp_per_floor":[70,70,70,70,70,70,70,70,70,80,80,80,80,80,80,80,80,80,80,80,80,80,80],"card_choices":[{"not_picked":["hexamod:ApocalypseNow","hexamod:VolcanoVisage"],"picked":"hexamod:SixthSeal","floor":0},{"not_picked":["hexamod:BacktrackSmack","hexamod:NightmareStrike"],"picked":"hexamod:SoulSteal","floor":2},{"not_picked":["hexamod:Firestarter","hexamod:FourthSeal"],"picked":"hexamod:HeatCrush","floor":3},{"not_picked":["hexamod:NightmareGuise","hexamod:ShieldOfDarkness"],"picked":"hexamod:BurningTouch","floor":5},{"not_picked":["hexamod:SpectersWail","hexamod:SwordOfDarkness"],"picked":"hexamod:SoulSteal","floor":5},{"not_picked":["hexamod:BurningTouch","hexamod:BacktrackSmack"],"picked":"hexamod:TimeWarp","floor":8},{"not_picked":["hexamod:AdvancingGuard","hexamod:SpectersWail"],"picked":"hexamod:SpectralSpark","floor":9},{"not_picked":["hexamod:NightmareStrike","hexamod:GhostOfSpireFuture"],"picked":"hexamod:SearingWound","floor":11},{"not_picked":["hexamod:ShieldOfDarkness","hexamod:InspiringFlames","hexamod:GhostOfSpireFuture"],"picked":"SKIP","floor":11},{"not_picked":["hexamod:Firestarter","hexamod:FastForward"],"picked":"hexamod:Toasty","floor":13},{"not_picked":["hexamod:ShieldOfDarkness","hexamod:GhostShield"],"picked":"hexamod:SpectralAdrenaline","floor":14},{"not_picked":["hexamod:AdvancingGuard","hexamod:InspiringFlames"],"picked":"hexamod:FlamesFromBeyond","floor":14},{"not_picked":["hexamod:Firestarter","hexamod:HauntingEcho"],"picked":"hexamod:SpectralAdrenaline","floor":15},{"not_picked":["hexamod:GhostShield","hexamod:ThermalTransfer","hexamod:HauntingEcho"],"picked":"SKIP","floor":15},{"not_picked":["hexamod:TurnItUp","hexamod:ApocalypticArmor"],"picked":"hexamod:SearingWound","floor":16},{"not_picked":["hexamod:NightmareGuise","hexamod:HeatCrush"],"picked":"hexamod:SpectralSpark","floor":19},{"not_picked":["hexamod:Haunt","hexamod:GhostShield+1"],"picked":"hexamod:FastForward+1","floor":19},{"not_picked":["hexamod:ShieldOfDarkness","hexamod:BacktrackSmack"],"picked":"hexamod:HeatShield+1","floor":20},{"not_picked":["hexamod:BacktrackSmack","hexamod:GhostLash","hexamod:SwordOfDarkness"],"picked":"SKIP","floor":20}],"player_experience":741605,"relics_obtained":[{"floor":7,"key":"hexamod:InflammatoryLetter"},{"floor":8,"key":"Girya"},{"floor":13,"key":"Bag of Preparation"},{"floor":17,"key":"MealTicket"},{"floor":17,"key":"InkBottle"},{"floor":17,"key":"Calipers"},{"floor":21,"key":"MutagenicStrength"}],"event_choices":[{"damage_healed":0,"gold_gain":0,"player_choice":"Success","damage_taken":3,"relics_obtained":["Prayer Wheel"],"max_hp_gain":0,"max_hp_loss":0,"event_name":"Scrap Ooze","floor":4,"gold_loss":0},{"cards_removed":["hexamod:TimeWarp"],"damage_healed":58,"gold_gain":0,"player_choice":"Offered Rare","damage_taken":0,"max_hp_gain":10,"max_hp_loss":0,"event_name":"Bonfire Elementals","floor":10,"gold_loss":0}],"is_beta":false,"boss_relics":[{"not_picked":["construct:ClawGrip","SacredBark"],"picked":"Calling Bell"}],"items_purged_floors":[],"is_endless":false,"potions_floor_spawned":[2,11,13,14,15],"killed_by":"downfall:Augmenter","ascension_level":4}}