{"host":"17xjy7b7ubl548g2","time":1608844797,"event":{"mods":["2.2 Compatiblity","Act Like it!","Aspiration","Astrologer","Bard","BaseMod","Bestiary","Challenge The Spire","ChefMod","Colored Map","Conspire","Elementarium","Energized Spire","GifTheSpireLib","Halation","Hallownest","Hermit","Hubris","Infinite Spire","Jedi Mod","Jorbs\u0027s Wanderer Trilogy","Marisa（霧雨　魔理沙）","Marked Mod","Minty Spire (QoL Compilation)","Pale of the Ancients","Permanent Neow","Puzzle Mod","Replay The Spire","Robot Space Explorer","Spicy Shops","StSLib","Stuff the Spire","The Blue Laboratory","The Bug Knight","The Construct","The Disciple","The Hayseed","The Hierophant","The Runesmith","The Sage"],"gold_per_floor":[119,134,134,153,68,68,68,93,143,143,160,175,175,186,186,260,260,275,286,286,300,300,300,326,326,326,339,354,366,399,415,415,491,491,510,510,29,87,87,87],"floor_reached":39,"playtime":2885,"items_purged":["Strike_P"],"score":811,"play_id":"c461f716-519d-40b4-923b-b9670f1137cc","local_time":"20201224161957","is_ascension_mode":true,"campfire_choices":[{"data":"Eruption","floor":6,"key":"SMITH"},{"data":"TalkToTheHand","floor":10,"key":"SMITH"},{"data":"Conclude","floor":13,"key":"SMITH"},{"data":"Vigilance","floor":15,"key":"SMITH"},{"data":"Establishment","floor":23,"key":"SMITH"},{"data":"Perseverance","floor":25,"key":"SMITH"},{"data":"Ragnarok","floor":32,"key":"SMITH"}],"circlet_count":1,"master_deck":["AscendersBane","Strike_P","Strike_P","Strike_P+1","Defend_P","Defend_P","Defend_P","Defend_P","Eruption+1","Vigilance+1","Brilliance","Halt","Conclude+1","Perseverance+1","TalkToTheHand+1","Consecrate","Prostrate+1","CarveReality+1","Establishment+1","Meditate+1","FlyingSleeves","Consecrate+1","EmptyBody+1","Ragnarok+1","Halt+1","FlurryOfBlows","Replay:AllIn","BowlingBash","BattleHymn","Pain","Study+1"],"relics":["PureWater","Hallownest:DreamNailRelic","Circlet","StuffTheSpire:Experiment12","Simple Rune","halation:HeavySnake","halation:PinkSoulGem","TeardropLocket","hubris:ToyBattleship","Strawberry","Bronze Scales","Busted Crown","Membership Card","Damaru","StuffTheSpire:CocoNut","infinitespire:Beetle Shell"],"acts_visited":["Exordium","Hallownest:Greenpath","Hallownest:CityofTears"],"potions_floor_usage":[12,14,16,21,21,24,28,30],"damage_taken":[{"damage":9,"enemies":"Hallownest:2_Baldur","floor":1,"turns":2},{"damage":2,"enemies":"Hallownest:monsterHuskGuard","floor":2,"turns":3},{"damage":1,"enemies":"Hallownest:2_Tiktiks_and_1_Crawlid","floor":4,"turns":3},{"damage":0,"enemies":"Hallownest:eliteMossKnight","floor":8,"turns":6},{"damage":0,"enemies":"Hallownest:monsterMossCharger","floor":11,"turns":1},{"damage":0,"enemies":"Hallownest:MossCreep_and_Mosskin","floor":12,"turns":3},{"damage":0,"enemies":"Hallownest:monsterAspidMother","floor":14,"turns":1},{"damage":26,"enemies":"Hallownest:BossBrokenVessel","floor":16,"turns":7},{"damage":0,"enemies":"Hallownest:2_Mistakes","floor":18,"turns":4},{"damage":1,"enemies":"Hallownest:Flukemon_and_Top","floor":19,"turns":4},{"damage":8,"enemies":"Hallownest:Master_and_Novice","floor":21,"turns":3},{"damage":0,"enemies":"Hallownest:Nosk","floor":24,"turns":8},{"damage":2,"enemies":"Hallownest:monsterShrumalOgre","floor":27,"turns":3},{"damage":11,"enemies":"Hallownest:3_Mistakes","floor":28,"turns":3},{"damage":0,"enemies":"Hallownest:2_Husk_Sentries","floor":29,"turns":2},{"damage":26,"enemies":"Nightmare","floor":30,"turns":5},{"damage":6,"enemies":"Hallownest:Master_and_Novice","floor":31,"turns":4},{"damage":2,"enemies":"Hallownest:BossGrimm","floor":33,"turns":7},{"damage":46,"enemies":"Hallownest:3_Siblings","floor":35,"turns":5},{"damage":0,"enemies":"Hallownest:2_Littles","floor":39,"turns":1}],"seed_played":"-7521744505467192695","potions_obtained":[{"floor":8,"key":"DistilledChaos"},{"floor":11,"key":"LiquidMemories"},{"floor":12,"key":"SneckoOil"},{"floor":14,"key":"blueLaboratory:BottleOfRum"},{"floor":16,"key":"blueLaboratory:PolymorphPotion"},{"floor":19,"key":"construct:ShiftPotion"},{"floor":21,"key":"DuplicationPotion"},{"floor":27,"key":"blueLaboratory:RecallPotion"},{"floor":29,"key":"blueLaboratory:BottleOfRum"},{"floor":38,"key":"Strength Potion"}],"is_trial":false,"path_per_floor":["M","M","?","M","$","R","?","E","T","R","M","M","R","M","R","B",null,"M","M","?","M","?","R","E","R","T","M","M","M","NM","M","R","B",null,"M","?","$","?","M"],"character_chosen":"WATCHER","items_purchased":["TalkToTheHand","Membership Card","Damaru","StuffTheSpire:CocoNut","BattleHymn"],"campfire_rested":0,"item_purchase_floors":[5,37,37,37,37],"current_hp_per_floor":[52,50,50,49,49,49,49,49,49,49,49,49,49,49,49,23,57,57,56,56,48,48,48,48,48,55,53,42,42,16,10,10,8,58,12,12,19,19,19,19],"gold":87,"neow_bonus":"ONE_RANDOM_RARE_CARD","is_daily":false,"chose_seed":false,"campfire_upgraded":7,"win_rate":0.0,"timestamp":1608844797,"path_taken":["M","M","?","?","$","R","?","E","T","R","M","M","R","M","R","BOSS","M","M","?","M","?","R","E","R","T","M","?","M","NM","M","R","BOSS","M","?","$","?","M"],"items_purchased_type":["Card","Relic","Relic","Relic","Card"],"build_version":"2020-12-22","purchased_purges":1,"victory":false,"max_hp_per_floor":[68,68,68,68,68,68,68,68,68,68,68,68,68,68,68,68,68,68,68,68,68,68,68,68,68,75,75,75,75,75,75,75,75,75,75,75,82,82,82,82],"card_choices":[{"not_picked":["Adaptation","Consecrate"],"picked":"Halt","floor":1},{"not_picked":["SignatureMove","Protect"],"picked":"Conclude","floor":2},{"not_picked":["Adaptation","Replay:AtTheReady"],"picked":"Perseverance","floor":4},{"not_picked":["Replay:LoomingThreat","Worship"],"picked":"Consecrate","floor":8},{"not_picked":["InnerPeace","FollowUp"],"picked":"Prostrate","floor":11},{"not_picked":["Replay:AtTheReady","Evaluate"],"picked":"CarveReality","floor":12},{"not_picked":["Crescendo","MarkedMod:Acupuncture","MarkedMod:OneThousandNeedles"],"picked":"SKIP","floor":14},{"not_picked":["Alpha","DevaForm"],"picked":"Establishment","floor":16},{"not_picked":["Sanctity","MarkedMod:Acupuncture"],"picked":"Meditate","floor":18},{"not_picked":["MarkedMod:FirstStrike","MarkedMod:Acupuncture","Replay:ManipulateFuture"],"picked":"SKIP","floor":19},{"not_picked":["Sanctity","EmptyBody"],"picked":"FlyingSleeves","floor":21},{"not_picked":["MentalFortress","CutThroughFate"],"picked":"Consecrate+1","floor":24},{"not_picked":["MarkedMod:OneThousandNeedles+1","EmptyMind","ClearTheMind"],"picked":"SKIP","floor":27},{"not_picked":["CutThroughFate","MarkedMod:GentlePulse"],"picked":"EmptyBody+1","floor":28},{"not_picked":["Prostrate","MarkedMod:OneThousandNeedles"],"picked":"Ragnarok","floor":29},{"not_picked":["SashWhip","MarkedMod:OneThousandNeedles"],"picked":"Halt","floor":30},{"not_picked":["ClearTheMind","Wireheading"],"picked":"FlurryOfBlows","floor":31},{"not_picked":["Establishment","Omniscience"],"picked":"Replay:AllIn","floor":33},{"not_picked":[],"picked":"BowlingBash","floor":35},{"not_picked":[],"picked":"Study+1","floor":38}],"player_experience":1622393,"relics_obtained":[{"floor":8,"key":"StuffTheSpire:Experiment12"},{"floor":9,"key":"Simple Rune"},{"floor":24,"key":"hubris:ToyBattleship"},{"floor":26,"key":"Strawberry"},{"floor":30,"key":"Bronze Scales"},{"floor":38,"key":"infinitespire:Beetle Shell"}],"event_choices":[],"is_beta":false,"boss_relics":[{"not_picked":["Runic Dome","halation:Risk"],"picked":"halation:HeavySnake"},{"not_picked":["Snecko Heart","sagemod:Falmels_Amulet"],"picked":"Busted Crown"}],"items_purged_floors":[37],"is_endless":false,"potions_floor_spawned":[8,11,12,14,16,19,21,27,29],"killed_by":"Hallownest:2_Littles","ascension_level":16}}