{"host":"b0ld7eylq5gzg1l4","time":1608842069,"event":{"mods":["2.2 Compatiblity","BaseMod","Downfall","Hermit","Key Reminder","Minty Spire (QoL Compilation)","Permanent Neow","Replay The Spire","Shade Mod","StSLib","The Accelerator","The Clintock","The Construct","The Cursed","The Disciple","The Runesmith","The Witch"],"gold_per_floor":[117,467,477,496,510,523,523,552,577,577,577],"floor_reached":10,"playtime":686,"items_purged":[],"score":70,"play_id":"28ce0db0-8193-4a55-8e2b-783f61ca409f","local_time":"20201224153429","is_ascension_mode":false,"campfire_choices":[{"floor":7,"key":"RECALL"}],"circlet_count":0,"master_deck":["Strike_Witch","Strike_Witch","Strike_Witch","Strike_Witch","Defend_Witch","Defend_Witch","Defend_Witch","Defend_Witch","Hexguard","ZombieSpit","Graveburst","PainBolt","Amnesia","TheCursedMod:Dregs","Doubt","Atonement","SummonBatFamiliar","DireShriek","Atonement","BoneCarving","Writhe"],"relics":["BlackCat","ReplayTheSpireMod:Ring of Exchange","Ring of Greed","Old Coin","MealTicket","keyreminder:keyreminder","Iron Hammer","Art of War"],"acts_visited":["Exordium"],"potions_floor_usage":[8],"damage_taken":[{"damage":0,"enemies":"Small Slimes","floor":1,"turns":3},{"damage":5,"enemies":"Cultist","floor":3,"turns":4},{"damage":4,"enemies":"2 Louse","floor":4,"turns":5},{"damage":4,"enemies":"Gremlin Gang","floor":5,"turns":8},{"damage":11,"enemies":"Large Slime","floor":6,"turns":4},{"damage":28,"enemies":"Gremlin Nob","floor":8,"turns":5},{"damage":10,"enemies":"3 Sentries","floor":10,"turns":3}],"seed_played":"-5378005646712001852","potions_obtained":[{"floor":5,"key":"Ancient Potion"},{"floor":6,"key":"SkillPotion"}],"is_trial":false,"path_per_floor":["M","?","M","M","M","M","R","E","T","E"],"character_chosen":"WITCH","items_purchased":[],"campfire_rested":0,"item_purchase_floors":[],"current_hp_per_floor":[61,61,56,52,48,37,37,9,9,0,0],"gold":577,"neow_bonus":"THREE_RARE_CARDS","is_daily":false,"chose_seed":false,"campfire_upgraded":0,"win_rate":0.0,"timestamp":1608842069,"path_taken":["M","?","M","M","M","M","R","E","T","E"],"items_purchased_type":[],"build_version":"2020-12-22","purchased_purges":0,"victory":false,"max_hp_per_floor":[61,61,61,61,61,61,61,61,61,61,61],"card_choices":[{"not_picked":["FatalRay","WalpurgisNight"],"picked":"Graveburst","floor":0},{"not_picked":["Schadenfreude","MementoMori"],"picked":"PainBolt","floor":1},{"not_picked":["Demonfyre","CursedBlade"],"picked":"Atonement","floor":3},{"not_picked":["Bewitch","BleedOut"],"picked":"SummonBatFamiliar","floor":4},{"not_picked":["SummonBatFamiliar","SkullFlask"],"picked":"DireShriek","floor":5},{"not_picked":["PainBolt","WretchedNails"],"picked":"Atonement","floor":6},{"not_picked":["SaltCircle","Demonfyre"],"picked":"BoneCarving","floor":8}],"player_experience":743982,"relics_obtained":[{"floor":2,"key":"ReplayTheSpireMod:Ring of Exchange"},{"floor":2,"key":"Ring of Greed"},{"floor":2,"key":"Old Coin"},{"floor":2,"key":"MealTicket"},{"floor":8,"key":"Iron Hammer"},{"floor":9,"key":"Art of War"}],"event_choices":[],"is_beta":false,"boss_relics":[],"items_purged_floors":[],"is_endless":false,"potions_floor_spawned":[5,6],"killed_by":"3 Sentries","ascension_level":0}}