{"host":"dcj2yvrgcvh5dl2s","time":1608772146,"event":{"mods":["BaseMod","Better Note","Block Reminder","Colored Powertips","DeckTracker","Minty Spire (QoL Compilation)","Quick Restart","Rare Cards Sparkle","Relic Stats","StSLib"],"gold_per_floor":[109,109,124,26,76,76,76],"floor_reached":6,"playtime":168,"items_purged":["Regret"],"score":60,"play_id":"9b707671-e7c8-4357-a982-021c31605de8","local_time":"20201224110906","is_ascension_mode":true,"campfire_choices":[],"circlet_count":0,"master_deck":["AscendersBane","Strike_R","Strike_R","Strike_R","Strike_R","Strike_R","Defend_R","Defend_R","Defend_R","Defend_R","Bash","Metamorphosis","Body Slam","Flex","Shrug It Off"],"relics":["Burning Blood","Oddly Smooth Stone"],"acts_visited":["Exordium"],"potions_floor_usage":[6,6],"damage_taken":[{"damage":12,"enemies":"2 Louse","floor":1,"turns":3},{"damage":9,"enemies":"Small Slimes","floor":3,"turns":4},{"damage":35,"enemies":"Gremlin Nob","floor":6,"turns":4}],"seed_played":"2406749072684290265","potions_obtained":[{"floor":1,"key":"BlessingOfTheForge"},{"floor":3,"key":"EssenceOfSteel"}],"is_trial":false,"path_per_floor":["M","?","M","$","?","E"],"character_chosen":"IRONCLAD","items_purchased":["Shrug It Off"],"campfire_rested":0,"item_purchase_floors":[4],"current_hp_per_floor":[44,44,41,41,34,0,0],"gold":76,"neow_bonus":"RANDOM_COLORLESS_2","is_daily":false,"chose_seed":false,"campfire_upgraded":0,"win_rate":0.0,"timestamp":1608772146,"path_taken":["M","?","M","$","?","E"],"items_purchased_type":["Card"],"build_version":"2020-12-22","purchased_purges":1,"victory":false,"max_hp_per_floor":[75,75,75,75,75,75,75],"relic_stats":{"counters":[3,11],"obtain_stats":[{"Oddly Smooth Stone":2,"Burning Blood":0},{"Oddly Smooth Stone":1,"Burning Blood":0},{"Oddly Smooth Stone":3,"Burning Blood":0}],"Burning Blood":12},"card_choices":[{"not_picked":["Magnetism","Secret Technique"],"picked":"Metamorphosis","floor":0},{"not_picked":["Metallicize","Flame Barrier"],"picked":"Body Slam","floor":1},{"not_picked":["True Grit","Twin Strike"],"picked":"Flex","floor":3}],"player_experience":2022605,"relics_obtained":[],"event_choices":[{"damage_healed":0,"gold_gain":0,"player_choice":"Box","damage_taken":0,"relics_obtained":["Oddly Smooth Stone"],"max_hp_gain":0,"max_hp_loss":0,"event_name":"Big Fish","floor":2,"gold_loss":0,"cards_obtained":["Regret"]},{"damage_healed":0,"gold_gain":50,"player_choice":"Touch","damage_taken":7,"max_hp_gain":0,"max_hp_loss":0,"event_name":"FaceTrader","floor":5,"gold_loss":0}],"is_beta":false,"boss_relics":[],"items_purged_floors":[4],"is_endless":false,"potions_floor_spawned":[1,3],"killed_by":"Gremlin Nob","ascension_level":15}}