{"host":"dcj2yvrgcvh5dl2s","time":1608795225,"event":{"mods":["BaseMod","Better Note","Block Reminder","Colored Powertips","DeckTracker","Minty Spire (QoL Compilation)","Quick Restart","Rare Cards Sparkle","Relic Stats","StSLib"],"gold_per_floor":[112,112,129,139,150,150,175,194,276,292,257,257,282,300,300,396,396,414,414,431,448,448,483,483,517,592,592,624,641,656,16,16,119,119,136,154,154,203,203,203,231,254,280,280,280],"floor_reached":44,"playtime":2215,"items_purged":["Strike_G"],"score":635,"play_id":"6b633237-1246-4538-bc31-1c586c6f354f","local_time":"20201224173345","is_ascension_mode":true,"campfire_choices":[{"data":"Cloak And Dagger","floor":6,"key":"SMITH"},{"floor":12,"key":"REST"},{"floor":15,"key":"REST"},{"floor":24,"key":"REST"},{"floor":27,"key":"REST"},{"floor":32,"key":"REST"},{"data":"Neutralize","floor":40,"key":"SMITH"}],"circlet_count":0,"master_deck":["Defend_G","Defend_G","Survivor","Neutralize+1","Leg Sweep","Tactician","Footwork","Cloak And Dagger+1","Bouncing Flask","Backstab","Crippling Poison","Backflip","After Image","Blade Dance","Glass Knife","Accuracy","Distraction","Calculated Gamble+1","Backstab","Crippling Poison","Deflect","Noxious Fumes","Trip","Predator","Flying Knee","Corpse Explosion","Acrobatics+1","Caltrops+1","Flying Knee+1","Leg Sweep+1","Catalyst","Panache","Good Instincts","Impatience","Bouncing Flask+1","Terror+1"],"relics":["Ring of the Snake","Tiny Chest","Shuriken","TungstenRod","WristBlade","White Beast Statue","Regal Pillow","Bottled Lightning","Matryoshka","Smiling Mask","HornCleat","Astrolabe","Unceasing Top","Paper Crane","Dream Catcher","Blood Vial","Boot","Ancient Tea Set"],"acts_visited":["Exordium","TheCity","TheBeyond"],"potions_floor_usage":[7,16,16,23,23,25,30,33,41,41,44],"damage_taken":[{"damage":0,"enemies":"2 Louse","floor":1,"turns":5},{"damage":2,"enemies":"Small Slimes","floor":3,"turns":7},{"damage":3,"enemies":"Cultist","floor":4,"turns":7},{"damage":14,"enemies":"2 Fungi Beasts","floor":5,"turns":6},{"damage":24,"enemies":"Lagavulin","floor":7,"turns":6},{"damage":6,"enemies":"Large Slime","floor":8,"turns":11},{"damage":0,"enemies":"3 Louse","floor":10,"turns":4},{"damage":27,"enemies":"3 Sentries","floor":13,"turns":12},{"damage":5,"enemies":"2 Fungi Beasts","floor":14,"turns":4},{"damage":17,"enemies":"The Guardian","floor":16,"turns":9},{"damage":0,"enemies":"3 Byrds","floor":18,"turns":6},{"damage":0,"enemies":"Spheric Guardian","floor":20,"turns":3},{"damage":23,"enemies":"Cultist and Chosen","floor":21,"turns":6},{"damage":22,"enemies":"Gremlin Leader","floor":23,"turns":9},{"damage":38,"enemies":"Book of Stabbing","floor":25,"turns":5},{"damage":12,"enemies":"Slavers","floor":28,"turns":5},{"damage":1,"enemies":"3 Cultists","floor":29,"turns":5},{"damage":1,"enemies":"Snecko","floor":30,"turns":4},{"damage":32,"enemies":"Automaton","floor":33,"turns":9},{"damage":13,"enemies":"3 Shapes","floor":35,"turns":4},{"damage":0,"enemies":"Orb Walker","floor":36,"turns":3},{"damage":26,"enemies":"2 Orb Walkers","floor":38,"turns":5},{"damage":54,"enemies":"Reptomancer","floor":41,"turns":9},{"damage":8,"enemies":"Writhing Mass","floor":44,"turns":1}],"seed_played":"-1113135439508366187","potions_obtained":[{"floor":1,"key":"Poison Potion"},{"floor":3,"key":"DuplicationPotion"},{"floor":5,"key":"Strength Potion"},{"floor":14,"key":"Swift Potion"},{"floor":18,"key":"Fire Potion"},{"floor":23,"key":"PowerPotion"},{"floor":25,"key":"SpeedPotion"},{"floor":28,"key":"Swift Potion"},{"floor":29,"key":"CunningPotion"},{"floor":30,"key":"Poison Potion"},{"floor":33,"key":"Poison Potion"},{"floor":35,"key":"Ancient Potion"},{"floor":41,"key":"PowerPotion"}],"is_trial":false,"path_per_floor":["M","?","M","M","M","R","E","M","T","M","?","R","E","M","R","B",null,"M","?","M","M","T","E","R","E","T","R","E","M","M","$","R","B",null,"M","M","?","?","?","R","E","T","T","M"],"character_chosen":"THE_SILENT","items_purchased":["HornCleat","Deflect","Noxious Fumes","Trip","Predator","Flying Knee"],"campfire_rested":5,"item_purchase_floors":[31,31,31,31,31,31],"current_hp_per_floor":[63,63,61,58,44,44,20,14,14,14,29,47,20,15,33,16,63,63,63,63,40,40,18,51,13,13,46,34,33,32,32,63,31,63,50,50,41,15,55,55,1,1,1,0,0],"gold":280,"neow_bonus":"TRANSFORM_TWO_CARDS","is_daily":false,"chose_seed":false,"campfire_upgraded":2,"win_rate":0.0,"timestamp":1608795225,"path_taken":["M","?","M","M","M","R","E","M","T","M","?","R","E","M","R","BOSS","M","?","?","M","?","E","R","E","T","R","E","M","M","$","R","BOSS","M","M","?","?","?","R","E","?","T","M"],"items_purchased_type":["Relic","Card","Card","Card","Card","Card"],"build_version":"2020-12-22","purchased_purges":1,"victory":false,"max_hp_per_floor":[63,63,63,63,63,63,63,63,63,63,63,63,63,63,63,63,63,63,63,63,63,63,63,63,63,63,63,63,63,63,63,63,63,63,63,63,63,63,55,55,55,55,55,55,55],"relic_stats":{"Regal Pillow":43,"counters":[24,145],"Astrolabe":["Acrobatics","Caltrops","Flying Knee"],"Smiling Mask":25,"Boot":[1],"Blood Vial":2,"Dream Catcher":0,"Shuriken":[36],"Tiny Chest":2,"obtain_stats":[{"Regal Pillow":23,"Astrolabe":34,"Paper Crane":41,"Smiling Mask":28,"Boot":43,"Ancient Tea Set":43,"White Beast Statue":22,"Blood Vial":42,"Dream Catcher":42,"Matryoshka":26,"HornCleat":31,"WristBlade":17,"Shuriken":9,"Tiny Chest":7,"Bottled Lightning":25,"TungstenRod":13,"Unceasing Top":38,"Ring of the Snake":0},{"Regal Pillow":14,"Astrolabe":19,"Paper Crane":23,"Smiling Mask":16,"Boot":23,"Ancient Tea Set":23,"White Beast Statue":13,"Blood Vial":23,"Dream Catcher":23,"Matryoshka":15,"HornCleat":18,"WristBlade":10,"Shuriken":6,"Tiny Chest":5,"Bottled Lightning":15,"TungstenRod":8,"Unceasing Top":22,"Ring of the Snake":0},{"Regal Pillow":95,"Astrolabe":123,"Paper Crane":144,"Smiling Mask":105,"Boot":144,"Ancient Tea Set":144,"White Beast Statue":86,"Blood Vial":144,"Dream Catcher":144,"Matryoshka":100,"HornCleat":114,"WristBlade":71,"Shuriken":42,"Tiny Chest":31,"Bottled Lightning":100,"TungstenRod":58,"Unceasing Top":135,"Ring of the Snake":0}],"TungstenRod":43,"Unceasing Top":[0],"Ring of the Snake":[48]},"card_choices":[{"not_picked":["Backstab","Prepared"],"picked":"Footwork","floor":1},{"not_picked":["Dash","Setup"],"picked":"Cloak And Dagger","floor":3},{"not_picked":["Outmaneuver","PiercingWail"],"picked":"Bouncing Flask","floor":4},{"not_picked":["Cloak And Dagger","Heel Hook"],"picked":"Backstab","floor":5},{"not_picked":["Masterful Stab","Predator"],"picked":"Crippling Poison","floor":7},{"not_picked":["Masterful Stab","Deadly Poison","Eviscerate"],"picked":"SKIP","floor":8},{"not_picked":["Setup","Calculated Gamble"],"picked":"Backflip","floor":10},{"not_picked":["Dagger Throw","Quick Slash"],"picked":"After Image","floor":13},{"not_picked":["Caltrops","Well Laid Plans"],"picked":"Blade Dance","floor":14},{"not_picked":["Tools of the Trade","Unload"],"picked":"Glass Knife","floor":16},{"not_picked":["Outmaneuver+1","Prepared"],"picked":"Accuracy","floor":18},{"not_picked":["Dagger Throw","Reflex","Dagger Spray+1"],"picked":"SKIP","floor":20},{"not_picked":["Prepared","Dagger Spray","Outmaneuver"],"picked":"SKIP","floor":21},{"not_picked":["Sucker Punch","Predator","Outmaneuver"],"picked":"SKIP","floor":23},{"not_picked":["Bouncing Flask","Eviscerate"],"picked":"Distraction","floor":25},{"not_picked":["Night Terror","Acrobatics"],"picked":"Calculated Gamble+1","floor":28},{"not_picked":["Bane","Dash+1"],"picked":"Backstab","floor":29},{"not_picked":["Bane","Dagger Spray"],"picked":"Crippling Poison","floor":30},{"not_picked":["Venomology","Phantasmal Killer"],"picked":"Corpse Explosion","floor":33},{"not_picked":["Outmaneuver","Predator"],"picked":"Leg Sweep+1","floor":35},{"not_picked":["Noxious Fumes+1","Dodge and Roll"],"picked":"Catalyst","floor":36},{"not_picked":["Swift Strike","Discovery"],"picked":"Panache","floor":37},{"not_picked":["Secret Technique","Thinking Ahead"],"picked":"Good Instincts","floor":37},{"not_picked":["PanicButton","HandOfGreed"],"picked":"Impatience","floor":37},{"not_picked":["Bane","Caltrops"],"picked":"Bouncing Flask+1","floor":38},{"not_picked":["Quick Slash","Calculated Gamble+1"],"picked":"Terror+1","floor":41}],"player_experience":2041476,"relics_obtained":[{"floor":7,"key":"Tiny Chest"},{"floor":9,"key":"Shuriken"},{"floor":13,"key":"TungstenRod"},{"floor":22,"key":"White Beast Statue"},{"floor":23,"key":"Regal Pillow"},{"floor":25,"key":"Bottled Lightning"},{"floor":26,"key":"Matryoshka"},{"floor":28,"key":"Smiling Mask"},{"floor":38,"key":"Unceasing Top"},{"floor":41,"key":"Paper Crane"},{"floor":42,"key":"Dream Catcher"},{"floor":42,"key":"Blood Vial"},{"floor":43,"key":"Boot"},{"floor":43,"key":"Ancient Tea Set"}],"event_choices":[{"cards_removed":["Strike_G"],"damage_healed":0,"gold_gain":0,"player_choice":"Forget","damage_taken":0,"max_hp_gain":0,"max_hp_loss":0,"event_name":"Living Wall","floor":2,"gold_loss":0},{"damage_healed":15,"gold_gain":0,"player_choice":"Healed","damage_taken":0,"max_hp_gain":0,"max_hp_loss":0,"event_name":"The Cleric","floor":11,"gold_loss":35},{"cards_removed":["Strike_G"],"damage_healed":0,"gold_gain":0,"player_choice":"Offered Basic","damage_taken":0,"max_hp_gain":0,"max_hp_loss":0,"event_name":"Bonfire Elementals","floor":19,"gold_loss":0},{"damage_healed":0,"gold_gain":0,"player_choice":"Memory 3","damage_taken":10,"max_hp_gain":0,"max_hp_loss":0,"event_name":"SensoryStone","floor":37,"gold_loss":0},{"damage_healed":0,"gold_gain":0,"player_choice":"Fight","damage_taken":0,"max_hp_gain":0,"max_hp_loss":0,"event_name":"Mysterious Sphere","floor":38,"gold_loss":0},{"damage_healed":55,"gold_gain":0,"player_choice":"Heal","damage_taken":0,"max_hp_gain":0,"max_hp_loss":8,"event_name":"The Moai Head","floor":39,"gold_loss":0}],"is_beta":false,"boss_relics":[{"not_picked":["Calling Bell","Philosopher\u0027s Stone"],"picked":"WristBlade"},{"not_picked":["Ring of the Serpent","Tiny House"],"picked":"Astrolabe"}],"items_purged_floors":[31],"is_endless":false,"potions_floor_spawned":[1,3,5,14,18,23,25,28,29,30,33,35,36,38,41],"killed_by":"Writhing Mass","ascension_level":4}}