{"host":"a1eatafr7pisesky","time":1608836152,"event":{"mods":["BaseMod","Colored Map","DeckTracker","Highlight Path","Keyboard Shortcuts","Minty Spire (QoL Compilation)","Permanent Neow","Random Character Button","StSLib","SuperFastMode"],"gold_per_floor":[116,133,133,83,99,133,133,166,193,226,226,226,261,271,271,373,373,373,373,373,288,288,288,288,288,288,288,288,288,213,213,213,213,213,213,213,213,213,213,213,213,213,213,213,213,213,213,213,213,213,213,213,39,39,39,39],"floor_reached":55,"playtime":1682,"items_purged":["Defend_B","Strike_B+1"],"score":901,"play_id":"a31b736b-3ead-4a73-af33-9631c81d4a24","local_time":"20201225035552","is_ascension_mode":true,"campfire_choices":[{"data":"Genetic Algorithm","floor":7.0,"key":"SMITH"},{"floor":12.0,"key":"REST"},{"floor":15.0,"key":"REST"},{"data":"Storm","floor":23.0,"key":"SMITH"},{"data":"Defragment","floor":25.0,"key":"SMITH"},{"data":"Capacitor","floor":27.0,"key":"SMITH"},{"floor":32.0,"key":"REST"},{"floor":41.0,"key":"REST"},{"floor":46.0,"key":"REST"},{"floor":49.0,"key":"RECALL"},{"floor":52.0,"key":"REST"}],"circlet_count":0,"master_deck":["Defend_B","Zap","Dualcast","White Noise","Self Repair","Genetic Algorithm+1","Ball Lightning+1","Capacitor","Ball Lightning","Blind","BootSequence","Sunder","Electrodynamics","Leap","Defragment+1","Barrage","Capacitor+1","Storm+1","Ball Lightning","Heatsinks","Core Surge","Skim+1","Consume+1","Double Energy+1","Conserve Battery"],"relics":["Cracked Core","Centennial Puzzle","Whetstone","Bronze Scales","White Beast Statue","Anchor","Ectoplasm","Regal Pillow","CeramicFish","StrikeDummy","Enchiridion","Fusion Hammer","Ice Cream","Molten Egg 2","Toy Ornithopter","Omamori","Boot"],"acts_visited":["Exordium","TheCity","TheBeyond","TheEnding"],"potions_floor_usage":[55,55],"damage_taken":[{"damage":9.0,"enemies":"2 Louse","floor":1.0,"turns":3.0},{"damage":15.0,"enemies":"Small Slimes","floor":2.0,"turns":3.0},{"damage":1.0,"enemies":"Cultist","floor":5.0,"turns":4.0},{"damage":10.0,"enemies":"Lagavulin","floor":6.0,"turns":6.0},{"damage":44.0,"enemies":"Gremlin Nob","floor":8.0,"turns":4.0},{"damage":22.0,"enemies":"3 Sentries","floor":10.0,"turns":5.0},{"damage":18.0,"enemies":"Gremlin Nob","floor":13.0,"turns":4.0},{"damage":0.0,"enemies":"Looter","floor":14.0,"turns":3.0},{"damage":22.0,"enemies":"Hexaghost","floor":16.0,"turns":8.0},{"damage":12.0,"enemies":"Chosen","floor":18.0,"turns":4.0},{"damage":0.0,"enemies":"Spheric Guardian","floor":19.0,"turns":3.0},{"damage":8.0,"enemies":"Centurion and Healer","floor":22.0,"turns":5.0},{"damage":26.0,"enemies":"Slavers","floor":24.0,"turns":3.0},{"damage":11.0,"enemies":"Snake Plant","floor":31.0,"turns":2.0},{"damage":44.0,"enemies":"Collector","floor":33.0,"turns":5.0},{"damage":0.0,"enemies":"Orb Walker","floor":35.0,"turns":2.0},{"damage":15.0,"enemies":"3 Shapes","floor":36.0,"turns":2.0},{"damage":11.0,"enemies":"Sphere and 2 Shapes","floor":37.0,"turns":3.0},{"damage":37.0,"enemies":"Mind Bloom Boss Battle","floor":39.0,"turns":4.0},{"damage":22.0,"enemies":"Nemesis","floor":40.0,"turns":5.0},{"damage":4.0,"enemies":"Giant Head","floor":42.0,"turns":5.0},{"damage":0.0,"enemies":"Jaw Worm Horde","floor":45.0,"turns":2.0},{"damage":59.0,"enemies":"Reptomancer","floor":47.0,"turns":4.0},{"damage":23.0,"enemies":"3 Darklings","floor":48.0,"turns":3.0},{"damage":9.0,"enemies":"Time Eater","floor":50.0,"turns":6.0},{"damage":6.0,"enemies":"Shield and Spear","floor":54.0,"turns":3.0},{"damage":111,"enemies":"The Heart","floor":55,"turns":6}],"seed_played":"-9034040525187417605","potions_obtained":[{"floor":5.0,"key":"SkillPotion"},{"floor":6.0,"key":"SkillPotion"},{"floor":8.0,"key":"Strength Potion"},{"floor":13.0,"key":"FairyPotion"},{"floor":14.0,"key":"Ancient Potion"},{"floor":22.0,"key":"FocusPotion"},{"floor":33.0,"key":"Weak Potion"},{"floor":35.0,"key":"PotionOfCapacity"},{"floor":39.0,"key":"Regen Potion"},{"floor":40.0,"key":"LiquidBronze"},{"floor":45.0,"key":"DuplicationPotion"},{"floor":47.0,"key":"DuplicationPotion"},{"floor":54.0,"key":"Strength Potion"}],"is_trial":false,"path_per_floor":["M","M","?","?","M","E","R","E","T","E","?","R","E","M","R","B",null,"M","M","?","?","M","R","E","R","T","R","?","?","$","M","R","B",null,"M","M","M","?","?","E","R","E","T","?","M","R","E","M","R","B",null,"R","$","E","B"],"character_chosen":"DEFECT","items_purchased":["LiquidMemories"],"campfire_rested":6,"item_purchase_floors":[53],"current_hp_per_floor":[66,58,63,63,69,66,66,29,29,14,14,38,27,27,51,43,80,75,80,80,80,79,79,53,53,53,53,53,37,37,26,65,28,80,80,65,61,61,31,21,60,63,63,63,70,80,28,12,12,20,80,80,80,74,0,0],"gold":39,"neow_bonus":"TRANSFORM_CARD","is_daily":false,"chose_seed":false,"campfire_upgraded":4,"win_rate":0.0,"timestamp":1608836152,"path_taken":["M","M","?","?","M","E","R","E","T","E","?","R","E","M","R","BOSS","M","?","?","?","M","R","E","R","T","R","?","?","?","M","R","BOSS","M","M","M","?","?","E","R","E","T","?","M","R","E","M","R","BOSS","R","$","E","BOSS"],"items_purchased_type":["Potion"],"build_version":"2020-12-22","purchased_purges":2,"victory":false,"max_hp_per_floor":[75,75,80,80,80,80,80,80,80,80,80,80,80,80,80,80,80,80,80,80,80,80,80,80,80,80,80,80,80,80,80,80,80,80,80,80,80,80,80,80,80,80,80,80,80,80,80,80,80,80,80,80,80,80,80,80],"card_choices":[{"not_picked":["Coolheaded","Ball Lightning"],"picked":"Self Repair","floor":1.0},{"not_picked":["Compile Driver","Sweeping Beam"],"picked":"Genetic Algorithm","floor":2.0},{"not_picked":["Beam Cell","Redo"],"picked":"Ball Lightning","floor":5.0},{"not_picked":["Stack","Storm"],"picked":"Capacitor","floor":6.0},{"not_picked":["Rip and Tear","Doom and Gloom","White Noise"],"picked":"SKIP","floor":8.0},{"not_picked":["Cold Snap","Auto Shields"],"picked":"Ball Lightning","floor":10.0},{"not_picked":["Self Repair","Steam Power"],"picked":"BootSequence","floor":13.0},{"not_picked":["FTL","Cold Snap"],"picked":"Sunder","floor":14.0},{"not_picked":["Amplify","Multi-Cast"],"picked":"Electrodynamics","floor":16.0},{"not_picked":["Redo+1","Sweeping Beam"],"picked":"Leap","floor":18.0},{"not_picked":["Force Field","Steam"],"picked":"Defragment","floor":19.0},{"not_picked":["Ball Lightning+1","Beam Cell"],"picked":"Storm","floor":22.0},{"not_picked":["Gash","Go for the Eyes"],"picked":"Ball Lightning","floor":24.0},{"not_picked":["White Noise","Beam Cell+1","Gash"],"picked":"SKIP","floor":31.0},{"not_picked":["Rainbow","Multi-Cast"],"picked":"Core Surge","floor":33.0},{"not_picked":["Cold Snap","Sweeping Beam","Leap"],"picked":"SKIP","floor":35.0},{"not_picked":["Genetic Algorithm+1","Gash+1"],"picked":"Skim+1","floor":36.0},{"not_picked":["Sweeping Beam","Steam+1"],"picked":"Consume+1","floor":37.0},{"not_picked":["Melter+1","Redo","Stack+1"],"picked":"SKIP","floor":40.0},{"not_picked":["Rebound+1","Hologram+1"],"picked":"Double Energy+1","floor":42.0},{"not_picked":["Sweeping Beam+1","Cold Snap+1","Hologram+1"],"picked":"SKIP","floor":45.0},{"not_picked":["Rebound+1","Ball Lightning+1"],"picked":"Conserve Battery","floor":47.0},{"not_picked":["Consume+1","Sweeping Beam+1","Redo+1"],"picked":"SKIP","floor":48.0},{"not_picked":["Multi-Cast","Gash+1","Redo"],"picked":"SKIP","floor":54.0}],"player_experience":245070,"relics_obtained":[{"floor":6.0,"key":"Centennial Puzzle"},{"floor":8.0,"key":"Whetstone"},{"floor":9.0,"key":"Bronze Scales"},{"floor":10.0,"key":"White Beast Statue"},{"floor":13.0,"key":"Anchor"},{"floor":24.0,"key":"CeramicFish"},{"floor":26.0,"key":"StrikeDummy"},{"floor":29.0,"key":"Enchiridion"},{"floor":39.0,"key":"Ice Cream"},{"floor":40.0,"key":"Molten Egg 2"},{"floor":42.0,"key":"Toy Ornithopter"},{"floor":47.0,"key":"Omamori"},{"floor":54.0,"key":"Boot"}],"event_choices":[{"damage_healed":0.0,"max_hp_gain":5.0,"max_hp_loss":0.0,"gold_gain":0.0,"event_name":"Big Fish","player_choice":"Donut","floor":3.0,"gold_loss":0.0,"damage_taken":0.0},{"cards_removed":["Strike_B"],"damage_healed":0.0,"max_hp_gain":0.0,"max_hp_loss":0.0,"gold_gain":0.0,"event_name":"The Cleric","player_choice":"Card Removal","floor":4.0,"gold_loss":50.0,"damage_taken":0.0},{"damage_healed":0.0,"max_hp_gain":0.0,"max_hp_loss":0.0,"gold_gain":0.0,"event_name":"Match and Keep!","player_choice":"1 cards matched","floor":11.0,"gold_loss":0.0,"damage_taken":0.0,"cards_obtained":["Blind"]},{"damage_healed":0.0,"max_hp_gain":0.0,"max_hp_loss":0.0,"gold_gain":0.0,"cards_transformed":["Strike_B","Defend_B"],"event_name":"Drug Dealer","player_choice":"Became Test Subject","floor":20.0,"gold_loss":0.0,"damage_taken":0.0,"cards_obtained":["Barrage","Capacitor"]},{"damage_healed":0.0,"max_hp_gain":0.0,"max_hp_loss":0.0,"gold_gain":0.0,"event_name":"Addict","player_choice":"Obtained Relic","floor":21.0,"gold_loss":85.0,"damage_taken":0.0,"relics_obtained":["Regal Pillow"]},{"damage_healed":0.0,"max_hp_gain":0.0,"max_hp_loss":0.0,"gold_gain":0.0,"event_name":"The Library","player_choice":"Read","floor":28.0,"gold_loss":0.0,"damage_taken":0.0,"cards_obtained":["Heatsinks"]},{"damage_healed":0.0,"max_hp_gain":0.0,"max_hp_loss":0.0,"gold_gain":0.0,"event_name":"Cursed Tome","player_choice":"Obtained Book","floor":29.0,"gold_loss":0.0,"damage_taken":16.0},{"damage_healed":0.0,"max_hp_gain":0.0,"max_hp_loss":0.0,"gold_gain":0.0,"event_name":"Tomb of Lord Red Mask","player_choice":"Ignored","floor":38.0,"gold_loss":0.0,"damage_taken":0.0},{"damage_healed":0.0,"max_hp_gain":0.0,"max_hp_loss":0.0,"gold_gain":0.0,"event_name":"MindBloom","player_choice":"Fight","floor":39.0,"gold_loss":0.0,"damage_taken":0.0},{"cards_removed":["Defend_B"],"damage_healed":0.0,"max_hp_gain":0.0,"max_hp_loss":0.0,"gold_gain":0.0,"event_name":"Falling","player_choice":"Removed Skill","floor":44.0,"gold_loss":0.0,"damage_taken":0.0}],"is_beta":false,"boss_relics":[{"not_picked":["Coffee Dripper","Pandora\u0027s Box"],"picked":"Ectoplasm"},{"not_picked":["Calling Bell","Cursed Key"],"picked":"Fusion Hammer"}],"items_purged_floors":[30,53],"is_endless":false,"potions_floor_spawned":[5,6,8,13,14,16,18,19,22,24,31,33,35,36,37,39,40,42,45,47,48,54],"killed_by":"The Heart","ascension_level":4}}