{"host":"q0v68qxgqt4jwmjg","time":1608845034,"event":{"mods":["Astrologer","BaseMod","CatGirl Mod","Chen","Colored Powertips","Friendly Minions","FutureSeer","Highlight Path","Infinite Spire","Kiyohime????","Koishi","Mad Scientist","Marisa????????","Mimic Mod","Minty Spire (QoL Compilation)","Onozuka Komachi Mod","Random Character Button","Remilia??????","Replay The Spire","StSLib","Td1madao Mod","The Administrix","The Animator","The Blackbeard","The Disciple","The Factory","The Forsaken","The Gatherer","The Judge","The Jungle","The Servant 0.9.4","Yohane!","Youmu??????","Yuri Mod","egg","slay the spire mod where everything is the same but ironclad has a cowboy hat","???mod?????"],"gold_per_floor":[110,110,124,124,137,167,182,210,234,183,193,209,209,229,229,331,331,350,367,367,381,381,381],"floor_reached":22,"playtime":2046,"items_purged":[],"score":210,"play_id":"21ffee90-f929-441d-ae31-873ce6a66029","local_time":"20201224162354","is_ascension_mode":true,"campfire_choices":[{"floor":13,"key":"REST"},{"floor":15,"key":"REST"}],"circlet_count":0,"master_deck":["Strike_R","Strike_R","Strike_R","Strike_R","Defend_R","Defend_R","Defend_R","Defend_R","Bash+1","Pommel Strike","Inflame","Demon Form","Flame Barrier+1"],"relics":["Burning Blood","Ginger","theForsaken:Gavel","PreservedInsect","theForsaken:PaleLantern"],"acts_visited":["Exordium","TheCity"],"potions_floor_usage":[8,16,16,16],"damage_taken":[{"damage":0,"enemies":"Small Slimes","floor":1,"turns":3},{"damage":6,"enemies":"Cultist","floor":3,"turns":3},{"damage":5,"enemies":"Jaw Worm","floor":5,"turns":4},{"damage":30,"enemies":"3 Sentries","floor":6,"turns":10},{"damage":3,"enemies":"2 Fungi Beasts","floor":7,"turns":4},{"damage":14,"enemies":"Gremlin Nob","floor":8,"turns":3},{"damage":17,"enemies":"Exordium Wildlife","floor":11,"turns":5},{"damage":16,"enemies":"3 Louse","floor":12,"turns":3},{"damage":0,"enemies":"Large Slime","floor":14,"turns":5},{"damage":59,"enemies":"Hexaghost","floor":16,"turns":10},{"damage":36,"enemies":"Shell Parasite","floor":18,"turns":7},{"damage":19,"enemies":"Spheric Guardian","floor":19,"turns":6},{"damage":21,"enemies":"Centurion and Healer","floor":21,"turns":9},{"damage":19,"enemies":"3 Cultists","floor":22,"turns":3}],"seed_played":"8700879507455695574","potions_obtained":[{"floor":6,"key":"ColorlessPotion"},{"floor":11,"key":"AttackPotion"},{"floor":12,"key":"Reflective Coating"},{"floor":16,"key":"LiquidBronze"}],"is_trial":false,"path_per_floor":["M","?","M","?","M","E","M","E","T","$","M","M","R","M","R","B",null,"M","M","?","M","M"],"character_chosen":"IRONCLAD","items_purchased":["SkillPotion"],"campfire_rested":2,"item_purchase_floors":[10],"current_hp_per_floor":[72,72,72,72,72,48,51,43,43,43,32,22,43,49,70,17,72,42,29,29,14,0,0],"gold":381,"neow_bonus":"ONE_RARE_RELIC","is_daily":false,"chose_seed":false,"campfire_upgraded":0,"win_rate":0.0,"timestamp":1608845034,"path_taken":["M","?","?","?","M","E","M","E","T","$","?","M","R","M","R","BOSS","M","M","?","M","M"],"items_purchased_type":["Potion"],"build_version":"2020-12-22","purchased_purges":0,"victory":false,"max_hp_per_floor":[72,72,72,72,72,72,72,72,72,72,72,72,72,72,72,72,72,72,72,72,72,72,72],"card_choices":[{"not_picked":["Blood for Blood","Body Slam","Headbutt"],"picked":"SKIP","floor":1},{"not_picked":["Clash","ReplayTheSpireMod:Muscle Training","Headbutt"],"picked":"SKIP","floor":3},{"not_picked":["Clash","Body Slam"],"picked":"Pommel Strike","floor":5},{"not_picked":["Replay:Undeath\u0027s Touch","Sentinel"],"picked":"Inflame","floor":6},{"not_picked":["Dark Embrace","Thunderclap","Power Through"],"picked":"SKIP","floor":7},{"not_picked":["Twin Strike","infinitespire:OneForAll","Abandon"],"picked":"SKIP","floor":8},{"not_picked":["Burning Pact","Power Through","Run Through"],"picked":"SKIP","floor":11},{"not_picked":["Thunderclap","Heavy Blade","ReplayTheSpireMod:Strike From Hell"],"picked":"SKIP","floor":12},{"not_picked":["Wild Strike","Rampage","Thunderclap"],"picked":"SKIP","floor":14},{"not_picked":["Berserk","Impervious"],"picked":"Demon Form","floor":16},{"not_picked":["Twin Strike","Armaments+1"],"picked":"Flame Barrier+1","floor":18},{"not_picked":["Spot Weakness","Flex","Heavy Blade+1"],"picked":"SKIP","floor":19},{"not_picked":["Seeing Red","Replay:Undeath\u0027s Touch","Headbutt"],"picked":"SKIP","floor":21}],"player_experience":141225,"relics_obtained":[{"floor":6,"key":"theForsaken:Gavel"},{"floor":8,"key":"PreservedInsect"}],"event_choices":[{"cards_removed":["Strike_R"],"damage_healed":0,"gold_gain":0,"player_choice":"Purged","damage_taken":0,"max_hp_gain":0,"max_hp_loss":0,"event_name":"Purifier","floor":2,"gold_loss":0},{"damage_healed":0,"gold_gain":0,"player_choice":"Forge","damage_taken":0,"max_hp_gain":0,"max_hp_loss":0,"event_name":"Accursed Blacksmith","floor":4,"gold_loss":0,"cards_upgraded":["Bash"]},{"damage_healed":0,"gold_gain":0,"player_choice":"Ignored","damage_taken":0,"max_hp_gain":0,"max_hp_loss":0,"event_name":"blackbeard:ShipwreckEvent","floor":20,"gold_loss":0}],"is_beta":false,"boss_relics":[{"not_picked":["Replay:Drink Me","infinitespire:Burning Sword"],"picked":"theForsaken:PaleLantern"}],"items_purged_floors":[],"is_endless":false,"potions_floor_spawned":[6,11,12,16],"killed_by":"3 Cultists","ascension_level":1}}