{"host":"sa7ebub27cgn5wai","time":1608798585,"event":{"mods":["BaseMod","Colored Map","Minty Spire (QoL Compilation)","SuperFastMode"],"gold_per_floor":[112,132,142,153,153,153,208,226,226,241,256,256,256,38,38,38,38],"floor_reached":16,"playtime":463,"items_purged":["Strike_P"],"score":94,"play_id":"40a93c85-49b5-421d-b3be-cd44354f12fa","local_time":"20201224172945","is_ascension_mode":false,"campfire_choices":[{"data":"Eruption","floor":6,"key":"SMITH"},{"floor":15,"key":"REST"}],"circlet_count":0,"master_deck":["Strike_P","Strike_P","Defend_P","Defend_P","Defend_P","Defend_P","Eruption+1","Vigilance","CutThroughFate","FollowUp","EmptyBody","ClearTheMind","ClearTheMind","Adaptation","EmptyFist","FlurryOfBlows"],"relics":["PureWater","NeowsBlessing","Ancient Tea Set","Bottled Lightning","Meat on the Bone","Sling"],"acts_visited":["Exordium"],"potions_floor_usage":[16,16],"damage_taken":[{"damage":0,"enemies":"Cultist","floor":1,"turns":1},{"damage":0,"enemies":"Small Slimes","floor":2,"turns":1},{"damage":0,"enemies":"Jaw Worm","floor":3,"turns":1},{"damage":19,"enemies":"Exordium Thugs","floor":4,"turns":8},{"damage":11,"enemies":"Gremlin Nob","floor":7,"turns":3},{"damage":0,"enemies":"3 Louse","floor":8,"turns":2},{"damage":17,"enemies":"Exordium Wildlife","floor":10,"turns":5},{"damage":0,"enemies":"Exordium Thugs","floor":11,"turns":3},{"damage":49,"enemies":"The Guardian","floor":16,"turns":10}],"seed_played":"1671695389305084613","potions_obtained":[{"floor":8,"key":"CultistPotion"},{"floor":10,"key":"Dexterity Potion"},{"floor":11,"key":"Swift Potion"}],"is_trial":false,"path_per_floor":["M","M","M","M","?","R","?","M","T","M","M","T","?","$","R","B"],"character_chosen":"WATCHER","items_purchased":["Sling"],"campfire_rested":1,"item_purchase_floors":[14],"current_hp_per_floor":[72,72,72,53,58,58,47,47,47,30,30,30,23,23,46,0,0],"gold":38,"neow_bonus":"THREE_ENEMY_KILL","is_daily":false,"chose_seed":false,"campfire_upgraded":1,"win_rate":0.0,"timestamp":1608798585,"path_taken":["M","M","M","M","?","R","?","M","T","M","?","?","?","?","R","BOSS"],"items_purchased_type":["Relic"],"build_version":"2020-12-22","purchased_purges":1,"victory":false,"max_hp_per_floor":[72,72,72,72,77,77,77,77,77,77,77,77,77,77,77,77,77],"card_choices":[{"not_picked":["CrushJoints","BowlingBash"],"picked":"CutThroughFate","floor":1},{"not_picked":["SignatureMove","EmptyMind"],"picked":"FollowUp","floor":2},{"not_picked":["LikeWater","CarveReality"],"picked":"EmptyBody","floor":3},{"not_picked":["Indignation","Halt"],"picked":"ClearTheMind","floor":4},{"not_picked":["Protect","EmptyBody"],"picked":"ClearTheMind","floor":7},{"not_picked":["Fasting2","PathToVictory"],"picked":"Adaptation","floor":8},{"not_picked":["CrushJoints","Meditate"],"picked":"EmptyFist","floor":10},{"not_picked":["SashWhip","JustLucky"],"picked":"FlurryOfBlows","floor":11}],"player_experience":276389,"relics_obtained":[{"floor":7,"key":"Ancient Tea Set"},{"floor":9,"key":"Bottled Lightning"},{"floor":12,"key":"Meat on the Bone"}],"event_choices":[{"damage_healed":0,"gold_gain":0,"player_choice":"Donut","damage_taken":0,"max_hp_gain":5,"max_hp_loss":0,"event_name":"Big Fish","floor":5,"gold_loss":0},{"damage_healed":0,"gold_gain":0,"player_choice":"Searched \u00271\u0027 times","damage_taken":0,"max_hp_gain":0,"max_hp_loss":0,"event_name":"Dead Adventurer","floor":7,"gold_loss":0},{"cards_removed":["Strike_P"],"damage_healed":0,"gold_gain":0,"player_choice":"Card Removal","damage_taken":7,"max_hp_gain":0,"max_hp_loss":0,"event_name":"Golden Wing","floor":13,"gold_loss":0}],"is_beta":false,"boss_relics":[],"items_purged_floors":[14],"is_endless":false,"potions_floor_spawned":[8,10,11],"killed_by":"The Guardian","ascension_level":0}}