{"host":"7l2t4psy44vpcd9q","time":1608831297,"event":{"mods":["AchievementEnabler","BaseMod","DeckTracker","Minty Spire (QoL Compilation)","SuperFastMode"],"gold_per_floor":[216,266,139,156,56,56,84,95,95,95,126,142,142,56,56,130,130,141,160,171,76,92,118,131,161,212,19,29,29,29,29,29,102,102,121,175,189,206,223,223,248,248,275,287,306,336,347,379,379,379,379],"floor_reached":52,"playtime":3104,"items_purged":["Strike_R","Defend_R"],"score":2413,"play_id":"09171d04-077f-42f1-98cb-857e3ab46e88","local_time":"20201225023457","is_ascension_mode":true,"campfire_choices":[{"data":"Rampage","floor":6,"key":"SMITH"},{"data":"Infernal Blade","floor":10,"key":"SMITH"},{"floor":15,"key":"REST"},{"data":"Burning Pact","floor":29,"key":"SMITH"},{"data":"Shrug It Off","floor":32,"key":"SMITH"},{"data":"Corruption","floor":40,"key":"SMITH"},{"data":"Juggernaut","floor":42,"key":"SMITH"},{"data":"Body Slam","floor":49,"key":"SMITH"}],"circlet_count":0,"master_deck":["AscendersBane","Bash","Infernal Blade+1","Shrug It Off+1","Rampage+1","Burning Pact+1","Spot Weakness+1","Shockwave+1","Double Tap+1","Shrug It Off+1","True Grit+1","Offering+1","Purity+1","Warcry+1","Shrug It Off+1","Pummel","Master of Strategy+1","Bloodletting+1","Corruption+1","Sword Boomerang","Sword Boomerang","Juggernaut+1","Impervious+1","Body Slam+1","Evolve+1","Warcry+1","Power Through+1","Impervious+1","Battle Trance+1"],"relics":["Burning Blood","FossilizedHelix","Dead Branch","Toxic Egg 2","Sozu","Letter Opener","Calipers","Pen Nib","Pandora\u0027s Box","TungstenRod","Pocketwatch","Oddly Smooth Stone","Happy Flower","Red Skull"],"acts_visited":["Exordium","TheCity","TheBeyond"],"potions_floor_usage":[7,11,16],"damage_taken":[{"damage":17,"enemies":"Small Slimes","floor":1,"turns":4},{"damage":4,"enemies":"Cultist","floor":4,"turns":4},{"damage":32,"enemies":"Gremlin Nob","floor":7,"turns":4},{"damage":0,"enemies":"Jaw Worm","floor":8,"turns":4},{"damage":15,"enemies":"3 Sentries","floor":11,"turns":6},{"damage":2,"enemies":"Gremlin Gang","floor":12,"turns":5},{"damage":29,"enemies":"The Guardian","floor":16,"turns":8},{"damage":0,"enemies":"Chosen","floor":18,"turns":4},{"damage":8,"enemies":"3 Byrds","floor":19,"turns":4},{"damage":1,"enemies":"Cultist and Chosen","floor":20,"turns":6},{"damage":0,"enemies":"Centurion and Healer","floor":22,"turns":4},{"damage":0,"enemies":"Slavers","floor":23,"turns":3},{"damage":6,"enemies":"Snecko","floor":24,"turns":3},{"damage":20,"enemies":"Gremlin Leader","floor":25,"turns":4},{"damage":0,"enemies":"Sentry and Sphere","floor":28,"turns":4},{"damage":27,"enemies":"Collector","floor":33,"turns":9},{"damage":0,"enemies":"3 Darklings","floor":35,"turns":1},{"damage":21,"enemies":"2 Orb Walkers","floor":36,"turns":4},{"damage":0,"enemies":"Orb Walker","floor":37,"turns":2},{"damage":7,"enemies":"Maw","floor":38,"turns":5},{"damage":0,"enemies":"4 Shapes","floor":39,"turns":5},{"damage":0,"enemies":"Nemesis","floor":41,"turns":3},{"damage":3,"enemies":"Writhing Mass","floor":44,"turns":5},{"damage":2,"enemies":"Spire Growth","floor":45,"turns":1},{"damage":7,"enemies":"Reptomancer","floor":46,"turns":1},{"damage":6,"enemies":"Transient","floor":47,"turns":4},{"damage":1,"enemies":"Giant Head","floor":48,"turns":3},{"damage":0,"enemies":"Donu and Deca","floor":50,"turns":4},{"damage":6,"enemies":"Time Eater","floor":51,"turns":4}],"seed_played":"1376729027692939310","potions_obtained":[{"floor":1,"key":"DistilledChaos"},{"floor":8,"key":"Fire Potion"},{"floor":12,"key":"SteroidPotion"}],"is_trial":false,"path_per_floor":["M","?","$","M","$","R","E","M","T","R","E","M","?","$","R","B",null,"M","M","M","$","M","E","M","E","T","$","M","R","?","?","R","B",null,"M","?","M","M","M","R","E","R","T","M","M","E","M","E","R","B","B",null],"character_chosen":"IRONCLAD","items_purchased":["Shrug It Off","Shockwave+1","Purity+1","Master of Strategy+1"],"campfire_rested":1,"item_purchase_floors":[3,14,21,27],"current_hp_per_floor":[57,57,57,59,59,59,33,39,39,39,30,34,27,27,49,26,63,69,67,72,72,75,75,75,61,61,61,67,67,67,67,67,46,68,74,59,65,64,70,70,75,75,75,75,75,74,74,75,75,75,75],"gold":379,"neow_bonus":"HUNDRED_GOLD","is_daily":false,"chose_seed":false,"campfire_upgraded":7,"win_rate":0.0,"timestamp":1608831297,"path_taken":["M","?","$","M","$","R","E","M","T","R","E","?","?","?","R","BOSS","M","M","?","$","M","E","M","E","T","$","M","R","?","?","R","BOSS","M","?","M","M","M","R","E","R","T","M","M","E","M","E","R","BOSS","BOSS"],"items_purchased_type":["Card","Card","Card","Card"],"build_version":"2020-12-22","purchased_purges":2,"victory":true,"max_hp_per_floor":[75,75,75,75,75,75,75,75,75,75,75,75,75,75,75,75,75,75,75,75,75,75,75,75,75,75,75,75,75,75,75,75,75,75,75,75,75,75,75,75,75,75,75,75,75,75,75,75,75,75,75],"card_choices":[{"not_picked":["Battle Trance","Body Slam"],"picked":"Infernal Blade","floor":1},{"not_picked":["Heavy Blade","Fire Breathing"],"picked":"Rampage","floor":4},{"not_picked":["Shockwave","Flex"],"picked":"Burning Pact","floor":7},{"not_picked":["Warcry","Sword Boomerang","Heavy Blade"],"picked":"SKIP","floor":8},{"not_picked":["Sword Boomerang","Clothesline"],"picked":"Spot Weakness+1","floor":11},{"not_picked":["Perfected Strike","Clash","Iron Wave"],"picked":"SKIP","floor":12},{"not_picked":["Feed","Demon Form"],"picked":"Double Tap+1","floor":16},{"not_picked":["Headbutt","Iron Wave"],"picked":"Shrug It Off+1","floor":18},{"not_picked":["Anger","Headbutt"],"picked":"True Grit+1","floor":19},{"not_picked":["Warcry+1","Pummel"],"picked":"Offering+1","floor":20},{"not_picked":["Pommel Strike","Clothesline"],"picked":"Warcry+1","floor":22},{"not_picked":["Pommel Strike","Warcry+1","Fire Breathing"],"picked":"SKIP","floor":23},{"not_picked":["Iron Wave","Clothesline"],"picked":"Shrug It Off+1","floor":24},{"not_picked":["Headbutt","Wild Strike"],"picked":"Pummel","floor":25},{"not_picked":["Warcry+1","Thunderclap","Feed"],"picked":"SKIP","floor":28},{"not_picked":["Berserk","Bludgeon"],"picked":"Corruption","floor":33},{"not_picked":["Rupture+1","Wild Strike"],"picked":"Evolve+1","floor":35},{"not_picked":["Dropkick","Reckless Charge"],"picked":"Warcry+1","floor":36},{"not_picked":["Carnage+1","Whirlwind"],"picked":"Power Through+1","floor":37},{"not_picked":["Blood for Blood","Armaments+1","Clothesline"],"picked":"SKIP","floor":38},{"not_picked":["Wild Strike+1","Clothesline","Bloodletting+1"],"picked":"SKIP","floor":39},{"not_picked":["Clothesline","Perfected Strike","True Grit+1"],"picked":"SKIP","floor":41},{"not_picked":["Ghostly Armor+1","Heavy Blade"],"picked":"Impervious+1","floor":44},{"not_picked":["Clothesline","Reckless Charge","Thunderclap+1"],"picked":"SKIP","floor":45},{"not_picked":["Uppercut","Anger+1","Corruption"],"picked":"SKIP","floor":46},{"not_picked":["Flex+1","Clothesline"],"picked":"Battle Trance+1","floor":47},{"not_picked":["Fiend Fire","Rampage","Perfected Strike"],"picked":"SKIP","floor":48}],"player_experience":1138457,"relics_obtained":[{"floor":7,"key":"FossilizedHelix"},{"floor":9,"key":"Dead Branch"},{"floor":11,"key":"Toxic Egg 2"},{"floor":23,"key":"Letter Opener"},{"floor":25,"key":"Calipers"},{"floor":26,"key":"Pen Nib"},{"floor":36,"key":"TungstenRod"},{"floor":41,"key":"Pocketwatch"},{"floor":43,"key":"Oddly Smooth Stone"},{"floor":46,"key":"Happy Flower"},{"floor":48,"key":"Red Skull"}],"event_choices":[{"damage_healed":0,"gold_gain":50,"player_choice":"Pray","damage_taken":0,"max_hp_gain":0,"max_hp_loss":0,"event_name":"Golden Shrine","floor":2,"gold_loss":0},{"cards_removed":["Defend_R"],"damage_healed":0,"gold_gain":0,"player_choice":"Card Removal","damage_taken":7,"max_hp_gain":0,"max_hp_loss":0,"event_name":"Golden Wing","floor":13,"gold_loss":0},{"damage_healed":0,"gold_gain":0,"player_choice":"Read","damage_taken":0,"max_hp_gain":0,"max_hp_loss":0,"event_name":"The Library","floor":30,"gold_loss":0,"cards_obtained":["Bloodletting"]},{"cards_removed":["Strike_R"],"damage_healed":0,"gold_gain":0,"player_choice":"Elegance","damage_taken":0,"max_hp_gain":0,"max_hp_loss":0,"event_name":"Back to Basics","floor":31,"gold_loss":0},{"damage_healed":0,"gold_gain":0,"player_choice":"Fight","damage_taken":0,"max_hp_gain":0,"max_hp_loss":0,"event_name":"Mysterious Sphere","floor":36,"gold_loss":0}],"is_beta":false,"boss_relics":[{"not_picked":["Runic Dome","SacredBark"],"picked":"Sozu"},{"not_picked":["Calling Bell","Cursed Key"],"picked":"Pandora\u0027s Box"}],"items_purged_floors":[3,5],"is_endless":false,"potions_floor_spawned":[1,8,12,18,19,22,25,35,44,45,48],"ascension_level":20}}