{"host":"dlyy4wv9zatha4f7","time":1608845059,"event":{"mods":["BaseMod","Better Third Choice","Colored Map","GifTheSpireLib","Minty Spire (QoL Compilation)","Spicy Shops","StSLib","SuperFastMode","Unceasing Turn Reminder"],"gold_per_floor":[117,192,59,9,9,9,22,51,97,97,26,53,53,70,70,165,165,178,192,208,31,43,69,69,100,127,42,42,61,61,95,95,197,197,207,224,99,116,129,158,158,183,252,252,26,36,36,69,69,69],"floor_reached":51,"playtime":2120,"items_purged":["Pride","Strike_G","Defend_G","Doubt"],"score":1465,"play_id":"2452a614-b819-4709-90c6-fbf1603629c3","local_time":"20201224232419","is_ascension_mode":true,"campfire_choices":[{"data":"Skewer","floor":6,"key":"SMITH"},{"data":"Neutralize","floor":10,"key":"SMITH"},{"data":"Footwork","floor":13,"key":"SMITH"},{"data":"Dodge and Roll","floor":15,"key":"SMITH"},{"floor":24,"key":"REST"},{"data":"Well Laid Plans","floor":28,"key":"SMITH"},{"data":"Wraith Form v2","floor":30,"key":"SMITH"},{"data":"Phantasmal Killer","floor":32,"key":"SMITH"},{"floor":47,"key":"RECALL"},{"floor":49,"key":"REST"}],"circlet_count":0,"master_deck":["Strike_G","Strike_G","Strike_G+1","Defend_G","Defend_G","Defend_G","Defend_G","Survivor","Neutralize+1","Skewer+1","Acrobatics","Skewer+1","PiercingWail","Footwork+1","Dodge and Roll+1","Phantasmal Killer+1","Well Laid Plans+1","Flying Knee+1","Blur+1","Backflip","Endless Agony+1","Wraith Form v2+1","Phantasmal Killer","Backflip+1","Die Die Die+1","Trip","Finesse","Panache","Dodge and Roll+1","Skewer+1"],"relics":["Ring of the Snake","NeowsBlessing","Chemical X","Regal Pillow","Whetstone","Lantern","SlaversCollar","Bag of Preparation","Nunchaku","Molten Egg 2","Tiny Chest","Pear","Question Card","Fusion Hammer","Gremlin Horn","Potion Belt","Paper Crane","Bottled Tornado"],"acts_visited":["Exordium","TheCity","TheBeyond"],"potions_floor_usage":[16,20,23,23,50,50,50,50,50,50,50,50],"damage_taken":[{"damage":0.0,"enemies":"2 Louse","floor":1.0,"turns":1.0},{"damage":0,"enemies":"Cultist","floor":7,"turns":1},{"damage":0,"enemies":"Lagavulin","floor":8,"turns":1},{"damage":12,"enemies":"Gremlin Nob","floor":12,"turns":3},{"damage":10,"enemies":"Small Slimes","floor":14,"turns":5},{"damage":3,"enemies":"The Guardian","floor":16,"turns":8},{"damage":5,"enemies":"2 Thieves","floor":18,"turns":4},{"damage":4,"enemies":"3 Byrds","floor":19,"turns":6},{"damage":16,"enemies":"3 Cultists","floor":20,"turns":7},{"damage":0,"enemies":"Centurion and Healer","floor":22,"turns":5},{"damage":0,"enemies":"Book of Stabbing","floor":23,"turns":3},{"damage":0,"enemies":"Gremlin Leader","floor":25,"turns":7},{"damage":0,"enemies":"Snake Plant","floor":29,"turns":5},{"damage":1,"enemies":"Slavers","floor":31,"turns":6},{"damage":0,"enemies":"Collector","floor":33,"turns":9},{"damage":1,"enemies":"Orb Walker","floor":35,"turns":3},{"damage":5,"enemies":"3 Darklings","floor":36,"turns":8},{"damage":35,"enemies":"Writhing Mass","floor":38,"turns":6},{"damage":9,"enemies":"Transient","floor":39,"turns":5},{"damage":0,"enemies":"Giant Head","floor":40,"turns":7},{"damage":0,"enemies":"Reptomancer","floor":42,"turns":5},{"damage":0,"enemies":"Maw","floor":46,"turns":4},{"damage":8,"enemies":"Giant Head","floor":48,"turns":6},{"damage":0,"enemies":"Time Eater","floor":50,"turns":7}],"seed_played":"2537035710616396365","potions_obtained":[{"floor":7,"key":"FearPotion"},{"floor":14,"key":"Explosive Potion"},{"floor":18,"key":"LiquidMemories"},{"floor":19,"key":"Poison Potion"},{"floor":29,"key":"BlessingOfTheForge"},{"floor":31,"key":"LiquidBronze"},{"floor":40,"key":"Energy Potion"},{"floor":42,"key":"DistilledChaos"},{"floor":48,"key":"EntropicBrew"}],"is_trial":false,"path_per_floor":["M","?","$","?","?","R","M","E","T","R","$","E","R","M","R","B",null,"M","M","M","$","M","E","R","E","T","?","R","M","R","E","R","B",null,"M","M","$","M","M","E","?","E","T","?","$","M","R","E","R","B",null],"character_chosen":"THE_SILENT","items_purchased":["Chemical X","Footwork","Bag of Preparation","Skewer+1"],"campfire_rested":2,"item_purchase_floors":[3,11,21,45],"current_hp_per_floor":[63,56,56,56,56,56,56,56,56,56,56,44,44,34,34,31,60,55,51,35,35,35,35,70,70,70,80,80,80,80,79,79,79,80,79,74,74,39,30,30,20,20,20,80,80,80,80,72,80,80],"gold":69,"neow_bonus":"THREE_ENEMY_KILL","is_daily":false,"chose_seed":false,"campfire_upgraded":7,"win_rate":0.0,"timestamp":1608845059,"path_taken":["M","?","?","?","?","R","?","E","T","R","?","E","R","M","R","BOSS","M","M","M","$","M","E","R","E","T","?","R","M","R","E","R","BOSS","M","M","$","M","M","E","?","E","T","?","$","M","R","E","R","BOSS"],"items_purchased_type":["Relic","Card","Relic","Card"],"build_version":"2020-12-22","purchased_purges":4,"victory":true,"max_hp_per_floor":[70,70,70,70,70,70,70,70,70,70,70,70,70,70,70,70,70,70,70,70,70,70,70,70,70,70,80,80,80,80,80,80,80,80,80,80,80,80,80,80,80,80,80,80,80,80,80,80,80,80],"card_choices":[{"not_picked":["Prepared","Dagger Throw"],"picked":"Skewer","floor":1},{"not_picked":["Outmaneuver","Blade Dance"],"picked":"Skewer","floor":7},{"not_picked":["Dagger Spray","Unload"],"picked":"PiercingWail","floor":8},{"not_picked":["Blade Dance","Noxious Fumes","Bane"],"picked":"SKIP","floor":12},{"not_picked":["Quick Slash","Bane"],"picked":"Dodge and Roll","floor":14},{"not_picked":["Glass Knife","Burst"],"picked":"Phantasmal Killer","floor":16},{"not_picked":["Setup","Deadly Poison+1","Deflect"],"picked":"SKIP","floor":18},{"not_picked":["Prepared+1","Dodge and Roll"],"picked":"Well Laid Plans","floor":19},{"not_picked":["Distraction","All Out Attack+1"],"picked":"Flying Knee+1","floor":20},{"not_picked":["Bane","Noxious Fumes"],"picked":"Blur+1","floor":22},{"not_picked":["Dodge and Roll","Backstab"],"picked":"Backflip","floor":23},{"not_picked":["Poisoned Stab+1","Bane+1"],"picked":"Endless Agony+1","floor":25},{"not_picked":["Backflip","Dash+1"],"picked":"Wraith Form v2","floor":29},{"not_picked":["Acrobatics+1","Concentrate","Outmaneuver"],"picked":"SKIP","floor":31},{"not_picked":["Corpse Explosion","Grand Finale+1","Malaise"],"picked":"Phantasmal Killer","floor":33},{"not_picked":["Sucker Punch+1","Dagger Throw+1","Slice+1","Dagger Spray+1"],"picked":"SKIP","floor":35},{"not_picked":["Bane+1","Eviscerate+1","Noxious Fumes+1","Acrobatics+1"],"picked":"SKIP","floor":36},{"not_picked":["Heel Hook+1","Acrobatics+1","Underhanded Strike+1","Riddle With Holes+1"],"picked":"SKIP","floor":38},{"not_picked":["Flying Knee+1","Deadly Poison+1","Blade Dance+1"],"picked":"Backflip+1","floor":39},{"not_picked":["Expertise+1","Caltrops","Concentrate"],"picked":"Die Die Die+1","floor":40},{"not_picked":["Master of Strategy","Swift Strike+1","HandOfGreed+1"],"picked":"Trip","floor":41},{"not_picked":["Forethought","Blind","Chrysalis"],"picked":"Finesse","floor":41},{"not_picked":["Bandage Up","Magnetism","Trip"],"picked":"Panache","floor":41},{"not_picked":["Underhanded Strike+1","Outmaneuver","Poisoned Stab+1"],"picked":"Dodge and Roll+1","floor":42},{"not_picked":["Outmaneuver+1","Slice+1","Concentrate","Crippling Poison"],"picked":"SKIP","floor":46},{"not_picked":["Underhanded Strike+1","Masterful Stab+1","Deflect+1","Reflex+1"],"picked":"SKIP","floor":48}],"player_experience":2219839,"relics_obtained":[{"floor":8,"key":"Regal Pillow"},{"floor":9,"key":"Whetstone"},{"floor":12,"key":"Lantern"},{"floor":23,"key":"Nunchaku"},{"floor":25,"key":"Molten Egg 2"},{"floor":26,"key":"Tiny Chest"},{"floor":31,"key":"Question Card"},{"floor":40,"key":"Gremlin Horn"},{"floor":42,"key":"Potion Belt"},{"floor":43,"key":"Paper Crane"},{"floor":48,"key":"Bottled Tornado"}],"event_choices":[{"damage_healed":0,"gold_gain":75,"player_choice":"Touch","damage_taken":7,"max_hp_gain":0,"max_hp_loss":0,"event_name":"FaceTrader","floor":2,"gold_loss":0},{"cards_removed":["Strike_G"],"damage_healed":0,"gold_gain":0,"player_choice":"Card Removal","damage_taken":0,"max_hp_gain":0,"max_hp_loss":0,"event_name":"The Cleric","floor":4,"gold_loss":50},{"damage_healed":0,"gold_gain":0,"player_choice":"1 cards matched","damage_taken":0,"max_hp_gain":0,"max_hp_loss":0,"event_name":"Match and Keep!","floor":5,"gold_loss":0,"cards_obtained":["Acrobatics"]},{"damage_healed":0,"gold_gain":0,"player_choice":"Obtained Relic","damage_taken":0,"relics_obtained":["Pear"],"max_hp_gain":0,"max_hp_loss":0,"event_name":"Addict","floor":27,"gold_loss":85},{"damage_healed":0,"gold_gain":0,"player_choice":"Memory 3","damage_taken":10,"max_hp_gain":0,"max_hp_loss":0,"event_name":"SensoryStone","floor":41,"gold_loss":0},{"damage_healed":60,"gold_gain":0,"player_choice":"Heal","damage_taken":0,"max_hp_gain":0,"max_hp_loss":0,"event_name":"MindBloom","floor":44,"gold_loss":0,"cards_obtained":["Doubt"]}],"is_beta":false,"boss_relics":[{"not_picked":["Cursed Key","Runic Pyramid"],"picked":"SlaversCollar"},{"not_picked":["Pandora\u0027s Box","Tiny House"],"picked":"Fusion Hammer"}],"items_purged_floors":[3,21,37,45],"is_endless":false,"potions_floor_spawned":[7,14,18,19,29,31,40,42,48],"ascension_level":9}}