{"host":"diy71vlueofrnn1o","time":1608809795,"event":{"mods":["2.2 Compatiblity","AchievementEnabler","BaseMod","Best Route Mod","Colored Map","Curses Come First","DeckTracker","Minty Spire (QoL Compilation)","Quick Restart","Rare Cards Sparkle","StSLib","SuperFastMode"],"gold_per_floor":[118,131,206,206,206,206,241,241,321,335,44,93,93,127,127,265,265,292,305,326,335,387,410,410,453,453,480,480,516,37,79,102,102,241,241,261,275,304,328,661,691,691,104,104,104,128,171,171,171,171,171],"floor_reached":52,"playtime":1614,"items_purged":["Strike_G","Defend_G"],"score":1294,"play_id":"d6855def-10c5-425b-97a0-0f9c65586f67","local_time":"20201224123635","is_ascension_mode":true,"campfire_choices":[{"data":"Neutralize","floor":6.0,"key":"SMITH"},{"data":"Endless Agony","floor":8.0,"key":"SMITH"},{"data":"After Image","floor":13.0,"key":"SMITH"},{"data":"Dash","floor":15.0,"key":"SMITH"},{"data":"Phantasmal Killer","floor":24,"key":"SMITH"},{"data":"RitualDagger","floor":26,"key":"SMITH"},{"floor":33,"key":"REST"},{"data":"Choke","floor":42,"key":"SMITH"},{"floor":45,"key":"REST"},{"data":"Malaise","floor":48,"key":"SMITH"},{"data":"Doppelganger","floor":50,"key":"SMITH"}],"circlet_count":0,"master_deck":["Strike_G","Strike_G+1","Strike_G","Defend_G","Defend_G","Defend_G","Defend_G","Survivor","Neutralize+1","Poisoned Stab","Poisoned Stab+1","Endless Agony+1","Malaise+1","After Image+1","Dash+1","Phantasmal Killer+1","Blade Dance","RitualDagger+1","Backstab+1","Choke+1","Blur+1","Dagger Spray+1","Doppelganger+1","Blade Dance+1","Trip+1","Cloak And Dagger+1","Burst+1"],"relics":["Ring of the Serpent","NeowsBlessing","Anchor","Ninja Scroll","Whetstone","CeramicFish","Letter Opener","WristBlade","Red Mask","Akabeko","Happy Flower","MawBank","Bag of Marbles","HornCleat","Snake Skull","Toy Ornithopter","Chemical X","Toxic Egg 2","Dream Catcher","Question Card","Pantograph"],"acts_visited":["Exordium","TheCity","TheBeyond"],"potions_floor_usage":[22,23,29,29,34,51,51],"damage_taken":[{"damage":0.0,"enemies":"Cultist","floor":1.0,"turns":1.0},{"damage":0.0,"enemies":"Jaw Worm","floor":2.0,"turns":1.0},{"damage":0.0,"enemies":"3 Sentries","floor":7.0,"turns":2.0},{"damage":0.0,"enemies":"2 Louse","floor":10.0,"turns":2.0},{"damage":23.0,"enemies":"Lagavulin","floor":12.0,"turns":5.0},{"damage":3.0,"enemies":"Gremlin Gang","floor":14.0,"turns":4.0},{"damage":0.0,"enemies":"Hexaghost","floor":16.0,"turns":10.0},{"damage":0.0,"enemies":"Shell Parasite","floor":18.0,"turns":2.0},{"damage":0.0,"enemies":"Chosen","floor":19.0,"turns":4.0},{"damage":0.0,"enemies":"Snecko","floor":20.0,"turns":2.0},{"damage":0,"enemies":"Masked Bandits","floor":22,"turns":2},{"damage":0,"enemies":"Snake Plant","floor":23,"turns":2},{"damage":0,"enemies":"Slavers","floor":25,"turns":3},{"damage":33,"enemies":"Gremlin Leader","floor":29,"turns":6},{"damage":0,"enemies":"Book of Stabbing","floor":31,"turns":3},{"damage":0,"enemies":"3 Cultists","floor":32,"turns":3},{"damage":27,"enemies":"Champ","floor":34,"turns":8},{"damage":0,"enemies":"3 Darklings","floor":36,"turns":4},{"damage":4,"enemies":"3 Shapes","floor":37,"turns":2},{"damage":13,"enemies":"Maw","floor":38,"turns":7},{"damage":3,"enemies":"Writhing Mass","floor":39,"turns":5},{"damage":0,"enemies":"Reptomancer","floor":41,"turns":3},{"damage":0,"enemies":"Spire Growth","floor":46,"turns":2},{"damage":0,"enemies":"Giant Head","floor":47,"turns":5},{"damage":15,"enemies":"Donu and Deca","floor":51,"turns":6}],"seed_played":"7522357411233005163","potions_obtained":[{"floor":1.0,"key":"Block Potion"},{"floor":12.0,"key":"Energy Potion"},{"floor":14.0,"key":"Explosive Potion"},{"floor":16.0,"key":"Swift Potion"},{"floor":18.0,"key":"Energy Potion"},{"floor":22,"key":"Dexterity Potion"},{"floor":23,"key":"SteroidPotion"},{"floor":32,"key":"Dexterity Potion"},{"floor":36,"key":"PowerPotion"},{"floor":37,"key":"LiquidMemories"},{"floor":46,"key":"Weak Potion"}],"is_trial":false,"path_per_floor":["M","M","?","?","?","R","E","R","T","M","$","E","R","M","R","B",null,"M","M","M","?","?","M","R","E","R","T","?","E","$","E","M","R","B",null,"M","M","M","M","?","E","R","$","T","R","M","E","R","T","R","B",null],"character_chosen":"THE_SILENT","items_purchased":["Whetstone","CeramicFish","Bag of Marbles","HornCleat","Chemical X","Toxic Egg 2","Trip+1"],"campfire_rested":2,"item_purchase_floors":[11,11,30,30,43,43,43],"current_hp_per_floor":[63,63,52,52,52,52,52,52,52,52,52,29,29,26,26,26,55,55,55,55,49,49,49,49,49,49,49,49,16,16,16,16,35,8,51,51,47,34,31,31,31,31,31,31,50,50,50,50,50,50,50],"gold":171,"neow_bonus":"THREE_ENEMY_KILL","is_daily":false,"chose_seed":false,"campfire_upgraded":9,"win_rate":0.0,"timestamp":1608809795,"path_taken":["M","M","?","?","?","R","E","R","T","M","$","E","R","M","R","BOSS","M","?","M","?","?","M","R","E","R","T","?","E","?","E","M","R","BOSS","M","M","M","M","?","E","R","$","T","R","M","E","R","?","R","BOSS"],"items_purchased_type":["Relic","Relic","Relic","Relic","Relic","Relic","Card"],"build_version":"2020-12-22","purchased_purges":2,"victory":true,"max_hp_per_floor":[70,70,70,65,65,65,65,65,65,65,65,65,65,65,65,65,65,65,65,65,65,65,65,65,65,65,65,65,65,65,65,65,65,65,65,65,65,65,65,65,65,65,65,65,65,65,65,65,65,65,65],"card_choices":[{"not_picked":["Tactician","Deflect"],"picked":"Poisoned Stab","floor":1.0},{"not_picked":["Deflect","Expertise"],"picked":"Poisoned Stab","floor":2.0},{"not_picked":["Blade Dance","Poisoned Stab"],"picked":"Endless Agony","floor":7.0},{"not_picked":["PiercingWail","Backflip"],"picked":"Malaise","floor":10.0},{"not_picked":["Catalyst","Poisoned Stab"],"picked":"After Image","floor":12.0},{"not_picked":["Dodge and Roll","Poisoned Stab"],"picked":"Dash","floor":14.0},{"not_picked":["Tools of the Trade","Corpse Explosion"],"picked":"Phantasmal Killer","floor":16.0},{"not_picked":["Calculated Gamble+1","Underhanded Strike+1"],"picked":"Blade Dance","floor":18.0},{"not_picked":["Poisoned Stab","Riddle With Holes+1","Acrobatics+1"],"picked":"SKIP","floor":19.0},{"not_picked":["Acrobatics","Glass Knife","Leg Sweep"],"picked":"SKIP","floor":20.0},{"not_picked":["Outmaneuver","Well Laid Plans"],"picked":"Backstab+1","floor":22},{"not_picked":["Predator","Dagger Spray","Eviscerate+1"],"picked":"SKIP","floor":23},{"not_picked":["Deadly Poison+1","Outmaneuver+1"],"picked":"Choke","floor":25},{"not_picked":["Predator","PiercingWail","Deflect"],"picked":"SKIP","floor":29},{"not_picked":["PiercingWail","Dagger Spray"],"picked":"Blur+1","floor":31},{"not_picked":["Prepared","Poisoned Stab"],"picked":"Dagger Spray+1","floor":32},{"not_picked":["A Thousand Cuts","Malaise"],"picked":"Doppelganger","floor":34},{"not_picked":["Sucker Punch+1","Dagger Spray","Dodge and Roll"],"picked":"SKIP","floor":36},{"not_picked":["Deflect","PiercingWail","Noxious Fumes+1"],"picked":"SKIP","floor":37},{"not_picked":["Acrobatics","Backflip+1"],"picked":"Blade Dance+1","floor":38},{"not_picked":["Dodge and Roll","Slice","Reflex+1"],"picked":"SKIP","floor":39},{"not_picked":["Skewer+1","Outmaneuver+1","Riddle With Holes+1"],"picked":"SKIP","floor":41},{"not_picked":["Tactician+1","Underhanded Strike+1"],"picked":"Cloak And Dagger+1","floor":46},{"not_picked":["Masterful Stab","Quick Slash+1"],"picked":"Burst+1","floor":47}],"player_experience":392375,"relics_obtained":[{"floor":7.0,"key":"Anchor"},{"floor":9.0,"key":"Ninja Scroll"},{"floor":12.0,"key":"Letter Opener"},{"floor":22,"key":"Red Mask"},{"floor":25,"key":"Akabeko"},{"floor":27,"key":"Happy Flower"},{"floor":29,"key":"MawBank"},{"floor":31,"key":"Snake Skull"},{"floor":41,"key":"Toy Ornithopter"},{"floor":44,"key":"Dream Catcher"},{"floor":47,"key":"Question Card"},{"floor":49,"key":"Pantograph"}],"event_choices":[{"damage_healed":0.0,"max_hp_gain":0.0,"max_hp_loss":0.0,"gold_gain":75.0,"event_name":"World of Goop","player_choice":"Gather Gold","floor":3.0,"gold_loss":0.0,"damage_taken":11.0},{"damage_healed":0.0,"max_hp_gain":0.0,"max_hp_loss":5.0,"gold_gain":0.0,"event_name":"Golden Idol","player_choice":"Lose Max HP","floor":4.0,"gold_loss":0.0,"damage_taken":0.0,"relics_obtained":["Golden Idol"]},{"cards_removed":["Strike_G"],"damage_healed":0.0,"max_hp_gain":0.0,"max_hp_loss":0.0,"gold_gain":0.0,"event_name":"Purifier","player_choice":"Purged","floor":5.0,"gold_loss":0.0,"damage_taken":0.0},{"damage_healed":0.0,"max_hp_gain":0.0,"max_hp_loss":0.0,"gold_gain":0.0,"event_name":"Nest","player_choice":"Joined the Cult","floor":21.0,"gold_loss":0.0,"damage_taken":6.0,"cards_obtained":["RitualDagger"]},{"damage_healed":0,"gold_gain":0,"player_choice":"Fought Bandits","damage_taken":0,"max_hp_gain":0,"max_hp_loss":0,"event_name":"Masked Bandits","floor":22,"gold_loss":0},{"damage_healed":0,"gold_gain":0,"player_choice":"Ignored","damage_taken":0,"max_hp_gain":0,"max_hp_loss":0,"event_name":"Vampires","floor":28,"gold_loss":0},{"damage_healed":0,"gold_gain":333,"player_choice":"Gave Idol","damage_taken":0,"max_hp_gain":0,"max_hp_loss":0,"event_name":"The Moai Head","floor":40,"relics_lost":["Golden Idol"],"gold_loss":0}],"is_beta":false,"boss_relics":[{"not_picked":["Pandora\u0027s Box","Tiny House"],"picked":"WristBlade"},{"not_picked":["Velvet Choker","Runic Dome"],"picked":"Ring of the Serpent"}],"items_purged_floors":[30,43],"is_endless":false,"potions_floor_spawned":[1,12,14,16,18,22,23,32,36,37,46],"ascension_level":7}}