{"host":"4nqeo0vu1vuav7gg","time":1608817719,"event":{"mods":["AchievementEnabler","BaseMod","Block Reminder","Colored Map","Colored Powertips","Highlight Path","Minty Spire (QoL Compilation)","Quick Restart","Rare Cards Sparkle","Relic Relevance Reorder","StSLib"],"gold_per_floor":[115,128,138,10,22,22,33,45,45,71,90,90,103,28,28,103,103,118,129,404,416,158,185,185,204,204,204,204,42,56,72,72,146,146,164,183,22,35,0,0,0,0,0,30,44,63,88,104,104,104,104],"floor_reached":50,"playtime":3209,"items_purged":["Strike_B","Regret"],"score":1024,"play_id":"ed246b93-bac2-486e-845b-feb22ff380aa","local_time":"20201224144839","is_ascension_mode":true,"campfire_choices":[{"floor":6.0,"key":"REST"},{"floor":12.0,"key":"REST"},{"floor":15.0,"key":"REST"},{"floor":24.0,"key":"REST"},{"floor":32.0,"key":"REST"},{"data":"Defragment","floor":40.0,"key":"SMITH"},{"data":"Loop","floor":42.0,"key":"SMITH"},{"floor":49.0,"key":"RECALL"}],"circlet_count":0,"master_deck":["AscendersBane","Zap+1","Dualcast","Skim","Capacitor","Ball Lightning","Defragment+1","Cold Snap","Coolheaded","Doom and Gloom","Conserve Battery","Compile Driver","Genetic Algorithm","Ball Lightning","Cold Snap","Undo","Thunder Strike","Sunder","Doom and Gloom","Chill","Aggregate","Fusion","Capacitor","Undo+1","Consume+1","Barrage","Static Discharge","Aggregate+1","White Noise+1","Reboot+1","Coolheaded+1","Capacitor+1","Parasite","Loop+1","Turbo+1","Turbo+1","Glacier+1","Turbo+1"],"relics":["Cracked Core","Mummified Hand","Mercury Hourglass","Lantern","Sundial","Blood Vial","Red Mask","Bag of Preparation","Question Card","Toxic Egg 2","Dream Catcher","Pandora\u0027s Box","Empty Cage","Meat on the Bone"],"acts_visited":["Exordium","TheCity","TheBeyond"],"potions_floor_usage":[],"damage_taken":[{"damage":9.0,"enemies":"Small Slimes","floor":1.0,"turns":3.0},{"damage":1.0,"enemies":"Cultist","floor":2.0,"turns":4.0},{"damage":5.0,"enemies":"2 Louse","floor":3.0,"turns":4.0},{"damage":30.0,"enemies":"Gremlin Gang","floor":5.0,"turns":4.0},{"damage":6.0,"enemies":"Red Slaver","floor":7.0,"turns":3.0},{"damage":12.0,"enemies":"2 Fungi Beasts","floor":8.0,"turns":3.0},{"damage":19.0,"enemies":"Lagavulin","floor":10.0,"turns":6.0},{"damage":0.0,"enemies":"Gremlin Gang","floor":11.0,"turns":3.0},{"damage":10.0,"enemies":"Exordium Thugs","floor":13.0,"turns":4.0},{"damage":23.0,"enemies":"Slime Boss","floor":16.0,"turns":10.0},{"damage":11.0,"enemies":"Shell Parasite","floor":18.0,"turns":7.0},{"damage":3.0,"enemies":"Chosen","floor":19.0,"turns":4.0},{"damage":23.0,"enemies":"3 Cultists","floor":21.0,"turns":5.0},{"damage":11.0,"enemies":"Gremlin Leader","floor":23.0,"turns":6.0},{"damage":19.0,"enemies":"Sentry and Sphere","floor":25.0,"turns":4.0},{"damage":0.0,"enemies":"Centurion and Healer","floor":30.0,"turns":2.0},{"damage":8.0,"enemies":"Snecko","floor":31.0,"turns":5.0},{"damage":16.0,"enemies":"Champ","floor":33.0,"turns":9.0},{"damage":5.0,"enemies":"3 Darklings","floor":35.0,"turns":3.0},{"damage":0.0,"enemies":"Orb Walker","floor":36.0,"turns":2.0},{"damage":10.0,"enemies":"Writhing Mass","floor":38.0,"turns":8.0},{"damage":0.0,"enemies":"Giant Head","floor":44.0,"turns":7.0},{"damage":0.0,"enemies":"3 Darklings","floor":45.0,"turns":3.0},{"damage":7.0,"enemies":"4 Shapes","floor":46.0,"turns":4.0},{"damage":32.0,"enemies":"Nemesis","floor":47.0,"turns":5.0},{"damage":10.0,"enemies":"Sphere and 2 Shapes","floor":48.0,"turns":6.0},{"damage":37,"enemies":"Time Eater","floor":50,"turns":3}],"seed_played":"-7094079006511490100","potions_obtained":[{"floor":3.0,"key":"SkillPotion"},{"floor":7.0,"key":"FearPotion"},{"floor":8.0,"key":"LiquidBronze"},{"floor":11.0,"key":"FocusPotion"},{"floor":21.0,"key":"PotionOfCapacity"},{"floor":23.0,"key":"EssenceOfSteel"},{"floor":28.0,"key":"Ancient Potion"},{"floor":28.0,"key":"PowerPotion"},{"floor":30.0,"key":"FearPotion"},{"floor":35.0,"key":"Weak Potion"},{"floor":46.0,"key":"Fire Potion"},{"floor":48.0,"key":"Dexterity Potion"}],"is_trial":false,"path_per_floor":["M","M","M","$","M","R","M","M","T","E","M","R","M","$","R","B",null,"M","M","?","M","$","E","R","M","T","T","?","$","M","M","R","B",null,"M","M","$","M","?","R","?","R","T","E","M","M","E","M","R","B"],"character_chosen":"DEFECT","items_purchased":["Defragment","Cold Snap","Bag of Preparation","Static Discharge","GamblersBrew","Blood Vial"],"campfire_rested":5,"item_purchase_floors":[4,4,22,29,29,37],"current_hp_per_floor":[55,54,49,49,19,40,34,22,22,3,3,24,14,14,35,12,56,45,42,42,19,19,8,29,10,10,10,10,10,10,2,23,7,55,50,50,50,42,42,42,42,42,42,44,46,41,23,27,27,0,0],"gold":104,"neow_bonus":"UPGRADE_CARD","is_daily":false,"chose_seed":false,"campfire_upgraded":2,"win_rate":0.0,"timestamp":1608817719,"path_taken":["M","M","M","$","M","R","M","M","T","E","M","R","M","$","R","BOSS","M","M","?","?","$","E","R","M","T","?","?","$","M","M","R","BOSS","M","M","$","M","?","R","?","R","T","E","?","M","E","M","R","BOSS"],"items_purchased_type":["Card","Card","Relic","Card","Potion","Relic"],"build_version":"2020-12-22","purchased_purges":2,"victory":false,"max_hp_per_floor":[71,71,71,71,71,71,71,71,71,71,71,71,71,71,71,71,71,71,71,71,71,71,71,71,71,71,71,71,71,71,71,71,71,71,71,71,71,71,71,71,71,71,71,71,71,71,71,71,71,71,71],"card_choices":[{"not_picked":["Hologram","Reinforced Body"],"picked":"Skim","floor":1.0},{"not_picked":["Conserve Battery","Go for the Eyes"],"picked":"Capacitor","floor":2.0},{"not_picked":["Steam Power","Machine Learning"],"picked":"Ball Lightning","floor":3.0},{"not_picked":["Tempest","Hologram"],"picked":"Coolheaded","floor":5.0},{"not_picked":["Turbo","Barrage"],"picked":"Doom and Gloom","floor":7.0},{"not_picked":["Coolheaded","Leap"],"picked":"Conserve Battery","floor":8.0},{"not_picked":["Turbo","Heatsinks"],"picked":"Compile Driver","floor":10.0},{"not_picked":["Go for the Eyes","Chill"],"picked":"Genetic Algorithm","floor":11.0},{"not_picked":["Rip and Tear","Cold Snap"],"picked":"Ball Lightning","floor":12.0},{"not_picked":["Genetic Algorithm","Redo"],"picked":"Cold Snap","floor":13.0},{"not_picked":["Streamline","All For One"],"picked":"Undo","floor":15.0},{"not_picked":["Reboot","Amplify"],"picked":"Thunder Strike","floor":16.0},{"not_picked":["Redo","Heatsinks"],"picked":"Capacitor","floor":18.0},{"not_picked":["Tempest","Doom and Gloom","Chaos"],"picked":"SKIP","floor":19.0},{"not_picked":["Streamline","Sunder","Cold Snap"],"picked":"SKIP","floor":21.0},{"not_picked":["Go for the Eyes","Compile Driver"],"picked":"Undo+1","floor":23.0},{"not_picked":["Storm","Defragment"],"picked":"Consume+1","floor":24.0},{"not_picked":["Steam+1","Cold Snap"],"picked":"Barrage","floor":25.0},{"not_picked":["Beam Cell","Hello World"],"picked":"Aggregate+1","floor":30.0},{"not_picked":["Steam+1","Core Surge"],"picked":"White Noise+1","floor":31.0},{"not_picked":["Biased Cognition","Amplify+1"],"picked":"Reboot+1","floor":33.0},{"not_picked":["Leap+1","Darkness+1"],"picked":"Coolheaded+1","floor":35.0},{"not_picked":["Hologram+1","Aggregate+1"],"picked":"Capacitor+1","floor":36.0},{"not_picked":["Turbo+1","Skim+1"],"picked":"Loop","floor":38.0},{"not_picked":["Machine Learning","Auto Shields+1","Sunder"],"picked":"SKIP","floor":44.0},{"not_picked":["Hello World","Hologram+1"],"picked":"Turbo+1","floor":45.0},{"not_picked":["Leap+1","BootSequence+1"],"picked":"Turbo+1","floor":46.0},{"not_picked":["Hello World","Sweeping Beam+1"],"picked":"Glacier+1","floor":47.0},{"not_picked":["Sweeping Beam","Ball Lightning","Redo+1"],"picked":"Turbo+1","floor":48.0}],"player_experience":993107,"relics_obtained":[{"floor":9.0,"key":"Sundial"},{"floor":10.0,"key":"Dream Catcher"},{"floor":23.0,"key":"Toxic Egg 2"},{"floor":27.0,"key":"Mercury Hourglass"},{"floor":43.0,"key":"Meat on the Bone"},{"floor":44.0,"key":"Lantern"},{"floor":47.0,"key":"Question Card"}],"event_choices":[{"damage_healed":0.0,"max_hp_gain":0.0,"max_hp_loss":0.0,"gold_gain":275.0,"event_name":"Golden Shrine","player_choice":"Desecrate","floor":20.0,"gold_loss":0.0,"damage_taken":0.0,"cards_obtained":["Regret"]},{"damage_healed":0.0,"max_hp_gain":0.0,"max_hp_loss":0.0,"gold_gain":0.0,"event_name":"Lab","player_choice":"Got Potions","floor":28.0,"gold_loss":0.0,"damage_taken":0.0},{"damage_healed":0.0,"max_hp_gain":0.0,"max_hp_loss":0.0,"gold_gain":0.0,"event_name":"Tomb of Lord Red Mask","player_choice":"Paid","floor":39.0,"gold_loss":35.0,"damage_taken":0.0,"relics_obtained":["Red Mask"]},{"damage_healed":0.0,"max_hp_gain":0.0,"max_hp_loss":0.0,"gold_gain":0.0,"event_name":"WeMeetAgain","player_choice":"Gave Potion","floor":41.0,"gold_loss":0.0,"damage_taken":0.0,"relics_obtained":["Mummified Hand"]}],"is_beta":false,"boss_relics":[{"not_picked":["Sozu","Velvet Choker"],"picked":"Pandora\u0027s Box"},{"not_picked":["Tiny House","Astrolabe"],"picked":"Empty Cage"}],"items_purged_floors":[14,22],"is_endless":false,"potions_floor_spawned":[3,7,8,11,13,21,23,30,35,36,38,46,48],"killed_by":"Time Eater","ascension_level":16}}