{"host":"anox4050deqdcqoh","time":1608829210,"event":{"mods":["BaseMod","Colored Map","Minty Spire (QoL Compilation)","Quick Restart"],"gold_per_floor":[116,133,133,151,163,163,82,82,109,109,127,127,154,119,119,119,119],"floor_reached":16,"playtime":1062,"items_purged":[],"score":100,"play_id":"654899d1-06c7-4356-9e95-1e99d9c7592f","local_time":"20201224120010","is_ascension_mode":false,"campfire_choices":[{"floor":6,"key":"RECALL"},{"floor":8,"key":"REST"},{"floor":10,"key":"REST"},{"data":"Dualcast","floor":12,"key":"SMITH"},{"data":"Barrage","floor":15,"key":"SMITH"}],"circlet_count":0,"master_deck":["Strike_B","Strike_B","Strike_B","Strike_B","Defend_B","Defend_B","Defend_B","Defend_B","Zap","Dualcast+1","Amplify","Ball Lightning","Barrage+1","Leap","Chaos","Doom and Gloom","Beam Cell","Sunder"],"relics":["Cracked Core","Lantern"],"acts_visited":["Exordium"],"potions_floor_usage":[11],"damage_taken":[{"damage":7,"enemies":"2 Louse","floor":1,"turns":2},{"damage":0,"enemies":"Small Slimes","floor":2,"turns":2},{"damage":1,"enemies":"Cultist","floor":4,"turns":3},{"damage":16,"enemies":"Exordium Wildlife","floor":5,"turns":4},{"damage":11,"enemies":"Exordium Thugs","floor":11,"turns":5},{"damage":13,"enemies":"Gremlin Nob","floor":13,"turns":4},{"damage":68,"enemies":"Hexaghost","floor":16,"turns":10}],"seed_played":"3228365040884372126","potions_obtained":[{"floor":5,"key":"SkillPotion"}],"is_trial":false,"path_per_floor":["M","M","?","M","M","R","$","R","T","R","M","R","E","?","R","B"],"character_chosen":"DEFECT","items_purchased":["Doom and Gloom"],"campfire_rested":2,"item_purchase_floors":[7],"current_hp_per_floor":[47,47,47,46,30,30,30,52,52,74,63,63,50,68,68,0,0],"gold":119,"neow_bonus":"THREE_RARE_CARDS","is_daily":false,"chose_seed":false,"campfire_upgraded":2,"win_rate":0.0,"timestamp":1608829210,"path_taken":["M","M","?","M","M","R","$","R","T","R","M","R","E","?","R","BOSS"],"items_purchased_type":["Card"],"build_version":"2020-12-22","purchased_purges":0,"victory":false,"max_hp_per_floor":[75,75,75,75,75,75,75,75,75,75,75,75,75,75,75,75,75],"card_choices":[{"not_picked":["Hyperbeam","Biased Cognition"],"picked":"Amplify","floor":0},{"not_picked":["Conserve Battery","Steam Power"],"picked":"Ball Lightning","floor":1},{"not_picked":["Redo","Force Field"],"picked":"Barrage","floor":2},{"not_picked":["Rebound","Compile Driver"],"picked":"Leap","floor":4},{"not_picked":["Conserve Battery","Beam Cell"],"picked":"Chaos","floor":5},{"not_picked":["Ball Lightning","Machine Learning"],"picked":"Beam Cell","floor":11},{"not_picked":["Compile Driver","Lockon"],"picked":"Sunder","floor":13}],"player_experience":168331,"relics_obtained":[{"floor":13,"key":"Lantern"}],"event_choices":[{"damage_healed":0,"gold_gain":0,"player_choice":"Ignored","damage_taken":0,"max_hp_gain":0,"max_hp_loss":0,"event_name":"Golden Idol","floor":3,"gold_loss":0},{"damage_healed":18,"gold_gain":0,"player_choice":"Healed","damage_taken":0,"max_hp_gain":0,"max_hp_loss":0,"event_name":"The Cleric","floor":14,"gold_loss":35}],"is_beta":false,"boss_relics":[],"items_purged_floors":[],"is_endless":false,"potions_floor_spawned":[5],"killed_by":"Hexaghost","ascension_level":0}}