{"host":"ci7ivtocgfxh0ueo","time":1608809786,"event":{"mods":["BaseMod","GifTheSpireLib","Minty Spire (QoL Compilation)","StSLib"],"gold_per_floor":[366,381,14,28,178,178,212,212,238,238,251,221,231,231,231,231,231],"floor_reached":16,"playtime":478,"items_purged":[],"score":185,"play_id":"d3f53dad-41bd-4c92-b7ca-d09814310460","local_time":"20201224193626","is_ascension_mode":true,"campfire_choices":[{"data":"Neutralize","floor":6,"key":"SMITH"},{"data":"Setup","floor":8,"key":"SMITH"},{"data":"Dash","floor":15,"key":"SMITH"}],"circlet_count":0,"master_deck":["AscendersBane","Strike_G","Strike_G","Strike_G","Strike_G","Defend_G","Defend_G","Defend_G","Defend_G","Defend_G","Survivor","Neutralize+1","Setup+1","Dagger Throw","Predator","Doubt","Bullet Time","Footwork","Acrobatics","Dash+1"],"relics":["Ring of the Snake","Letter Opener","Vajra","Ancient Tea Set"],"acts_visited":["Exordium"],"potions_floor_usage":[7,13,13,13,13,16,16],"damage_taken":[{"damage":0,"enemies":"Jaw Worm","floor":1,"turns":5},{"damage":4,"enemies":"2 Louse","floor":2,"turns":3},{"damage":3,"enemies":"Cultist","floor":4,"turns":4},{"damage":29,"enemies":"Lagavulin","floor":7,"turns":9},{"damage":0,"enemies":"Exordium Wildlife","floor":11,"turns":3},{"damage":8,"enemies":"Lots of Slimes","floor":13,"turns":5},{"damage":36,"enemies":"Slime Boss","floor":16,"turns":8}],"seed_played":"1546957698767092423","potions_obtained":[{"floor":7,"key":"Swift Potion"},{"floor":12,"key":"EntropicBrew"}],"is_trial":false,"path_per_floor":["M","M","$","M","?","R","E","R","T","?","M","?","M","?","R","B"],"character_chosen":"THE_SILENT","items_purchased":["Letter Opener","DistilledChaos"],"campfire_rested":0,"item_purchase_floors":[3,3],"current_hp_per_floor":[59,55,55,52,52,52,23,23,23,23,23,23,15,35,35,0,0],"gold":231,"neow_bonus":"TWO_FIFTY_GOLD","is_daily":false,"chose_seed":false,"campfire_upgraded":3,"win_rate":0.0,"timestamp":1608809786,"path_taken":["M","M","$","M","?","R","E","R","T","?","?","?","?","?","R","BOSS"],"items_purchased_type":["Relic","Potion"],"build_version":"2020-12-22","purchased_purges":0,"victory":false,"max_hp_per_floor":[60,60,60,60,60,60,60,60,60,60,60,60,60,60,60,60,60],"card_choices":[{"not_picked":["Deflect","Outmaneuver"],"picked":"Setup","floor":1},{"not_picked":["Well Laid Plans","Deadly Poison"],"picked":"Dagger Throw","floor":2},{"not_picked":["Bane","Catalyst"],"picked":"Predator","floor":4},{"not_picked":["Catalyst","Dagger Throw"],"picked":"Bullet Time","floor":7},{"not_picked":["Noxious Fumes","Deflect"],"picked":"Acrobatics","floor":11},{"not_picked":["Cloak And Dagger","Acrobatics"],"picked":"Dash","floor":13}],"player_experience":1286745,"relics_obtained":[{"floor":7,"key":"Vajra"},{"floor":9,"key":"Ancient Tea Set"}],"event_choices":[{"damage_healed":0,"gold_gain":150,"player_choice":"AGREE","damage_taken":0,"max_hp_gain":0,"max_hp_loss":0,"event_name":"Liars Game","floor":5,"gold_loss":0,"cards_obtained":["Doubt"]},{"damage_healed":0,"gold_gain":0,"cards_transformed":["Strike_G"],"player_choice":"Transformed","damage_taken":0,"max_hp_gain":0,"max_hp_loss":0,"event_name":"Transmorgrifier","floor":10,"gold_loss":0,"cards_obtained":["Footwork"]},{"damage_healed":0,"gold_gain":0,"player_choice":"Bought 2 Potions","damage_taken":0,"max_hp_gain":0,"max_hp_loss":0,"event_name":"The Woman in Blue","floor":12,"gold_loss":0},{"damage_healed":20,"gold_gain":0,"player_choice":"Banana","damage_taken":0,"max_hp_gain":0,"max_hp_loss":0,"event_name":"Big Fish","floor":14,"gold_loss":0}],"is_beta":false,"boss_relics":[],"items_purged_floors":[],"is_endless":false,"potions_floor_spawned":[7,13],"killed_by":"Slime Boss","ascension_level":17}}