{"host":"ix2a18c4ohfsrslv","time":1608774715,"event":{"mods":["BaseMod","Better Third Choice","Downfall","Lobotomy","Minty Spire (QoL Compilation)","Replay The Spire","StSLib"],"gold_per_floor":[99,99,249,249,97,97,97,132,151,251,267,267,283,296,315,417,467,467,483,483,483,497,516,516,516,571,29,48,68,68,68,85,180,180,180,195,195,195,213,277,277,277,303,144,144,144,144],"floor_reached":45,"playtime":3641,"items_purged":["Slimebound:Icky"],"score":486,"play_id":"f81ba729-121a-4150-8d23-6871b26813f9","local_time":"20201223175155","is_ascension_mode":true,"campfire_choices":[{"data":"hexamod:Float","floor":1,"key":"SMITH"},{"floor":12,"key":"REST"},{"data":"hexamod:RetreatToShadows","floor":18,"key":"SMITH"},{"data":"hexamod:Strike","floor":30,"key":"PURGE"},{"data":"hexamod:Defend","floor":35,"key":"PURGE"},{"data":"hexamod:AdvancingGuard","floor":42,"key":"PURGE"}],"circlet_count":0,"master_deck":["hexamod:Defend+1","hexamod:Defend+1","hexamod:Defend","hexamod:Sear","hexamod:Float+1","hexamod:FirstSeal","hexamod:GhostOfSpirePast+1","hexamod:RetreatToShadows+1","hexamod:GhostOfSpirePast","hexamod:RainOfEmbers","hexamod:SuperheatedStrike+1","hexamod:SearingWound+1","hexamod:ShieldOfDarkness","hexamod:FlamesFromBeyond","hexamod:RecurringNightmare","hexamod:Incineration","hexamod:VolcanoVisage+1","hexamod:Hexaguard","hexamod:SwordOfDarkness","hexamod:GhostOfSpireFuture+1","hexamod:HeatMetal","hexamod:RadiantFlame","hexamod:Hexaguard+1","hexamod:ExtraCrispy+1","hexamod:FirstSeal","hexamod:ThermalTransfer","hexamod:SpectralSpark","hexamod:SecondSeal","hexamod:ExtraCrispy+1","hexamod:ThirdSeal","hexamod:WildfireWeapon+1","hexamod:Rewind","hexamod:PowerFromBeyond","hexamod:PowerFromBeyond+1"],"relics":["hexamod:SpiritBrand","downfall:HeartsMalice","Golden Egg","War Paint","Tiny House","Prayer Wheel","ReplayTheSpireMod:Shallot","downfall:KnowingSkull","Peace Pipe","ClockworkSouvenir","Replay:Grab Bag","Velvet Choker","ChewingGum","Black Star","SlaversCollar","Replay:Bottled Steam","Replay:Baseball"],"acts_visited":["Exordium","TheCity","TheBeyond"],"potions_floor_usage":[8,16,27,28,28,29,29,32,33,33,33,36,43,43,45,45],"damage_taken":[{"damage":0,"enemies":"Jaw Worm","floor":2,"turns":1},{"damage":0,"enemies":"Small Slimes","floor":4,"turns":1},{"damage":0,"enemies":"downfall:FleeingMerchant","floor":5,"turns":1},{"damage":22,"enemies":"Lagavulin","floor":8,"turns":7},{"damage":0,"enemies":"Cultist","floor":9,"turns":3},{"damage":36,"enemies":"downfall:Heads","floor":10,"turns":6},{"damage":0,"enemies":"3 Louse","floor":11,"turns":3},{"damage":8,"enemies":"Exordium Thugs","floor":13,"turns":5},{"damage":6,"enemies":"2 Fungi Beasts","floor":14,"turns":3},{"damage":6,"enemies":"Large Slime","floor":15,"turns":4},{"damage":33,"enemies":"downfall:Silent","floor":16,"turns":9},{"damage":3,"enemies":"Chosen","floor":19,"turns":3},{"damage":6,"enemies":"Spheric Guardian","floor":22,"turns":3},{"damage":3,"enemies":"Cultist and Chosen","floor":23,"turns":4},{"damage":7,"enemies":"3 Cultists","floor":26,"turns":5},{"damage":6,"enemies":"downfall:FleeingMerchant","floor":27,"turns":4},{"damage":19,"enemies":"Centurion and Healer","floor":28,"turns":5},{"damage":8,"enemies":"Shelled Parasite and Fungi","floor":29,"turns":5},{"damage":14,"enemies":"Snake Plant","floor":32,"turns":3},{"damage":60,"enemies":"downfall:Watcher","floor":33,"turns":9},{"damage":11,"enemies":"3 Shapes","floor":36,"turns":5},{"damage":38,"enemies":"3 Darklings","floor":39,"turns":4},{"damage":6,"enemies":"Spire Growth","floor":40,"turns":5},{"damage":55,"enemies":"4 Shapes","floor":43,"turns":6},{"damage":6,"enemies":"downfall:FleeingMerchant","floor":44,"turns":4},{"damage":91,"enemies":"Transient","floor":45,"turns":4}],"seed_played":"7241712370974246704","potions_obtained":[{"floor":6,"key":"SteroidPotion"},{"floor":6,"key":"FairyPotion"},{"floor":6,"key":"Fruit Juice"},{"floor":8,"key":"BlessingOfTheForge"},{"floor":13,"key":"CultistPotion"},{"floor":17,"key":"SpeedPotion"},{"floor":23,"key":"Venom Potion"},{"floor":28,"key":"champ:CounterPotion"},{"floor":36,"key":"Swift Potion"}],"is_trial":false,"path_per_floor":["R","M","?","M","$","?","T","E","M","?","M","R","M","M","M","B",null,"R","M","?","?","M","M","T","?","M","$","M","M","R","?","M","B",null,"R","M","?","?","M","M","T","R","M","$","M"],"character_chosen":"THE_SPIRIT","items_purchased":["hexamod:GhostOfSpirePast","Peace Pipe","ClockworkSouvenir","hexamod:ExtraCrispy","Replay:Baseball"],"campfire_rested":1,"item_purchase_floors":[5,27,27,27,44],"current_hp_per_floor":[70,70,70,70,70,70,70,60,67,31,38,60,59,60,61,35,80,80,80,80,80,80,80,80,73,73,67,70,76,76,76,62,2,80,80,80,80,80,56,64,64,64,23,24,0,0,0],"gold":144,"neow_bonus":"THREE_ENEMY_KILL","is_daily":false,"chose_seed":false,"campfire_upgraded":2,"win_rate":0.0,"timestamp":1608774715,"path_taken":["R","M","?","M","$","?","T","E","?","?","M","R","M","M","M","BOSS","R","M","?","?","M","M","T","?","?","$","M","M","R","?","M","BOSS","R","M","?","?","M","?","T","R","?","?","M"],"items_purchased_type":["Card","Relic","Relic","Card","Relic"],"build_version":"2020-12-22","purchased_purges":1,"victory":false,"max_hp_per_floor":[70,70,70,70,70,70,70,75,75,75,75,75,75,75,75,75,80,80,80,80,80,80,80,80,80,80,80,80,80,80,80,80,80,80,80,80,80,80,80,80,80,80,80,80,80,80,80],"card_choices":[{"not_picked":["hexamod:RecurringNightmare","hexamod:Incineration"],"picked":"hexamod:FirstSeal","floor":2},{"not_picked":["hexamod:GhostShield","hexamod:RetreatToShadows"],"picked":"hexamod:GhostOfSpirePast","floor":4},{"not_picked":["hexamod:Again","hexamod:SpectralSpark"],"picked":"hexamod:RetreatToShadows","floor":5},{"not_picked":["hexamod:NightmareGuise","hexamod:InspiringFlames"],"picked":"hexamod:RainOfEmbers","floor":8},{"not_picked":["hexamod:GhostLash","hexamod:ShieldOfDarkness"],"picked":"hexamod:SuperheatedStrike","floor":9},{"not_picked":["hexamod:SwordOfDarkness","hexamod:GhostLash"],"picked":"hexamod:AdvancingGuard","floor":10},{"not_picked":["hexamod:GhostOfSpirePresent","hexamod:GhostShield"],"picked":"hexamod:ShieldOfDarkness","floor":11},{"not_picked":["hexamod:AdvancingGuard","hexamod:HauntingEcho"],"picked":"hexamod:FlamesFromBeyond","floor":13},{"not_picked":["hexamod:BacktrackSmack","hexamod:GhostOfSpirePresent"],"picked":"hexamod:RecurringNightmare","floor":14},{"not_picked":["hexamod:BurningTouch","hexamod:ApocalypticArmor"],"picked":"hexamod:Incineration","floor":15},{"not_picked":["hexamod:ParanormalForm","hexamod:UnlimitedPower"],"picked":"hexamod:VolcanoVisage","floor":16},{"not_picked":["hexamod:SpectersWail","hexamod:Haunt"],"picked":"hexamod:Hexaguard","floor":17},{"not_picked":["hexamod:PhantomCloak","hexamod:Again+1","hexamod:AdvancingGuard+1"],"picked":"SKIP","floor":19},{"not_picked":["hexamod:RecurringNightmare+1","hexamod:RainOfEmbers"],"picked":"hexamod:SwordOfDarkness","floor":22},{"not_picked":["hexamod:RetreatToShadows","hexamod:Hexaguard","hexamod:HauntingEcho"],"picked":"SKIP","floor":22},{"not_picked":["hexamod:RetreatToShadows","hexamod:EmpoweringStance"],"picked":"hexamod:GhostOfSpireFuture+1","floor":23},{"not_picked":["hexamod:RainOfEmbers","hexamod:GhostLash"],"picked":"hexamod:HeatMetal","floor":23},{"not_picked":["hexamod:AdvancingGuard","hexamod:ShieldOfDarkness"],"picked":"hexamod:RadiantFlame","floor":26},{"not_picked":["hexamod:HeatMetal","hexamod:GhostShield","hexamod:FastForward"],"picked":"SKIP","floor":26},{"not_picked":["hexamod:TurnItUp","hexamod:HauntingEcho"],"picked":"hexamod:Hexaguard","floor":27},{"not_picked":["hexamod:PhantomCloak","hexamod:RadiantFlame"],"picked":"hexamod:FirstSeal","floor":28},{"not_picked":["hexamod:StepThrough","hexamod:GhostOfSpireFuture"],"picked":"hexamod:ThermalTransfer","floor":28},{"not_picked":["hexamod:PhantomFireball","hexamod:GhostShield","hexamod:Again"],"picked":"SKIP","floor":29},{"not_picked":["hexamod:RetreatToShadows","hexamod:AdvancingGuard","hexamod:FirstSeal"],"picked":"SKIP","floor":29},{"not_picked":["hexamod:InspiringFlames","hexamod:ThermalTransfer","hexamod:BurningTouch"],"picked":"SKIP","floor":32},{"not_picked":["hexamod:NightmareStrike","hexamod:EmpoweredFlame","hexamod:ExtraCrispy+1"],"picked":"SKIP","floor":32},{"not_picked":["hexamod:SuperheatedStrike+1","hexamod:AdvancingGuard"],"picked":"hexamod:SpectralSpark","floor":36},{"not_picked":["hexamod:ShieldOfDarkness","hexamod:SpectralAdrenaline"],"picked":"hexamod:SecondSeal","floor":36},{"not_picked":["hexamod:SpectersWail+1","hexamod:ThermalTransfer"],"picked":"hexamod:ThirdSeal","floor":39},{"not_picked":["hexamod:Hexaguard+1","hexamod:BacktrackSmack","hexamod:GhostOfSpirePast"],"picked":"SKIP","floor":39},{"not_picked":["hexamod:FastForward","hexamod:SuperheatedStrike"],"picked":"hexamod:WildfireWeapon","floor":40},{"not_picked":["hexamod:AdvancingGuard","hexamod:RadiantFlame","hexamod:Hexaguard+1"],"picked":"SKIP","floor":40},{"not_picked":["hexamod:NightmareGuise+1","hexamod:BacktrackSmack","hexamod:RainOfEmbers+1"],"picked":"SKIP","floor":40},{"not_picked":["hexamod:GhostLash+1","hexamod:RetreatToShadows"],"picked":"hexamod:Rewind","floor":43},{"not_picked":["hexamod:SuperheatedStrike","hexamod:InspiringFlames+1"],"picked":"hexamod:PowerFromBeyond","floor":43},{"not_picked":["hexamod:InspiringFlames+1","hexamod:SpectersWail"],"picked":"hexamod:PowerFromBeyond+1","floor":43},{"not_picked":["hexamod:SwordOfDarkness","hexamod:SearingWound","hexamod:NightmareStrike"],"picked":"SKIP","floor":44},{"not_picked":["hexamod:RainOfEmbers","hexamod:DynamicBlow+1","hexamod:ThirdSeal"],"picked":"SKIP","floor":44}],"player_experience":126122,"relics_obtained":[{"floor":7,"key":"Golden Egg"},{"floor":8,"key":"War Paint"},{"floor":24,"key":"ReplayTheSpireMod:Shallot"},{"floor":41,"key":"Replay:Bottled Steam"}],"event_choices":[{"damage_healed":0,"gold_gain":0,"player_choice":"Got Potions","damage_taken":0,"max_hp_gain":0,"max_hp_loss":0,"event_name":"Lab","floor":6,"gold_loss":0},{"cards_removed":["hexamod:Strike"],"damage_healed":0,"gold_gain":0,"player_choice":"Elegance","damage_taken":0,"max_hp_gain":0,"max_hp_loss":0,"event_name":"betterThird:BetterWriting","floor":20,"gold_loss":0},{"damage_healed":0,"gold_gain":0,"player_choice":"Copied","damage_taken":0,"max_hp_gain":0,"max_hp_loss":0,"event_name":"Duplicator","floor":38,"gold_loss":0,"cards_obtained":["hexamod:ExtraCrispy"]}],"is_beta":false,"boss_relics":[{"not_picked":["Replay:Drink Me","Snecko Eye"],"picked":"Tiny House"},{"not_picked":["Runic Pyramid","Calling Bell"],"picked":"Replay:Grab Bag"},{"not_picked":["Fusion Hammer","Cursed Key"],"picked":"Velvet Choker"},{"not_picked":["Busted Crown","hexamod:IceCube"],"picked":"ChewingGum"},{"not_picked":["SacredBark","Kintsugi"],"picked":"Black Star"},{"not_picked":["Empty Cage","Astrolabe"],"picked":"SlaversCollar"}],"items_purged_floors":[5],"is_endless":false,"potions_floor_spawned":[8,11,13,14,23,26,28,36,40],"killed_by":"Transient","ascension_level":2}}