{"host":"Koishi","time":1608830244,"event":{"mods":["2.2 Compatiblity","AchievementEnabler","Act Like it!","BaseMod","Better Match","Better Note","Better Sensory Stone","Better Third Choice","Colored Powertips","Downfall","Minty Spire (QoL Compilation)","Quick Restart","Relic Stats","Robot Space Explorer","StSLib","everything is the same but u backflip on backflip","slay the spire mod where everything is the same but ironclad has a cowboy hat"],"gold_per_floor":[99,99,99,99,99,99,99,24,79,97,108,123,48,33,33,131,131,131,16,31,131,142,174,228,153,172,187,198,198,198,52,69,174,174,99,117,129,143,153,262,262,262,279,379,399,414,426,442,452,452,452,478,47,47,47],"floor_reached":56,"playtime":4278,"items_purged":["Regret","RobotSpaceExplorer:Strike","RobotSpaceExplorer:Defend","RobotSpaceExplorer:Defend","RobotSpaceExplorer:Strike"],"score":1240,"play_id":"aac3ae06-f991-4ef4-abe7-c8b5111544d5","local_time":"20201224121724","is_ascension_mode":false,"campfire_choices":[{"data":"RobotSpaceExplorer:MiniLasers","floor":1.0,"key":"SMITH"},{"floor":6.0,"key":"RECALL"},{"data":"1","floor":13.0,"key":"LIFT"},{"data":"2","floor":18.0,"key":"LIFT"},{"data":"3","floor":25.0,"key":"LIFT"},{"data":"RobotSpaceExplorer:Electropulse","floor":30.0,"key":"SMITH"},{"floor":35.0,"key":"REST"},{"floor":54,"key":"REST"}],"circlet_count":0,"master_deck":["RobotSpaceExplorer:Strike+1","RobotSpaceExplorer:Strike+1","RobotSpaceExplorer:Defend","RobotSpaceExplorer:Defend+1","RobotSpaceExplorer:Scan","RobotSpaceExplorer:MiniLasers+1","RobotSpaceExplorer:Electropulse+1","RobotSpaceExplorer:Multitool","Shockwave","RobotSpaceExplorer:TurboDodge","RobotSpaceExplorer:ShockKick","RobotSpaceExplorer:SurgingShield","RobotSpaceExplorer:MiniDrones","RobotSpaceExplorer:MiniBoosters","RobotSpaceExplorer:Blaster","RobotSpaceExplorer:FranticSearch+1","RobotSpaceExplorer:ImprovisedAttack+1","RobotSpaceExplorer:StunGrenade+1","RobotSpaceExplorer:GearShield","expansioncontent:DefensiveStance","RobotSpaceExplorer:Fix","RobotSpaceExplorer:SurgingStrike+1","RobotSpaceExplorer:SelfCleaning+1","RobotSpaceExplorer:Electroshield+1","RobotSpaceExplorer:DualCore","RobotSpaceExplorer:ShockMissile","RobotSpaceExplorer:LuckyStrike","RobotSpaceExplorer:SelfCleaning+1","RobotSpaceExplorer:Counterblock+1","RobotSpaceExplorer:Arsenal","RobotSpaceExplorer:IronShell+1","RobotSpaceExplorer:MiniDrones+1","expansioncontent:AwakenDeath","RobotSpaceExplorer:Probe"],"relics":["RobotSpaceExplorer:RoboCore","downfall:HeartsMalice","Oddly Smooth Stone","Singing Bowl","Girya","downfall:HeartBlessingRed","SlaversCollar","Toy Ornithopter","Thread and Needle","downfall:HeartBlessingGreen","Smiling Mask","Fusion Hammer","downfall:HeartBlessingBlue","Mango","Sundial","Cauldron"],"acts_visited":["Exordium","TheCity","TheBeyond","TheEnding"],"potions_floor_usage":[52,55,55],"damage_taken":[{"damage":0.0,"enemies":"Small Slimes","floor":2.0,"turns":1.0},{"damage":0.0,"enemies":"Jaw Worm","floor":3.0,"turns":1.0},{"damage":0.0,"enemies":"downfall:FleeingMerchant","floor":8.0,"turns":1.0},{"damage":7.0,"enemies":"3 Sentries","floor":9.0,"turns":5.0},{"damage":0.0,"enemies":"2 Louse","floor":10.0,"turns":3.0},{"damage":10.0,"enemies":"Blue Slaver","floor":11.0,"turns":4.0},{"damage":5.0,"enemies":"Lots of Slimes","floor":12.0,"turns":4.0},{"damage":2.0,"enemies":"downfall:FleeingMerchant","floor":14.0,"turns":4.0},{"damage":0.0,"enemies":"Gremlin Gang","floor":15.0,"turns":1.0},{"damage":16.0,"enemies":"downfall:Silent","floor":16.0,"turns":13.0},{"damage":8.0,"enemies":"downfall:FleeingMerchant","floor":19.0,"turns":4.0},{"damage":7.0,"enemies":"Spheric Guardian","floor":20.0,"turns":6.0},{"damage":0.0,"enemies":"downfall:LadyInBlue","floor":21.0,"turns":7.0},{"damage":7.0,"enemies":"Snake Plant","floor":22.0,"turns":4.0},{"damage":36.0,"enemies":"Gremlin Leader","floor":23.0,"turns":6.0},{"damage":13.0,"enemies":"3 Cultists","floor":26.0,"turns":5.0},{"damage":3.0,"enemies":"Snecko","floor":27.0,"turns":5.0},{"damage":1.0,"enemies":"Centurion and Healer","floor":28.0,"turns":5.0},{"damage":0.0,"enemies":"downfall:FleeingMerchant","floor":31.0,"turns":4.0},{"damage":0.0,"enemies":"Chosen and Byrds","floor":32.0,"turns":4.0},{"damage":12.0,"enemies":"downfall:Watcher","floor":33.0,"turns":6.0},{"damage":0.0,"enemies":"Orb Walker","floor":36.0,"turns":4.0},{"damage":9.0,"enemies":"3 Darklings","floor":37.0,"turns":5.0},{"damage":13.0,"enemies":"Writhing Mass","floor":38.0,"turns":5.0},{"damage":0.0,"enemies":"Spire Growth","floor":39.0,"turns":5.0},{"damage":0.0,"enemies":"downfall:FleeingMerchant","floor":40.0,"turns":3.0},{"damage":12.0,"enemies":"Maw","floor":43.0,"turns":7.0},{"damage":24.0,"enemies":"Transient","floor":45.0,"turns":5.0},{"damage":9.0,"enemies":"Writhing Mass","floor":46.0,"turns":6.0},{"damage":0.0,"enemies":"Sphere and 2 Shapes","floor":47.0,"turns":3.0},{"damage":7.0,"enemies":"4 Shapes","floor":48.0,"turns":5.0},{"damage":10.0,"enemies":"3 Darklings","floor":49.0,"turns":5.0},{"damage":8.0,"enemies":"downfall:Defect","floor":50.0,"turns":7.0},{"damage":82,"enemies":"downfall:CharBossMerchant","floor":52,"turns":8},{"damage":0,"enemies":"downfall:NeowBoss","floor":55,"turns":24}],"seed_played":"-2373096862791460931","potions_obtained":[{"floor":9.0,"key":"SmokeBomb"},{"floor":11.0,"key":"BlessingOfTheForge"},{"floor":12.0,"key":"Fruit Juice"},{"floor":16.0,"key":"SkillPotion"},{"floor":21.0,"key":"DuplicationPotion"},{"floor":21.0,"key":"AttackPotion"},{"floor":23.0,"key":"Dexterity Potion"},{"floor":27.0,"key":"AttackPotion"},{"floor":32.0,"key":"Fire Potion"},{"floor":33.0,"key":"DistilledChaos"},{"floor":36.0,"key":"SteroidPotion"},{"floor":38.0,"key":"Ancient Potion"},{"floor":43.0,"key":"PowerPotion"},{"floor":53,"key":"RobotSpaceExplorer:PlasmaFlask"},{"floor":53,"key":"ColorlessPotion"}],"is_trial":false,"path_per_floor":["R","M","M","?","?","R","T","$","?","M","M","M","R","$","M","B",null,"R","$","M","?","M","E","T","R","M","M","M","T","R","$","M","B",null,"R","M","M","M","M","$","T","?","M","?","M","M","M","M","M","B",null,"E","$","R","B",null],"character_chosen":"RobotSpaceExplorer","items_purchased":["expansioncontent:DefensiveStance","RobotSpaceExplorer:ShockMissile","RobotSpaceExplorer:LuckyStrike","Swift Potion","PowerPotion","expansioncontent:AwakenDeath","RobotSpaceExplorer:Probe","Cauldron"],"campfire_rested":2,"item_purchase_floors":[31,40,40,53,53,53,53,53],"current_hp_per_floor":[75,75,75,75,54,54,54,54,49,49,39,34,34,37,37,21,82,82,74,69,69,64,40,40,40,27,26,25,25,25,30,34,33,90,100,100,93,89,95,95,109,109,101,101,77,74,76,73,68,64,120,38,38,74,88],"gold":47,"neow_bonus":"THREE_ENEMY_KILL","is_daily":false,"chose_seed":false,"campfire_upgraded":2,"win_rate":0.0,"timestamp":1608830244,"path_taken":["R","M","M","?","?","R","T","$","?","M","M","?","R","$","M","BOSS","R","$","M","?","M","E","T","R","M","M","M","?","R","$","M","BOSS","R","M","M","M","M","$","T","?","M","?","M","M","?","?","M","BOSS","E","$","R","BOSS"],"items_purchased_type":["Card","Card","Card","Potion","Potion","Card","Card","Relic"],"build_version":"2020-12-18","purchased_purges":5,"victory":true,"max_hp_per_floor":[75,75,75,75,75,75,75,75,77,77,77,77,77,82,82,82,82,82,82,84,84,86,88,88,88,88,90,90,90,90,90,90,90,90,100,100,102,102,102,102,116,116,116,116,116,118,120,120,120,120,120,120,120,120,120],"relic_stats":{"Singing Bowl":16,"counters":[35,182],"Sundial":[4],"Smiling Mask":300,"obtain_stats":[{"Girya":9,"Singing Bowl":7,"downfall:HeartBlessingRed":13,"Oddly Smooth Stone":5,"RobotSpaceExplorer:RoboCore":0,"downfall:HeartsMalice":0,"Thread and Needle":23,"downfall:HeartBlessingGreen":25,"Mango":41,"Smiling Mask":29,"SlaversCollar":17,"Cauldron":53,"downfall:HeartBlessingBlue":35,"Sundial":52,"Fusion Hammer":34,"Toy Ornithopter":21},{"Girya":4,"Singing Bowl":2,"downfall:HeartBlessingRed":7,"Oddly Smooth Stone":2,"RobotSpaceExplorer:RoboCore":0,"downfall:HeartsMalice":0,"Thread and Needle":15,"downfall:HeartBlessingGreen":15,"Mango":26,"Smiling Mask":18,"SlaversCollar":10,"Cauldron":34,"downfall:HeartBlessingBlue":21,"Sundial":34,"Fusion Hammer":21,"Toy Ornithopter":13},{"Girya":5,"Singing Bowl":0,"downfall:HeartBlessingRed":16,"Oddly Smooth Stone":0,"RobotSpaceExplorer:RoboCore":0,"downfall:HeartsMalice":0,"Thread and Needle":61,"downfall:HeartBlessingGreen":61,"Mango":112,"Smiling Mask":76,"SlaversCollar":34,"Cauldron":158,"downfall:HeartBlessingBlue":90,"Sundial":158,"Fusion Hammer":90,"Toy Ornithopter":51}],"Toy Ornithopter":40},"card_choices":[{"not_picked":["RobotSpaceExplorer:Probe","RobotSpaceExplorer:SurgingShield"],"picked":"RobotSpaceExplorer:Electropulse","floor":2.0},{"not_picked":["RobotSpaceExplorer:ScrapMissile","RobotSpaceExplorer:Counterblock"],"picked":"RobotSpaceExplorer:Multitool","floor":3.0},{"not_picked":["RobotSpaceExplorer:ScrapMissile","RobotSpaceExplorer:SlimeMissile"],"picked":"RobotSpaceExplorer:TurboDodge","floor":8.0},{"not_picked":["RobotSpaceExplorer:PowerGlove","RobotSpaceExplorer:Ammunition","RobotSpaceExplorer:FranticSearch"],"picked":"Singing Bowl","floor":9.0},{"not_picked":["RobotSpaceExplorer:PowerCollector","RobotSpaceExplorer:GlueShot"],"picked":"RobotSpaceExplorer:ShockKick","floor":10.0},{"not_picked":["RobotSpaceExplorer:ShockMissile","RobotSpaceExplorer:PlasmaMissile"],"picked":"RobotSpaceExplorer:SurgingShield","floor":11.0},{"not_picked":["RobotSpaceExplorer:BigMissile","RobotSpaceExplorer:Counterblock"],"picked":"RobotSpaceExplorer:MiniDrones","floor":12.0},{"not_picked":["RobotSpaceExplorer:ImprovisedAttack","RobotSpaceExplorer:FranticSearch"],"picked":"RobotSpaceExplorer:MiniBoosters","floor":14.0},{"not_picked":["RobotSpaceExplorer:Asteroid","RobotSpaceExplorer:DroneSwarm"],"picked":"RobotSpaceExplorer:Blaster","floor":16.0},{"not_picked":["RobotSpaceExplorer:SurgingShield","RobotSpaceExplorer:StunGrenade"],"picked":"RobotSpaceExplorer:FranticSearch+1","floor":19.0},{"not_picked":["RobotSpaceExplorer:SurgingShield","RobotSpaceExplorer:ShovelStrike","RobotSpaceExplorer:Pulsar"],"picked":"Singing Bowl","floor":20.0},{"not_picked":["RobotSpaceExplorer:Electropulse","RobotSpaceExplorer:Asteroid"],"picked":"RobotSpaceExplorer:ImprovisedAttack+1","floor":21.0},{"not_picked":["RobotSpaceExplorer:BigMissile","RobotSpaceExplorer:RigExplosive","RobotSpaceExplorer:SwiftStep"],"picked":"Singing Bowl","floor":22.0},{"not_picked":["RobotSpaceExplorer:RigExplosive","RobotSpaceExplorer:SlimeMissile","RobotSpaceExplorer:MiniDrones"],"picked":"Singing Bowl","floor":23.0},{"not_picked":["RobotSpaceExplorer:FranticSearch","RobotSpaceExplorer:FrostMissile"],"picked":"RobotSpaceExplorer:StunGrenade+1","floor":26.0},{"not_picked":["RobotSpaceExplorer:ImprovisedAttack","RobotSpaceExplorer:StunGrenade","RobotSpaceExplorer:SurgingShield"],"picked":"Singing Bowl","floor":27.0},{"not_picked":["RobotSpaceExplorer:Smokescreen+1","RobotSpaceExplorer:MetalStrike+1"],"picked":"RobotSpaceExplorer:GearShield","floor":28.0},{"not_picked":["RobotSpaceExplorer:IronShell","RobotSpaceExplorer:FreezeRay"],"picked":"RobotSpaceExplorer:Fix","floor":31.0},{"not_picked":["RobotSpaceExplorer:StunGrenade","RobotSpaceExplorer:ShovelStrike"],"picked":"RobotSpaceExplorer:Fix","floor":32.0},{"not_picked":["RobotSpaceExplorer:Arsenal","RobotSpaceExplorer:Scanner"],"picked":"RobotSpaceExplorer:Wormhole","floor":33.0},{"not_picked":["RobotSpaceExplorer:Probe+1","RobotSpaceExplorer:DoubleFind"],"picked":"RobotSpaceExplorer:SurgingStrike+1","floor":36.0},{"not_picked":["RobotSpaceExplorer:BigMissile","RobotSpaceExplorer:SurgingStrike","RobotSpaceExplorer:SwiftStep+1"],"picked":"Singing Bowl","floor":37.0},{"not_picked":["RobotSpaceExplorer:GlueShot+1","RobotSpaceExplorer:ScrapMissile"],"picked":"RobotSpaceExplorer:SelfCleaning+1","floor":38.0},{"not_picked":["RobotSpaceExplorer:ScrapShield+1","RobotSpaceExplorer:ScrapMissile+1"],"picked":"RobotSpaceExplorer:Electroshield+1","floor":39.0},{"not_picked":["RobotSpaceExplorer:TurboDodge","RobotSpaceExplorer:StunGrenade+1"],"picked":"RobotSpaceExplorer:DualCore","floor":40.0},{"not_picked":["RobotSpaceExplorer:SlimeMissile","RobotSpaceExplorer:Pulsar+1"],"picked":"RobotSpaceExplorer:SelfCleaning+1","floor":43.0},{"not_picked":["RobotSpaceExplorer:PowerGlove+1","RobotSpaceExplorer:MiniBoosters+1"],"picked":"RobotSpaceExplorer:Counterblock+1","floor":45.0},{"not_picked":["RobotSpaceExplorer:Pulsar","RobotSpaceExplorer:StunGrenade+1","RobotSpaceExplorer:PowerGlove"],"picked":"Singing Bowl","floor":46.0},{"not_picked":["RobotSpaceExplorer:SurgingStrike+1","RobotSpaceExplorer:TurboDodge+1","RobotSpaceExplorer:ScrapToss"],"picked":"Singing Bowl","floor":47.0},{"not_picked":["RobotSpaceExplorer:ToxicBomb","RobotSpaceExplorer:SurgingStrike+1"],"picked":"RobotSpaceExplorer:Arsenal","floor":48.0},{"not_picked":["RobotSpaceExplorer:Fix","RobotSpaceExplorer:DualCore+1"],"picked":"RobotSpaceExplorer:IronShell+1","floor":49.0},{"not_picked":["RobotSpaceExplorer:MakeshiftVolley","RobotSpaceExplorer:FreezeRay"],"picked":"RobotSpaceExplorer:MiniDrones+1","floor":52}],"player_experience":156265,"relics_obtained":[{"floor":7.0,"key":"Singing Bowl"},{"floor":9.0,"key":"Girya"},{"floor":21.0,"key":"Toy Ornithopter"},{"floor":23.0,"key":"Thread and Needle"},{"floor":29.0,"key":"Smiling Mask"},{"floor":41.0,"key":"Mango"},{"floor":52,"key":"Sundial"}],"event_choices":[],"is_beta":true,"boss_relics":[{"not_picked":["Philosopher\u0027s Stone","Snecko Eye"],"picked":"SlaversCollar"},{"not_picked":["RobotSpaceExplorer:TurboCore","Calling Bell"],"picked":"Fusion Hammer"}],"items_purged_floors":[8,19,31,40,53],"is_endless":false,"potions_floor_spawned":[9,11,12,16,23,27,28,32,33,36,38,43,46],"ascension_level":0}}