{"host":"96bpdudduaq3ttpf","time":1608774400,"event":{"mods":["Act Like it!","Astrologer","Bard","Bartender","BaseMod","BetterRewards","CapriCore","Challenge The Spire","Chen","Downfall","Elementarium","Friendly Minions","GifTheSpireLib","Hallownest","Hermit","Jorbs\u0027s Wanderer Trilogy","KinomotoSakuraMod(????)","Koishi","KomeijiMod","Mari Mod (Legacy)","Mari\u0027s V1 Patch","Marisa????????","Mimic Mod","Minty Spire (QoL Compilation)","Prisma Mod","Replay The Spire","Shade Mod","StSLib","Td1madao Mod","The Administrix","The Animator","The Bug Knight","The Construct","The Cursed","The Factory","The Gatherer","The Hierophant","The Immortal","The IronCluck","The Jungle","The Mystic","The Necromancer","The Runesmith","The Senshi","The Servant 0.9.4","WarShipGirlsR/????R mod","Yohane!","Yuyuko"],"gold_per_floor":[114,114,114,126,126,156,156,187,213,223,223,243,243,243,243,362,362,377,402,423,441,0,44,44,44,44,58,58,76,97,97,97,218,218,239,239,252,310,310,310,643,656,656,112,112,125,125,125,125,125],"floor_reached":51,"playtime":3985,"items_purged":["Elementarium:StickyTar","Strike_Bartender"],"score":780,"play_id":"40f15e8b-9a5c-4c3d-98ab-9d4ceb61eed4","local_time":"20201223184640","is_ascension_mode":false,"campfire_choices":[{"data":"Free_Pour","floor":7,"key":"SMITH"},{"floor":11,"key":"REST"},{"data":"On_The_House","floor":15,"key":"SMITH"},{"floor":25,"key":"REST"},{"data":"OpoOpo_Form","floor":28,"key":"SMITH"},{"data":"Elementarium:FireblessedBlade","floor":32,"key":"SMITH"},{"floor":40,"key":"REST"},{"floor":45,"key":"REST"},{"floor":47,"key":"REST"},{"floor":49,"key":"DIG"}],"circlet_count":0,"master_deck":["Strike_Bartender","Strike_Bartender","Strike_Bartender","Defend_Bartender","Defend_Bartender","Defend_Bartender","Defend_Bartender","Somersault","Free_Pour+1","With_A_Twist","Foot_Thrust","Ripple","On_The_Rocks","On_The_House+1","Perfect_Balance","Snap_Punch","Windup","Ball_Of_Ice","Center_Self+1","Sucker_Punch+1","With_A_Twist","Raptor_Form","OpoOpo_Form+1","Elementarium:WindblessedBlade","Elementarium:EarthblessedBlade","Elementarium:IceblessedBlade","Elementarium:VoidblessedBlade","Combo_Master","Mirage","Ball_Of_Ice","Dolphin_Blow","Momentum+1","Bitters","Pony_Shot+1","Beat_Rush","Greased_Lightning","Ripple+1","On_The_House+1","Confused"],"relics":["Sneakers","NeowsBlessing","ReplayFunnel","Toy Ornithopter","Dream Catcher","Golden Idol","Black Star","Ice Cream","Cleaning_Rag","Kunai","HornCleat","Garlic","Elementarium:ElementariumTrophy","Runesmith:UraniumAnvil","CatCart","Old Coin","Replay:Towering Pillar of Hats","Sundial","ReplayTheSpireMod:Lightbulb","Bird Faced Urn"],"acts_visited":["Exordium","Exordium","TheBeyond"],"potions_floor_usage":[29,29,29,29,30,33,37,41,50],"damage_taken":[{"damage":0,"enemies":"Jaw Worm","floor":1,"turns":1},{"damage":0,"enemies":"2 Louse","floor":4,"turns":1},{"damage":0,"enemies":"Gremlin Nob","floor":6,"turns":1},{"damage":15,"enemies":"Lagavulin","floor":8,"turns":7},{"damage":0,"enemies":"Small Slimes","floor":10,"turns":4},{"damage":2,"enemies":"2 Fungi Beasts","floor":12,"turns":4},{"damage":40,"enemies":"The Guardian","floor":16,"turns":17},{"damage":0,"enemies":"Elementarium:2_ELEMENTALS","floor":18,"turns":4},{"damage":12,"enemies":"Elementarium:MUD_AND_TAR_GOLEMS","floor":19,"turns":6},{"damage":4,"enemies":"Elementarium:STONE_GOLEMS","floor":20,"turns":6},{"damage":6,"enemies":"Elementarium:VoidBeast","floor":21,"turns":6},{"damage":13,"enemies":"Elementarium:WarGolem","floor":23,"turns":6},{"damage":0,"enemies":"Elementarium:Hydrostalker","floor":27,"turns":7},{"damage":0,"enemies":"Elementarium:RubyGolem","floor":29,"turns":4},{"damage":3,"enemies":"Elementarium:VOID_CORRUPTION_AND_TAR_GOLEM","floor":30,"turns":7},{"damage":2,"enemies":"Elementarium:PHOENIXES","floor":33,"turns":13},{"damage":3,"enemies":"3 Darklings","floor":35,"turns":5},{"damage":7,"enemies":"Orb Walker","floor":37,"turns":4},{"damage":9,"enemies":"Orin","floor":38,"turns":10},{"damage":25,"enemies":"Reptomancer","floor":41,"turns":5},{"damage":9,"enemies":"Transient","floor":42,"turns":5},{"damage":0,"enemies":"Writhing Mass","floor":46,"turns":7},{"damage":0,"enemies":"Time Eater","floor":50,"turns":12}],"seed_played":"766442645054316262","potions_obtained":[{"floor":1,"key":"LiquidBronze"},{"floor":8,"key":"CalmPotion"},{"floor":23,"key":"Energy Potion"},{"floor":27,"key":"EntropicBrew"},{"floor":29,"key":"CultistPotion"},{"floor":35,"key":"PowerPotion"},{"floor":42,"key":"SkillPotion"},{"floor":46,"key":"Ancient Potion"}],"is_trial":false,"path_per_floor":["M","?","?","M","?","E","R","E","T","M","R","M","?","?","R","B",null,"M","M","M","M","$","E","?","R","T","M","R","M","M","?","R","B",null,"M","?","M","?","?","R","E","M","T","$","R","M","R","?","R","B",null],"character_chosen":"BARTENDER","items_purchased":["Raptor_Form","Ice Cream","ReplayTheSpireMod:Lightbulb","champ:CounterPotion","Beat_Rush","Greased_Lightning"],"campfire_rested":5,"item_purchase_floors":[22,22,44,44,44,44],"current_hp_per_floor":[70,70,70,70,70,70,70,55,55,55,70,68,65,65,65,25,65,65,53,49,43,43,30,30,39,39,39,39,39,36,36,36,37,39,36,36,32,23,23,34,14,5,5,5,16,16,27,27,27,38],"gold":125,"neow_bonus":"THREE_ENEMY_KILL","is_daily":false,"chose_seed":false,"campfire_upgraded":4,"win_rate":0.0,"timestamp":1608774400,"path_taken":["M","?","?","M","?","E","R","E","T","M","R","M","?","?","R","BOSS","M","M","M","M","$","E","?","R","T","M","R","M","M","?","R","BOSS","M","?","M","?","?","R","E","M","T","?","R","?","R","?","R","BOSS"],"items_purchased_type":["Card","Relic","Relic","Potion","Card","Card"],"build_version":"2020-12-22","purchased_purges":2,"victory":true,"max_hp_per_floor":[70,70,70,70,70,70,70,70,70,70,70,70,65,65,65,65,65,65,65,65,65,65,65,39,39,39,39,39,39,39,39,39,39,39,39,39,39,39,39,39,39,39,39,39,39,39,39,39,39,39],"card_choices":[{"not_picked":["Greased_Lightning","Bitters"],"picked":"Free_Pour","floor":1},{"not_picked":["Foot_Thrust","Ball_Of_Ice"],"picked":"With_A_Twist","floor":4},{"not_picked":["Waterkick","Breathe_Deep"],"picked":"Foot_Thrust","floor":6},{"not_picked":["Momentum","Sucker_Punch"],"picked":"Ripple","floor":8},{"not_picked":["Dancing_Jab","Greased_Lightning"],"picked":"On_The_Rocks","floor":10},{"not_picked":["Alacrity","Foot_Thrust"],"picked":"On_The_House","floor":11},{"not_picked":["RockBreaker","Wall_of_Ice"],"picked":"Perfect_Balance","floor":12},{"not_picked":[],"picked":"Snap_Punch","floor":14},{"not_picked":["Liquid_Armor","High_Tide"],"picked":"Windup","floor":16},{"not_picked":["Greased_Lightning+1","Dragonkick"],"picked":"Ball_Of_Ice","floor":18},{"not_picked":["Step_Of_The_Wind","Pony_Shot+1"],"picked":"Center_Self+1","floor":19},{"not_picked":["Cross","Ball_Of_Ice+1"],"picked":"Sucker_Punch+1","floor":20},{"not_picked":["Meditate","Elbow_Slash+1"],"picked":"With_A_Twist","floor":21},{"not_picked":["Bicycle_Kick+1","Sucker_Punch"],"picked":"OpoOpo_Form","floor":23},{"not_picked":["Scowl","Pony_Shot"],"picked":"Combo_Master","floor":25},{"not_picked":["Dragonkick","Center_Self","Fading_Blow"],"picked":"SKIP","floor":27},{"not_picked":["Center_Self","Greased_Lightning+1"],"picked":"Mirage","floor":29},{"not_picked":["Axe_Heel_Kick","Press_Forward"],"picked":"Ball_Of_Ice","floor":30},{"not_picked":["Cold_Blooded","Beat_Rush"],"picked":"Dolphin_Blow","floor":33},{"not_picked":["Torment","With_A_Twist"],"picked":"Momentum+1","floor":35},{"not_picked":["Axe_Heel_Kick","Momentum","Scowl"],"picked":"SKIP","floor":37},{"not_picked":["Step_Of_The_Wind","Sucker_Punch+1"],"picked":"Bitters","floor":38},{"not_picked":["Axe_Heel_Kick+1","Sucker_Punch"],"picked":"Pony_Shot+1","floor":41},{"not_picked":["Hook+1","Vortex+","Press_Forward+1"],"picked":"SKIP","floor":42},{"not_picked":["Scoop+1","Press_Forward"],"picked":"Ripple+1","floor":45},{"not_picked":["Elbow_Slash","Cold_Blooded","Scowl"],"picked":"SKIP","floor":46},{"not_picked":["Center_Self","OpoOpo_Form"],"picked":"On_The_House+1","floor":47}],"player_experience":708721,"relics_obtained":[{"floor":6,"key":"ReplayFunnel"},{"floor":8,"key":"Toy Ornithopter"},{"floor":9,"key":"Dream Catcher"},{"floor":23,"key":"Cleaning_Rag"},{"floor":23,"key":"Kunai"},{"floor":26,"key":"HornCleat"},{"floor":38,"key":"CatCart"},{"floor":41,"key":"Old Coin"},{"floor":41,"key":"Replay:Towering Pillar of Hats"},{"floor":43,"key":"Sundial"},{"floor":49,"key":"Bird Faced Urn"}],"event_choices":[{"damage_healed":0,"gold_gain":0,"player_choice":"Ignored","damage_taken":0,"max_hp_gain":0,"max_hp_loss":0,"event_name":"Golden Wing","floor":2,"gold_loss":0},{"damage_healed":0,"gold_gain":0,"player_choice":"Leave","damage_taken":0,"max_hp_gain":0,"max_hp_loss":0,"event_name":"The Cleric","floor":5,"gold_loss":0},{"damage_healed":0,"gold_gain":0,"player_choice":"Lose Max HP","damage_taken":0,"relics_obtained":["Golden Idol"],"max_hp_gain":0,"max_hp_loss":5,"event_name":"Golden Idol","floor":13,"gold_loss":0},{"damage_healed":0,"gold_gain":0,"player_choice":"Touch","damage_taken":0,"max_hp_gain":0,"max_hp_loss":26,"event_name":"Elementarium:ElementalBlades","floor":24,"gold_loss":0,"cards_obtained":["Elementarium:FireblessedBlade","Elementarium:WindblessedBlade","Elementarium:EarthblessedBlade","Elementarium:IceblessedBlade","Elementarium:VoidblessedBlade"]},{"damage_healed":0,"gold_gain":0,"player_choice":"Open","damage_taken":0,"relics_obtained":["Garlic"],"max_hp_gain":0,"max_hp_loss":0,"event_name":"Elementarium:TarCoveredCasket","floor":31,"gold_loss":0,"cards_obtained":["Elementarium:StickyTar"]},{"damage_healed":0,"gold_gain":0,"player_choice":"Ignored","damage_taken":0,"max_hp_gain":0,"max_hp_loss":0,"event_name":"Elementarium:ChestOfTheGoldenMirage","floor":36,"gold_loss":0},{"damage_healed":0,"gold_gain":0,"player_choice":"Fight","damage_taken":0,"max_hp_gain":0,"max_hp_loss":0,"event_name":"OrinTheCat","floor":38,"gold_loss":0},{"cards_removed":["Elementarium:FireblessedBlade"],"damage_healed":0,"gold_gain":0,"player_choice":"Removed Attack","damage_taken":0,"max_hp_gain":0,"max_hp_loss":0,"event_name":"Falling","floor":39,"gold_loss":0}],"is_beta":false,"boss_relics":[{"not_picked":["Astrolabe","Honey Jar"],"picked":"Black Star"},{"not_picked":["Snecko Eye","Empty Cage"],"picked":"Runesmith:UraniumAnvil"}],"items_purged_floors":[22,44],"is_endless":false,"potions_floor_spawned":[1,8,23,27,29,35,42,46],"ascension_level":0}}