{"host":"sum4dy402bbv9y4o","time":1608841108,"event":{"mods":["Aspiration","BaseMod","Conspire","Highlight Path","Minty Spire (QoL Compilation)","StSLib"],"gold_per_floor":[113,113,34,34,34,62,62,88,88,88,88],"floor_reached":10,"playtime":261,"items_purged":[],"score":144,"play_id":"84a574c4-e624-46b3-b17d-2ab0eae50401","local_time":"20201224231828","is_ascension_mode":true,"campfire_choices":[{"floor":7,"key":"REST"}],"circlet_count":0,"master_deck":["AscendersBane","Strike_R","Strike_R","Strike_R","Strike_R","Strike_R","Defend_R","Defend_R","Defend_R","Defend_R","Bash","conspire:Charge","conspire:Charge","Feel No Pain+1","Immolate"],"relics":["Burning Blood","Frozen Egg 2","Meat on the Bone","Omamori","Blue Candle"],"acts_visited":["Exordium"],"potions_floor_usage":[],"damage_taken":[{"damage":4,"enemies":"Jaw Worm","floor":1,"turns":3},{"damage":52,"enemies":"Gremlin Nob","floor":6,"turns":5},{"damage":27,"enemies":"3 Sentries","floor":8,"turns":9},{"damage":42,"enemies":"Lagavulin","floor":10,"turns":4}],"seed_played":"2536598528905425804","potions_obtained":[{"floor":1,"key":"SpeedPotion"}],"is_trial":false,"path_per_floor":["M","?","$","?","?","E","R","E","T","E"],"character_chosen":"IRONCLAD","items_purchased":["Feel No Pain+1"],"campfire_rested":1,"item_purchase_floors":[3],"current_hp_per_floor":[70,70,70,70,63,17,39,30,30,0,0],"gold":88,"neow_bonus":"THREE_CARDS","is_daily":false,"chose_seed":false,"campfire_upgraded":0,"win_rate":0.0,"timestamp":1608841108,"path_taken":["M","?","$","?","?","E","R","E","T","E"],"items_purchased_type":["Card"],"build_version":"2020-12-22","purchased_purges":0,"victory":false,"max_hp_per_floor":[75,75,75,75,75,75,75,75,75,75,75],"card_choices":[{"not_picked":["Warcry","Flame Barrier"],"picked":"conspire:Charge","floor":0},{"not_picked":["Reckless Charge","Perfected Strike"],"picked":"conspire:Charge","floor":1},{"not_picked":["Carnage","Body Slam"],"picked":"Immolate","floor":6},{"not_picked":["Iron Wave","Burning Pact","Body Slam"],"picked":"SKIP","floor":8}],"player_experience":2841244,"relics_obtained":[{"floor":6,"key":"Meat on the Bone"},{"floor":8,"key":"Omamori"},{"floor":9,"key":"Blue Candle"}],"event_choices":[{"damage_healed":0,"gold_gain":0,"player_choice":"Ignored","damage_taken":0,"max_hp_gain":0,"max_hp_loss":0,"event_name":"Golden Idol","floor":4,"gold_loss":0},{"cards_removed":["Injury"],"damage_healed":0,"gold_gain":0,"player_choice":"Card Removal","damage_taken":7,"max_hp_gain":0,"max_hp_loss":0,"event_name":"Golden Wing","floor":5,"gold_loss":0}],"is_beta":false,"boss_relics":[],"items_purged_floors":[],"is_endless":false,"potions_floor_spawned":[1],"killed_by":"Lagavulin","ascension_level":20}}