{"host":"vc42n08di9czm3e7","time":1608771396,"event":{"mods":["AchievementEnabler","Act Like it!","BaseMod","Colored Powertips","Downfall","Friendly Minions","GifTheSpireLib","Minty Spire (QoL Compilation)","Rare Cards Sparkle","StSLib"],"gold_per_floor":[99,117,180,198,213,213,237,237,237,248,263,273,423,471,488,592,592,592,606,617,617,137,137,137,166,166,166,166,91,91,91],"floor_reached":30,"playtime":1386,"items_purged":["Slimebound:Icky"],"score":263,"play_id":"9b5f1940-6aad-4235-9418-60ec1b36679f","local_time":"20201223195636","is_ascension_mode":false,"campfire_choices":[{"data":"sneckomod:SnekBite","floor":1,"key":"SMITH"},{"data":"sneckomod:SoulDraw","floor":6,"key":"SMITH"},{"data":"sneckomod:Unknown","floor":8,"key":"SMITH"},{"data":"sneckomod:UnknownRarePower","floor":18,"key":"SMITH"},{"data":"sneckomod:Nope","floor":23,"key":"SMITH"},{"floor":26,"key":"RECALL"},{"data":"sneckomod:UnknownRarePower","floor":29,"key":"SMITH"}],"circlet_count":0,"master_deck":["sneckomod:TailWhip+1","sneckomod:SnekBite+1","sneckomod:Unknown+1","sneckomod:Unknown","sneckomod:UnknownUncommonPower","sneckomod:DefensiveFlair","sneckomod:SoulDraw+1","sneckomod:SoulCleanse","sneckomod:Nope+1","sneckomod:Unknown3Cost","sneckomod:CheapStock","sneckomod:UnknownRarePower+1","sneckomod:Unknown2Cost+2","sneckomod:UnknownRareSkill","sneckomod:UnknownClassSLIMEBOUND+2","sneckomod:UnknownClassSLIMEBOUND","hexamod:SixthSeal","sneckomod:UnknownClassBLUE","sneckomod:QuickBite+1","sneckomod:Mudshield","sneckomod:PureSnecko","sneckomod:SnakeSap","sneckomod:UnknownRarePower+1","RitualDagger"],"relics":["sneckomod:SneckoSoul","PreservedInsect","Art of War","Whetstone","Pandora\u0027s Box","Meat on the Bone","Frozen Eye","Strawberry","Nunchaku","downfall:HeartBlessingRed"],"acts_visited":["Exordium","TheCity"],"potions_floor_usage":[11,16,30],"damage_taken":[{"damage":1,"enemies":"Small Slimes","floor":2,"turns":4},{"damage":28,"enemies":"Lagavulin Event","floor":3,"turns":8},{"damage":10,"enemies":"Jaw Worm","floor":4,"turns":4},{"damage":4,"enemies":"Cultist","floor":5,"turns":3},{"damage":12,"enemies":"Exordium Wildlife","floor":10,"turns":4},{"damage":21,"enemies":"Large Slime","floor":11,"turns":7},{"damage":0,"enemies":"2 Fungi Beasts","floor":12,"turns":4},{"damage":12,"enemies":"Exordium Wildlife","floor":15,"turns":5},{"damage":33,"enemies":"downfall:Ironclad","floor":16,"turns":9},{"damage":13,"enemies":"3 Byrds","floor":19,"turns":4},{"damage":0,"enemies":"Spheric Guardian","floor":20,"turns":3},{"damage":10,"enemies":"downfall:FleeingMerchant","floor":22,"turns":4},{"damage":42,"enemies":"Book of Stabbing","floor":25,"turns":8},{"damage":60,"enemies":"3 Cultists","floor":30,"turns":4}],"seed_played":"-1754799259244383481","potions_obtained":[{"floor":4,"key":"FearPotion"},{"floor":5,"key":"BlessingOfTheForge"},{"floor":11,"key":"champ:CounterPotion"},{"floor":12,"key":"SpeedPotion"},{"floor":25,"key":"champ:CounterPotion"}],"is_trial":false,"path_per_floor":["R","M","?","M","M","R","T","R","?","M","M","M","?","T","M","B",null,"R","M","M","?","$","R","T","E","R","?","?","R","M"],"character_chosen":"THE_SNECKO","items_purchased":["Meat on the Bone","Frozen Eye"],"campfire_rested":0,"item_purchase_floors":[22,22],"current_hp_per_floor":[99,99,71,61,57,57,57,57,100,88,68,68,68,68,56,24,106,106,94,94,94,86,86,93,63,63,64,58,58,0,0],"gold":91,"neow_bonus":"TEN_PERCENT_HP_BONUS","is_daily":false,"chose_seed":false,"campfire_upgraded":6,"win_rate":0.0,"timestamp":1608771396,"path_taken":["R","M","?","M","M","R","T","R","?","M","M","?","?","?","M","BOSS","R","M","M","?","$","R","T","E","R","?","?","R","M"],"items_purchased_type":["Relic","Relic"],"build_version":"2020-12-22","purchased_purges":1,"victory":false,"max_hp_per_floor":[99,100,100,100,100,100,100,100,100,100,101,101,101,101,101,102,106,106,107,107,107,107,107,114,114,114,115,115,115,115,115],"card_choices":[{"not_picked":["sneckomod:UnknownVulnerable","sneckomod:UnknownCommonSkill"],"picked":"sneckomod:UnknownUncommonPower","floor":2},{"not_picked":["sneckomod:UnknownBlock","sneckomod:SoulRoll"],"picked":"sneckomod:DefensiveFlair","floor":3},{"not_picked":["sneckomod:RainOfDice","sneckomod:DiceBoulder"],"picked":"sneckomod:SoulDraw","floor":4},{"not_picked":["sneckomod:UnknownCommonSkill","sneckomod:UnknownClassSLIMEBOUND"],"picked":"sneckomod:SoulCleanse","floor":5},{"not_picked":["sneckomod:DiceCrush","sneckomod:SoulRoll"],"picked":"sneckomod:Nope","floor":10},{"not_picked":["sneckomod:RainOfDice","sneckomod:UnknownExhaust"],"picked":"sneckomod:Unknown3Cost","floor":11},{"not_picked":["sneckomod:SoulDraw","sneckomod:DiceBoulder"],"picked":"sneckomod:CheapStock","floor":12},{"not_picked":["sneckomod:UnknownX","sneckomod:Unknown1Cost","sneckomod:DiceCrush"],"picked":"SKIP","floor":15},{"not_picked":["sneckomod:Mudshield","sneckomod:Restock"],"picked":"sneckomod:UnknownRarePower","floor":16},{"not_picked":["hexamod:FourthSeal","hexamod:FirstSeal"],"picked":"hexamod:SixthSeal","floor":19},{"not_picked":["sneckomod:UnknownCommonSkill","sneckomod:UnknownVulnerable"],"picked":"sneckomod:UnknownClassBLUE","floor":19},{"not_picked":["sneckomod:DiceBoulder","sneckomod:DefensiveFlair"],"picked":"sneckomod:QuickBite+1","floor":20},{"not_picked":["sneckomod:UnknownClassHEXA_GHOST_PURPLE","sneckomod:UnknownEthereal+1","sneckomod:Nope+1"],"picked":"SKIP","floor":22},{"not_picked":["sneckomod:UnknownUncommonAttack+1","sneckomod:RainOfDice"],"picked":"sneckomod:PureSnecko","floor":25}],"player_experience":191912,"relics_obtained":[{"floor":3,"key":"PreservedInsect"},{"floor":7,"key":"Art of War"},{"floor":14,"key":"Whetstone"},{"floor":24,"key":"Strawberry"},{"floor":25,"key":"Nunchaku"}],"event_choices":[{"damage_healed":43,"gold_gain":0,"player_choice":"Full Heal","damage_taken":0,"max_hp_gain":0,"max_hp_loss":0,"event_name":"Wheel of Change","floor":9,"gold_loss":0},{"damage_healed":0,"gold_gain":0,"player_choice":"Read","damage_taken":0,"max_hp_gain":0,"max_hp_loss":0,"event_name":"The Library","floor":21,"gold_loss":0,"cards_obtained":["sneckomod:Mudshield"]},{"damage_healed":0,"gold_gain":0,"cards_transformed":["sneckomod:DiceBlock","sneckomod:DiceBlock"],"player_choice":"Became Test Subject","damage_taken":0,"max_hp_gain":0,"max_hp_loss":0,"event_name":"Drug Dealer","floor":27,"gold_loss":0,"cards_obtained":["sneckomod:SnakeSap","sneckomod:UnknownRarePower"]}],"is_beta":false,"boss_relics":[{"not_picked":["Philosopher\u0027s Stone","Astrolabe"],"picked":"Pandora\u0027s Box"}],"items_purged_floors":[22],"is_endless":false,"potions_floor_spawned":[4,5,11,12,25],"killed_by":"3 Cultists","ascension_level":0}}