{"host":"o3b7ow6d1xe49css","time":1608801110,"event":{"mods":["Act Like it!","Aspiration","BaseMod","Bestiary","Better Altar","Better Match","Better Note","Better Sensory Stone","Better Skull","Better Third Choice","Colored Powertips","Conspire","Energized Spire","Force Act Four","GifTheSpireLib","Halation","Hermit","Hubris","Infinite Spire","Lobotomy","Minty Spire (QoL Compilation)","Quick Restart","Replay The Spire","Spicy Shops","Spikes Relics","StSLib","Stuff the Spire","The Blue Laboratory","Wandering Minibosses","vexMod"],"gold_per_floor":[111,129,144,160,160,187,187,219,245,272,272,306,332,37,37,141,141,154,172,192,192,210,236,236,270,294,323,323,429,429,25,25,125,125,143,68,0,0,0,32,62,92,92,92,92,118,118,144,144,144,194,194,42,71,322],"floor_reached":56,"playtime":2009,"items_purged":["Strike_P","Strike_P","Strike_P"],"score":1948,"play_id":"63cbdaa2-2424-4e93-b748-18455ffbe950","local_time":"20201224001150","daily_mods":["Heirloom","Flight","Elite Swarm"],"is_ascension_mode":true,"campfire_choices":[{"data":"Eruption","floor":7,"key":"SMITH"},{"data":"WindmillStrike","floor":11,"key":"SMITH"},{"data":"Omniscience","floor":15,"key":"SMITH"},{"floor":24,"key":"REST"},{"floor":28,"key":"REST"},{"floor":32,"key":"RECALL"},{"floor":47,"key":"REST"},{"floor":49,"key":"REST"},{"floor":52,"key":"REST"}],"circlet_count":0,"master_deck":["Defend_P","Defend_P","Defend_P","Defend_P","Eruption+1","Vigilance","Scorched","Vengeance","UniverseFragment","WindmillStrike+1","Crescendo","OldLady","Omniscience+1","OSAHOGD","DeusExMachina","BowlingBash","ClearTheMind","Replay:BluntJabs+1","BattleHymn","Consecrate+1","Scrawl","Establishment","Vengeance+1","GreedKing","Consecrate","Vault","DevaForm","Protect","Fasting2+1","DeusExMachina"],"relics":["PureWater","Ring of Chaos","infinitespire:Golems Mask","CogitoBucket","Dream Catcher","Replay:WaspNest","Anchor","Strawberry","Incense Burner","vexMod:BarristanHead","halation:BlackBeret","Rawhide","Fusion Hammer","LuminousBracelet","White Beast Statue","Bottled Lightning","halation:Trompette","Centennial Puzzle","infinitespire:Satchel","Pantograph","Sozu","Theresia","Red Mask","Counterbalance","hubris:MobiusCoin","vexMod:InvisibilityCloak","infinitespire:Eraser","Du-Vu Doll","Lizard Tail","hubris:DeckOfHolding","vexMod:MemoryStick","aspiration:HummingbirdHeart"],"acts_visited":["Exordium","TheCity","TheBeyond","TheEnding"],"potions_floor_usage":[16,27,27,35,40],"damage_taken":[{"damage":0,"enemies":"Jaw Worm","floor":1,"turns":2},{"damage":0,"enemies":"Cultist","floor":2,"turns":2},{"damage":0,"enemies":"2 Louse","floor":3,"turns":1},{"damage":2,"enemies":"Gremlin Gang","floor":4,"turns":3},{"damage":0,"enemies":"Lagavulin","floor":6,"turns":3},{"damage":0,"enemies":"Gremlin Nob","floor":8,"turns":2},{"damage":0,"enemies":"3 Sentries","floor":10,"turns":1},{"damage":12,"enemies":"Lagavulin","floor":12,"turns":4},{"damage":0,"enemies":"Gremlin Nob","floor":13,"turns":2},{"damage":45,"enemies":"Hexaghost","floor":16,"turns":5},{"damage":18,"enemies":"3 Byrds","floor":18,"turns":1},{"damage":0,"enemies":"Chosen","floor":19,"turns":3},{"damage":29,"enemies":"Centurion and Healer","floor":20,"turns":4},{"damage":13,"enemies":"Sentry and Sphere","floor":22,"turns":3},{"damage":0,"enemies":"Replay:Snechameleon","floor":23,"turns":3},{"damage":5,"enemies":"Book of Stabbing","floor":25,"turns":3},{"damage":27,"enemies":"Nightmare","floor":27,"turns":4},{"damage":18,"enemies":"Collector","floor":33,"turns":6},{"damage":18,"enemies":"3 Darklings","floor":35,"turns":1},{"damage":3,"enemies":"Giant Head","floor":40,"turns":5},{"damage":2,"enemies":"R_Hoarder","floor":41,"turns":3},{"damage":41,"enemies":"Nightmare","floor":42,"turns":8},{"damage":0,"enemies":"Giant Head","floor":46,"turns":4},{"damage":0,"enemies":"R_Hoarder","floor":48,"turns":4},{"damage":78,"enemies":"Time Eater","floor":50,"turns":7},{"damage":7,"enemies":"Shield and Spear","floor":54,"turns":2},{"damage":153,"enemies":"The Heart","floor":55,"turns":7}],"seed_played":"-6962361367879882611","potions_obtained":[{"floor":3,"key":"blueLaboratory:BottledHope"},{"floor":4,"key":"blueLaboratory:BottledHope"},{"floor":10,"key":"blueLaboratory:HummingbirdPotion"},{"floor":13,"key":"blueLaboratory:FaithlessPotion"},{"floor":20,"key":"Explosive Potion"},{"floor":25,"key":"blueLaboratory:StoneskinPotion"},{"floor":33,"key":"LiquidMemories"}],"is_trial":true,"path_per_floor":["M","M","M","M","?","E","R","E","T","E","R","E","E","$","R","B",null,"M","M","M","?","M","E","R","E","T","NM","R","?","AVR","$","R","B",null,"M","$","?","?","?","E","E","NM","T","AVR","?","E","R","E","R","B",null,"R","$","E","B",null],"character_chosen":"WATCHER","items_purchased":["BowlingBash","Rawhide","infinitespire:Satchel","Pantograph","vexMod:MemoryStick"],"campfire_rested":5,"item_purchase_floors":[14,14,31,31,53],"current_hp_per_floor":[72,72,72,70,70,70,70,70,77,77,77,65,65,65,65,20,64,61,61,33,33,20,20,48,44,44,20,48,38,38,38,38,46,82,64,64,64,64,73,71,69,29,29,29,29,29,57,57,82,11,66,84,84,77,61],"gold":322,"neow_bonus":"","is_daily":false,"chose_seed":false,"campfire_upgraded":3,"win_rate":0.0,"timestamp":1608801110,"path_taken":["M","M","M","M","?","E","R","E","T","E","R","E","E","$","R","BOSS","M","M","M","?","?","E","R","E","T","NM","R","?","AVR","$","R","BOSS","M","$","?","?","?","E","E","NM","T","AVR","?","E","R","E","R","BOSS","R","$","E","BOSS"],"items_purchased_type":["Card","Relic","Relic","Relic","Relic"],"build_version":"2020-12-22","purchased_purges":3,"victory":true,"max_hp_per_floor":[72,72,72,72,72,72,72,72,79,79,79,79,79,79,79,79,79,94,94,94,94,94,94,94,94,94,94,94,94,94,94,94,94,94,94,94,94,94,94,94,94,94,94,94,94,94,94,84,84,84,84,84,84,84,84],"card_choices":[{"not_picked":["WallGazer","SpiderBud","BeautyBeast"],"picked":"Singing Bowl","floor":1},{"not_picked":["Conclude","Adaptation","JustLucky"],"picked":"SKIP","floor":1},{"not_picked":["OldLady","CrumblingArmor"],"picked":"Scorched","floor":2},{"not_picked":["Tantrum","Consecrate"],"picked":"Vengeance","floor":2},{"not_picked":["Funeral","CherryBlossoms"],"picked":"UniverseFragment","floor":3},{"not_picked":["Vengeance","Halt"],"picked":"WindmillStrike","floor":3},{"not_picked":["Yin","ShyLook","SingingMachine"],"picked":"Singing Bowl","floor":4},{"not_picked":["Worship","Collect"],"picked":"Crescendo","floor":4},{"not_picked":["ShyLook","WallGazer"],"picked":"OldLady","floor":6},{"not_picked":["MasterReality","Replay:LoomingThreat"],"picked":"Omniscience","floor":6},{"not_picked":["MHz","HappyTeddy","Porccubus"],"picked":"Singing Bowl","floor":8},{"not_picked":["Wellcheers","BeautyBeast"],"picked":"OSAHOGD","floor":8},{"not_picked":["Blasphemy","MasterReality"],"picked":"DeusExMachina","floor":8},{"not_picked":["Murderer","PunishingBird","FairyFestival"],"picked":"Singing Bowl","floor":10},{"not_picked":["SpiritShield","Wish","Judgement"],"picked":"SKIP","floor":10},{"not_picked":["Wellcheers","WallGazer","NakedNest"],"picked":"Singing Bowl","floor":12},{"not_picked":["Wish","Ragnarok","Replay:AllIn"],"picked":"SKIP","floor":12},{"not_picked":["Woodsman","VoidDream","SpiderBud"],"picked":"Singing Bowl","floor":13},{"not_picked":["DeusExMachina","Brilliance","Replay:AllIn"],"picked":"SKIP","floor":13},{"not_picked":["DreamingCurrent","Variant","Freischutz"],"picked":"Singing Bowl","floor":16},{"not_picked":["VoidDream","Murderer","MeatLantern"],"picked":"Singing Bowl","floor":18},{"not_picked":["Adaptation+1","Replay:Vibes+1"],"picked":"ClearTheMind","floor":18},{"not_picked":["LongBird","MeatLantern","LaLuna"],"picked":"Singing Bowl","floor":19},{"not_picked":["EmptyFist+1","Evaluate"],"picked":"Replay:BluntJabs+1","floor":19},{"not_picked":["Bloodbath","FairyFestival","WhitesApple"],"picked":"Singing Bowl","floor":20},{"not_picked":["Judgement","Protect+1"],"picked":"BattleHymn","floor":20},{"not_picked":["SashWhip","Wish"],"picked":"Consecrate+1","floor":22},{"not_picked":["VoidDream","Rudolta","SnowQueen"],"picked":"Singing Bowl","floor":22},{"not_picked":["Laetitia","QueenBee","Bloodbath"],"picked":"Singing Bowl","floor":23},{"not_picked":["Blasphemy","Replay:AllIn","Devotion"],"picked":"SKIP","floor":23},{"not_picked":["CrumblingArmor","GalaxyChild","VoidDream"],"picked":"Singing Bowl","floor":25},{"not_picked":["Judgement","Ragnarok"],"picked":"Scrawl","floor":25},{"not_picked":["MeatLantern","Bloodbath","Wellcheers"],"picked":"Singing Bowl","floor":27},{"not_picked":["MasterReality","Wish"],"picked":"Establishment","floor":27},{"not_picked":["ThirdEye","Prostrate"],"picked":"Vengeance+1","floor":28},{"not_picked":["LaLuna","SingingMachine","QueenBee"],"picked":"Singing Bowl","floor":33},{"not_picked":["PunishingBird","NakedNest"],"picked":"GreedKing","floor":35},{"not_picked":["SandsOfTime+1","Replay:ManipulateFuture+1"],"picked":"Consecrate","floor":35},{"not_picked":["BlackArmy","Alriune","SpiderBud"],"picked":"Singing Bowl","floor":40},{"not_picked":["SpiritShield","Devotion"],"picked":"Vault","floor":40},{"not_picked":["CENSORED","QueenOfHatred","BigBadWolf"],"picked":"Singing Bowl","floor":41},{"not_picked":["Judgement","ConjureBlade","Replay:AllIn"],"picked":"SKIP","floor":41},{"not_picked":["Replay:AllIn","Alpha"],"picked":"DevaForm","floor":42},{"not_picked":["MHz","NothingThere","BlueStar"],"picked":"Singing Bowl","floor":42},{"not_picked":["Establishment","Wish","Judgement"],"picked":"SKIP","floor":46},{"not_picked":["Vengeance+1","EmptyBody"],"picked":"Protect","floor":47},{"not_picked":["GalaxyChild","Variant","DreamingCurrent"],"picked":"Singing Bowl","floor":48},{"not_picked":["Replay:AllIn","Ragnarok","SpiritShield"],"picked":"SKIP","floor":48},{"not_picked":["Replay:BluntJabs","Replay:ManipulateFuture"],"picked":"Fasting2+1","floor":52},{"not_picked":["Brilliance","Alpha"],"picked":"DeusExMachina","floor":54}],"player_experience":1846676,"relics_obtained":[{"floor":6,"key":"Replay:WaspNest"},{"floor":8,"key":"Anchor"},{"floor":9,"key":"Strawberry"},{"floor":10,"key":"Incense Burner"},{"floor":12,"key":"vexMod:BarristanHead"},{"floor":13,"key":"halation:BlackBeret"},{"floor":23,"key":"White Beast Statue"},{"floor":25,"key":"Bottled Lightning"},{"floor":27,"key":"halation:Trompette"},{"floor":40,"key":"Counterbalance"},{"floor":41,"key":"hubris:MobiusCoin"},{"floor":42,"key":"vexMod:InvisibilityCloak"},{"floor":43,"key":"infinitespire:Eraser"},{"floor":46,"key":"Lizard Tail"},{"floor":48,"key":"hubris:DeckOfHolding"},{"floor":54,"key":"aspiration:HummingbirdHeart"}],"event_choices":[{"damage_healed":0,"gold_gain":0,"player_choice":"Gave Potion","damage_taken":0,"relics_obtained":["Dream Catcher"],"max_hp_gain":0,"max_hp_loss":0,"event_name":"WeMeetAgain","floor":5,"gold_loss":0},{"cards_removed":["Strike_P"],"damage_healed":0,"gold_gain":0,"player_choice":"Give","damage_taken":0,"max_hp_gain":0,"max_hp_loss":0,"event_name":"betterNote:BetterNote","floor":21,"gold_loss":0,"cards_obtained":["Strike_G"]},{"damage_healed":0,"gold_gain":106,"player_choice":"GO ","damage_taken":11,"relics_obtained":[],"max_hp_gain":0,"max_hp_loss":0,"event_name":"betterSkull:BetterSkull","floor":29,"gold_loss":0,"cards_upgraded":[]},{"damage_healed":0,"gold_gain":0,"player_choice":"Paid","damage_taken":0,"relics_obtained":["Red Mask"],"max_hp_gain":0,"max_hp_loss":0,"event_name":"Tomb of Lord Red Mask","floor":37,"gold_loss":68},{"damage_healed":0,"gold_gain":3,"player_choice":"1","damage_taken":0,"max_hp_gain":0,"max_hp_loss":0,"event_name":"betterStone:BetterStone","floor":45,"gold_loss":0}],"is_beta":false,"boss_relics":[{"not_picked":["hubris:RunicObelisk","StuffTheSpire:ModemDavis"],"picked":"Fusion Hammer"},{"not_picked":["ReplayTheSpireMod:DimensionalGlitch","vexMod:MysteryBossChallenge"],"picked":"Sozu"}],"items_purged_floors":[30,36,44],"is_endless":true,"potions_floor_spawned":[3,4,10,13,20,25,33,35,40,41,46,48,54,55],"ascension_level":5}}