{"host":"ujyomg7d1f18u2we","time":1608769311,"event":{"mods":["AchievementEnabler","AlwaysNeverKeys","Aspiration","BaseMod","Colored Map","DeckTracker","Gremlin Skip","Highlight Path","Hubris","Minty Spire (QoL Compilation)","Quick Restart","Random Character Button","StSLib"],"gold_per_floor":[115,115,115,115,139,179,179,193,217,217,252,327,346,362,362,488,488,506,506,256,277,296,296,309,309,309,309,334,334,350,371,371,371,371],"floor_reached":33,"playtime":948,"items_purged":[],"score":284,"play_id":"3f7f6058-fe0f-4d93-9fae-cd00abf96c62","local_time":"20201223212151","is_ascension_mode":false,"campfire_choices":[{"floor":7,"key":"REST"},{"data":"Perfected Strike","floor":10,"key":"SMITH"},{"floor":15,"key":"REST"},{"data":"hubris:ReadiedAction","floor":23,"key":"SMITH"},{"data":"Ghostly Armor","floor":25,"key":"SMITH"},{"floor":27,"key":"REST"},{"data":"Echo Form","floor":32,"key":"SMITH"}],"circlet_count":0,"master_deck":["Strike_R","Strike_R","Strike_R","Strike_R","Strike_R","Defend_R","Defend_R","Defend_R","Defend_R","Bash+1","Perfected Strike+1","hubris:ReadiedAction+1","Ghostly Armor+1","Twin Strike+1","Echo Form+1"],"relics":["Burning Blood","Happy Flower","Golden Idol","aspiration:HiddenCompartment","Pen Nib","Singing Bowl","hubris:BottledRain","PreservedInsect","PrismaticShard"],"acts_visited":["Exordium","TheCity"],"potions_floor_usage":[11,13,16,28,33],"damage_taken":[{"damage":6,"enemies":"Jaw Worm","floor":1,"turns":3},{"damage":6,"enemies":"2 Louse","floor":5,"turns":3},{"damage":28,"enemies":"Gremlin Nob","floor":6,"turns":4},{"damage":7,"enemies":"Small Slimes","floor":8,"turns":3},{"damage":34,"enemies":"Lagavulin","floor":11,"turns":6},{"damage":8,"enemies":"Exordium Wildlife","floor":13,"turns":3},{"damage":6,"enemies":"Red Slaver","floor":14,"turns":3},{"damage":43,"enemies":"Slime Boss","floor":16,"turns":13},{"damage":14,"enemies":"Shell Parasite","floor":18,"turns":4},{"damage":0,"enemies":"Chosen","floor":21,"turns":3},{"damage":15,"enemies":"Snecko","floor":22,"turns":4},{"damage":16,"enemies":"Snake Plant","floor":24,"turns":4},{"damage":19,"enemies":"Chosen and Byrds","floor":28,"turns":6},{"damage":0,"enemies":"Snecko","floor":30,"turns":4},{"damage":19,"enemies":"Cultist and Chosen","floor":31,"turns":5},{"damage":100,"enemies":"Collector","floor":33,"turns":6}],"seed_played":"-5868807727042547324","potions_obtained":[{"floor":8,"key":"ColorlessPotion"},{"floor":11,"key":"Fruit Juice"},{"floor":13,"key":"Regen Potion"},{"floor":21,"key":"Swift Potion"},{"floor":30,"key":"Fire Potion"}],"is_trial":false,"path_per_floor":["M","?","?","$","M","E","R","M","T","R","E","?","M","M","R","B",null,"M","?","$","M","M","R","M","R","T","R","M","?","M","M","R","B"],"character_chosen":"IRONCLAD","items_purchased":["hubris:BottledRain"],"campfire_rested":3,"item_purchase_floors":[20],"current_hp_per_floor":[80,80,60,60,60,38,62,61,61,61,33,22,25,27,53,31,87,81,99,99,99,92,92,84,84,84,103,92,86,92,81,81,0,0],"gold":371,"neow_bonus":"RANDOM_COMMON_RELIC","is_daily":false,"chose_seed":false,"campfire_upgraded":4,"win_rate":0.0,"timestamp":1608769311,"path_taken":["M","?","?","$","M","E","R","M","T","R","E","?","M","M","R","BOSS","M","?","$","M","?","R","M","R","T","R","M","?","M","M","R","BOSS"],"items_purchased_type":["Relic"],"build_version":"2020-12-22","purchased_purges":0,"victory":false,"max_hp_per_floor":[80,80,80,80,80,80,80,80,80,80,80,80,85,87,87,87,87,89,99,99,99,101,101,103,103,103,103,105,107,107,109,109,109,109],"card_choices":[{"not_picked":["Body Slam","Rampage"],"picked":"Perfected Strike","floor":1},{"not_picked":["Sentinel","hubris:SharpeningStone","Thunderclap"],"picked":"SKIP","floor":5},{"not_picked":["Wild Strike","Heavy Blade","Uppercut"],"picked":"SKIP","floor":6},{"not_picked":["Searing Blow","Pommel Strike","Carnage"],"picked":"SKIP","floor":8},{"not_picked":["Battle Trance","Evolve"],"picked":"hubris:ReadiedAction","floor":11},{"not_picked":["Heavy Blade","hubris:ReadiedAction"],"picked":"Ghostly Armor","floor":13},{"not_picked":["Uppercut","Flame Barrier","Hemokinesis"],"picked":"Singing Bowl","floor":14},{"not_picked":["Limit Break","Corruption"],"picked":"Immolate","floor":16},{"not_picked":["Cleave","Pommel Strike","Shrug It Off"],"picked":"Singing Bowl","floor":18},{"not_picked":["Clothesline","Flex+1"],"picked":"Twin Strike+1","floor":21},{"not_picked":["Body Slam","Searing Blow","Clash+1"],"picked":"Singing Bowl","floor":22},{"not_picked":["Cleave","Sword Boomerang+1","Thunderclap"],"picked":"Singing Bowl","floor":24},{"not_picked":["Shrug It Off","Feel No Pain","Warcry"],"picked":"Singing Bowl","floor":28},{"not_picked":["Combust+1","Reckless Charge","Clash"],"picked":"Singing Bowl","floor":29},{"not_picked":["Weave","Body Slam"],"picked":"Echo Form","floor":30},{"not_picked":["Perfected Strike","White Noise","PanicButton"],"picked":"Singing Bowl","floor":31}],"player_experience":1561746,"relics_obtained":[{"floor":6,"key":"aspiration:HiddenCompartment"},{"floor":9,"key":"Pen Nib"},{"floor":11,"key":"Singing Bowl"},{"floor":26,"key":"PreservedInsect"},{"floor":29,"key":"PrismaticShard"}],"event_choices":[{"damage_healed":0,"gold_gain":0,"player_choice":"Grow","damage_taken":0,"max_hp_gain":0,"max_hp_loss":0,"event_name":"Living Wall","floor":2,"gold_loss":0,"cards_upgraded":["Bash"]},{"damage_healed":0,"gold_gain":0,"player_choice":"Take Damage","damage_taken":20,"relics_obtained":["Golden Idol"],"max_hp_gain":0,"max_hp_loss":0,"event_name":"Golden Idol","floor":3,"gold_loss":0},{"damage_healed":0,"gold_gain":75,"player_choice":"Gather Gold","damage_taken":11,"max_hp_gain":0,"max_hp_loss":0,"event_name":"World of Goop","floor":12,"gold_loss":0},{"cards_removed":["Immolate"],"damage_healed":8,"gold_gain":0,"player_choice":"Offered Rare","damage_taken":0,"max_hp_gain":10,"max_hp_loss":0,"event_name":"Bonfire Elementals","floor":19,"gold_loss":0}],"is_beta":false,"boss_relics":[{"not_picked":["hubris:HollowSoul","aspiration:RitualDagger","Runic Dome"]}],"items_purged_floors":[],"is_endless":false,"potions_floor_spawned":[8,11,13,21,30,31],"killed_by":"Collector","ascension_level":0}}