{"host":"egyxg9lnjq7g2hmw","time":1608777611,"event":{"mods":["AchievementEnabler","BaseMod","Block Reminder","Colored Map","Colored Powertips","Highlight Path","Minty Spire (QoL Compilation)","Rare Cards Sparkle","StSLib"],"gold_per_floor":[113,127,141,141,164,195,195,195,195],"floor_reached":8,"playtime":526,"items_purged":[],"score":116,"play_id":"ab11c87b-ac7d-41d6-84fd-ce731f7a1a11","local_time":"20201223184011","is_ascension_mode":true,"campfire_choices":[{"floor":7.0,"key":"REST"}],"circlet_count":0,"master_deck":["AscendersBane","Strike_G","Strike_G","Strike_G","Strike_G","Strike_G","Defend_G","Defend_G","Defend_G","Defend_G","Defend_G","Survivor","Neutralize","Acrobatics","Blur","Tactician","Sucker Punch","Backflip"],"relics":["Runic Dome","Golden Idol","Bag of Preparation"],"acts_visited":["Exordium"],"potions_floor_usage":[8],"damage_taken":[{"damage":3.0,"enemies":"Small Slimes","floor":1.0,"turns":4.0},{"damage":3.0,"enemies":"Cultist","floor":2.0,"turns":5.0},{"damage":7.0,"enemies":"2 Louse","floor":3.0,"turns":5.0},{"damage":3.0,"enemies":"Blue Slaver","floor":5.0,"turns":9.0},{"damage":35.0,"enemies":"3 Sentries","floor":6.0,"turns":20.0},{"damage":31,"enemies":"Gremlin Nob","floor":8,"turns":3}],"seed_played":"-4150105862366436155","potions_obtained":[{"floor":3.0,"key":"FearPotion"},{"floor":5.0,"key":"Fire Potion"}],"is_trial":false,"path_per_floor":["M","M","M","?","M","E","R","E"],"character_chosen":"THE_SILENT","items_purchased":[],"campfire_rested":1,"item_purchase_floors":[],"current_hp_per_floor":[56,53,46,46,43,8,26,0,0],"gold":195,"neow_bonus":"BOSS_RELIC","is_daily":false,"chose_seed":false,"campfire_upgraded":0,"win_rate":0.0,"timestamp":1608777611,"path_taken":["M","M","M","?","M","E","R","E"],"items_purchased_type":[],"build_version":"2020-12-22","purchased_purges":0,"victory":false,"max_hp_per_floor":[66,66,66,60,60,60,60,60,60],"card_choices":[{"not_picked":["Outmaneuver","Dagger Spray"],"picked":"Acrobatics","floor":1.0},{"not_picked":["Deflect","Caltrops"],"picked":"Blur","floor":2.0},{"not_picked":["Prepared","Backflip"],"picked":"Tactician","floor":3.0},{"not_picked":["PiercingWail","Outmaneuver"],"picked":"Sucker Punch","floor":5.0},{"not_picked":["Blade Dance","Slice"],"picked":"Backflip","floor":6.0}],"player_experience":578357,"relics_obtained":[{"floor":6.0,"key":"Bag of Preparation"}],"event_choices":[{"damage_healed":0.0,"max_hp_gain":0.0,"max_hp_loss":6.0,"gold_gain":0.0,"event_name":"Golden Idol","player_choice":"Lose Max HP","floor":4.0,"gold_loss":0.0,"damage_taken":0.0,"relics_obtained":["Golden Idol"]}],"is_beta":false,"boss_relics":[],"items_purged_floors":[],"is_endless":false,"potions_floor_spawned":[3,5],"killed_by":"Gremlin Nob","ascension_level":20}}