{"host":"s7tmyr5e6xvpia4b","time":1608819807,"event":{"mods":["BaseMod","Bestiary","Better Synergies","Curses Come First","GifTheSpireLib","Luminous","Minty Spire (QoL Compilation)","StSLib","The Gatherer","noobMod"],"gold_per_floor":[109,34,34,51,14,14,46,46,46,59,59,59,59,83,83,212,212,236,236,249,68,93,93,129,148,199,217,233,271,284,284,284,409,409,434,434,453,104,129,129,169,169,169,188,188,38,53,84,84,84,84,84,84,122,122],"floor_reached":56,"playtime":4777,"items_purged":["Gatherer:Strike_Gatherer","Gatherer:Strike_Gatherer","Gatherer:Frenzy+1","Gatherer:FlowerBeam"],"score":1347,"play_id":"5ee2f359-a136-4cd6-88bb-42d7d2c68294","local_time":"20201224222327","is_ascension_mode":false,"metric_token":661,"campfire_choices":[{"data":"Gatherer:Centralize","floor":6,"key":"SMITH"},{"data":"Gatherer:FlowerPower","floor":8,"key":"SMITH"},{"data":"Gatherer:FlowerPower+1","floor":11,"key":"SMITH"},{"data":"Gatherer:FlowerWhip","floor":13,"key":"SMITH"},{"data":"Gatherer:FlowerWhip+1","floor":15,"key":"SMITH"},{"data":"Gatherer:EnergyBasket","floor":23,"key":"SMITH"},{"data":"Gatherer:Convert","floor":32,"key":"SMITH"},{"data":"Madness","floor":40,"key":"SMITH"},{"data":"Gatherer:Liquidism","floor":42,"key":"SMITH"},{"data":"Luminous:Accumulation_Luminous","floor":45,"key":"SMITH"},{"floor":49,"key":"RECALL"},{"data":"Gatherer:Duplicator","floor":52,"key":"SMITH"}],"circlet_count":0,"master_deck":["Gatherer:Defend_Gatherer","Gatherer:Defend_Gatherer","Gatherer:Defend_Gatherer","Gatherer:Defend_Gatherer","Gatherer:Defend_Gatherer","Gatherer:Centralize+1","Gatherer:FlowerWhip+3","Gatherer:FlowerPower+2","Gatherer:EnergyBasket+1","Gatherer:Overflowing","Gatherer:Liquidism+1","Gatherer:RecoveryHerb","Gatherer:PoisonMastery","Gatherer:Solidify","Gatherer:AlchemyTrial","Gatherer:SealedBomb+1","Gatherer:GatherMaterial+1","Gatherer:BigPouch","Gatherer:Liquidism+1","Gatherer:Convert+1","Gatherer:ColorfulGarden","Gatherer:Duality+1","Gatherer:Bulldoze+1","Madness+1","Madness","Gatherer:Duplicator+1","Gatherer:AlchemyTrial","Luminous:Accumulation_Luminous+1","Gatherer:MindSearch","Gatherer:EnergyBasket+1","Gatherer:BalancedGrowth"],"relics":["Gatherer:AlchemyBag","ice","NeowsBlessing","Blue Candle","Golden Idol","Gatherer:ExplorersPath","Nloth\u0027s Gift","FossilizedHelix","Art of War","Gambling Chip","Mercury Hourglass","Astrolabe","Bag of Preparation","Strawberry","Whetstone","Blood Vial"],"acts_visited":["Exordium","TheCity","TheBeyond","TheEnding"],"potions_floor_usage":[24,24,30,33,37,55,55],"damage_taken":[{"damage":0,"enemies":"Small Slimes","floor":1,"turns":1},{"damage":0,"enemies":"Cultist","floor":4,"turns":1},{"damage":0,"enemies":"Gremlin Nob","floor":7,"turns":1},{"damage":12,"enemies":"Jaw Worm","floor":10,"turns":4},{"damage":8,"enemies":"Large Slime","floor":14,"turns":4},{"damage":60,"enemies":"Hexaghost","floor":16,"turns":14},{"damage":8,"enemies":"2 Thieves","floor":18,"turns":3},{"damage":4,"enemies":"Chosen","floor":20,"turns":3},{"damage":7,"enemies":"Snecko","floor":22,"turns":3},{"damage":20,"enemies":"Gremlin Leader","floor":24,"turns":8},{"damage":12,"enemies":"Centurion and Healer","floor":25,"turns":5},{"damage":11,"enemies":"Sentry and Sphere","floor":27,"turns":6},{"damage":0,"enemies":"Cultist and Chosen","floor":28,"turns":4},{"damage":0,"enemies":"Book of Stabbing","floor":29,"turns":5},{"damage":0,"enemies":"3 Cultists","floor":30,"turns":5},{"damage":0,"enemies":"Collector","floor":33,"turns":6},{"damage":17,"enemies":"3 Darklings","floor":35,"turns":7},{"damage":0,"enemies":"Orb Walker","floor":37,"turns":3},{"damage":0,"enemies":"Maw","floor":39,"turns":7},{"damage":56,"enemies":"Reptomancer","floor":41,"turns":6},{"damage":8,"enemies":"3 Darklings","floor":44,"turns":4},{"damage":14,"enemies":"Writhing Mass","floor":47,"turns":4},{"damage":54,"enemies":"Nemesis","floor":48,"turns":7},{"damage":2,"enemies":"Donu and Deca","floor":50,"turns":10},{"damage":0,"enemies":"Shield and Spear","floor":54,"turns":5},{"damage":128,"enemies":"The Heart","floor":55,"turns":10}],"seed_played":"4546611745483601518","potions_obtained":[{"floor":16,"key":"EssenceOfSteel"},{"floor":20,"key":"LiquidMemories"},{"floor":25,"key":"LiquidMemories"},{"floor":28,"key":"Dexterity Potion"},{"floor":29,"key":"Swift Potion"},{"floor":30,"key":"BlessingOfTheForge"},{"floor":37,"key":"Fire Potion"},{"floor":44,"key":"SmokeBomb"},{"floor":48,"key":"FairyPotion"}],"is_trial":false,"path_per_floor":["M","$","?","M","$","R","E","R","T","M","R","?","R","M","R","B",null,"M","?","M","$","M","R","E","M","T","M","M","E","M","?","R","B",null,"M","?","M","$","M","R","E","R","T","M","R","$","M","E","R","B",null,"R","$","E","B",null],"character_chosen":"THE_GATHERER","items_purchased":["Gatherer:FlowerPower","Gatherer:PoisonMastery","Bag of Preparation","Gatherer:AlchemyTrial"],"campfire_rested":0,"item_purchase_floors":[5,21,38,38],"current_hp_per_floor":[72,72,72,72,72,72,72,72,72,60,60,60,60,52,52,58,70,62,62,58,58,53,53,37,32,32,28,36,44,52,52,52,60,126,112,95,100,100,104,104,60,60,60,52,52,52,51,11,11,27,197,197,197,198,89],"gold":122,"neow_bonus":"THREE_ENEMY_KILL","is_daily":false,"chose_seed":false,"campfire_upgraded":11,"win_rate":0.0,"timestamp":1608819807,"path_taken":["M","$","?","?","?","R","E","R","T","M","R","?","R","M","R","BOSS","M","?","?","$","M","R","E","M","T","M","M","E","M","?","R","BOSS","M","?","M","$","M","R","E","R","T","M","R","$","M","E","R","BOSS","R","$","E","BOSS"],"items_purchased_type":["Card","Card","Relic","Card"],"build_version":"2020-12-22","purchased_purges":4,"victory":true,"max_hp_per_floor":[72,72,72,72,72,72,72,72,72,72,72,67,67,67,67,70,70,73,73,75,75,76,76,92,98,98,105,109,119,123,123,123,126,126,135,135,137,137,143,143,158,158,158,165,165,165,172,183,183,197,197,197,197,205,292],"card_choices":[{"not_picked":["Gatherer:BambuSword","Gatherer:FlowerFalling","Gatherer:AcidicSpray"],"picked":"SKIP","floor":1},{"not_picked":["Gatherer:BambuSword","Gatherer:AcidicSpray"],"picked":"Gatherer:FlowerFalling","floor":1},{"not_picked":["Gatherer:BigPouch","Gatherer:EnergyBasket","Gatherer:Misfortune"],"picked":"SKIP","floor":4},{"not_picked":["Gatherer:FragileHammer","Gatherer:ScherryThrow","Gatherer:QuickSynthesis"],"picked":"SKIP","floor":7},{"not_picked":["Gatherer:ScentOfRosmari","Gatherer:CollectorsShot+1","Gatherer:Convert"],"picked":"SKIP","floor":10},{"not_picked":["Gatherer:StoneFence","Gatherer:AcidicSpray+1"],"picked":"Gatherer:EnergyBasket","floor":14},{"not_picked":["Gatherer:FinishingStrike+1","Gatherer:StoneFence"],"picked":"Gatherer:Overflowing","floor":16},{"not_picked":["Gatherer:GatherMaterial","Gatherer:CollectorsShot+1"],"picked":"Gatherer:Liquidism+1","floor":18},{"not_picked":["Gatherer:Convert","Gatherer:OddSpoils"],"picked":"Gatherer:RecoveryHerb","floor":20},{"not_picked":["Gatherer:FlowerFalling","Gatherer:SaveValuables+1"],"picked":"Gatherer:Solidify","floor":22},{"not_picked":["Gatherer:Solidify","Gatherer:FinishingStrike"],"picked":"Gatherer:AlchemyTrial","floor":24},{"not_picked":["Gatherer:PotentialSlash","Gatherer:Transmute"],"picked":"Gatherer:SealedBomb+1","floor":25},{"not_picked":["Gatherer:FruitForce+1","Gatherer:FragileHammer"],"picked":"Gatherer:GatherMaterial+1","floor":27},{"not_picked":["Gatherer:CarefulStrike","Gatherer:FlamingBottle"],"picked":"Gatherer:BigPouch","floor":28},{"not_picked":["Gatherer:Snatch","Gatherer:Solidify"],"picked":"Gatherer:Liquidism","floor":29},{"not_picked":["Gatherer:DrugPower","Gatherer:MiningStrike"],"picked":"Gatherer:Convert","floor":30},{"not_picked":["Gatherer:StoneFence","Gatherer:Examine"],"picked":"Gatherer:ColorfulGarden","floor":33},{"not_picked":["Gatherer:Frenzy","Gatherer:FruitForce+1","Gatherer:RecipeChange+1"],"picked":"SKIP","floor":35},{"not_picked":["Gatherer:RottenStipe","Gatherer:EnergyBasket+1"],"picked":"Gatherer:Duplicator","floor":37},{"not_picked":["Gatherer:Polymorphism","Gatherer:BambuSword","Gatherer:AromaProtection"],"picked":"SKIP","floor":39},{"not_picked":["Gatherer:AcidicSpray","Gatherer:Liquidism+1"],"picked":"Gatherer:GrowBook","floor":41},{"not_picked":["Gatherer:FlowerBeam+1","Gatherer:EchoOfNature+1"],"picked":"Gatherer:MindSearch","floor":44},{"not_picked":["Gatherer:DrugPower","Gatherer:TreeGrowth","Gatherer:ScherryThrow"],"picked":"SKIP","floor":47},{"not_picked":["Gatherer:ColorfulGarden","Gatherer:StoneFence"],"picked":"Gatherer:EnergyBasket+1","floor":48},{"not_picked":["Gatherer:RecipeChange","Gatherer:PoisonMastery"],"picked":"Gatherer:BalancedGrowth","floor":54}],"player_experience":62662,"relics_obtained":[{"floor":7,"key":"Blue Candle"},{"floor":9,"key":"Molten Egg 2"},{"floor":24,"key":"FossilizedHelix"},{"floor":26,"key":"Art of War"},{"floor":29,"key":"Gambling Chip"},{"floor":41,"key":"Strawberry"},{"floor":48,"key":"Whetstone"},{"floor":54,"key":"Blood Vial"}],"event_choices":[{"damage_healed":0,"gold_gain":0,"cards_transformed":["Gatherer:Strike_Gatherer"],"player_choice":"Transformed","damage_taken":0,"max_hp_gain":0,"max_hp_loss":0,"event_name":"Transmorgrifier","floor":3,"gold_loss":0,"cards_obtained":["Gatherer:FlowerBeam"]},{"damage_healed":0,"gold_gain":0,"player_choice":"Lose Max HP","damage_taken":0,"relics_obtained":["Golden Idol"],"max_hp_gain":0,"max_hp_loss":5,"event_name":"Golden Idol","floor":12,"gold_loss":0},{"damage_healed":0,"gold_gain":0,"player_choice":"Traded Relic","damage_taken":0,"relics_obtained":["Nloth\u0027s Gift"],"max_hp_gain":0,"max_hp_loss":0,"event_name":"N\u0027loth","floor":19,"relics_lost":["Molten Egg 2"],"gold_loss":0},{"damage_healed":0,"gold_gain":0,"player_choice":"Opened","damage_taken":0,"relics_obtained":["Mercury Hourglass"],"max_hp_gain":0,"max_hp_loss":0,"event_name":"The Mausoleum","floor":31,"gold_loss":0},{"damage_healed":0,"gold_gain":0,"player_choice":"Embrace Madness","damage_taken":17,"max_hp_gain":0,"max_hp_loss":0,"event_name":"Winding Halls","floor":36,"gold_loss":0,"cards_obtained":["Madness","Madness"]}],"is_beta":false,"boss_relics":[{"not_picked":["Empty Cage","Ectoplasm"],"picked":"Gatherer:ExplorersPath"},{"not_picked":["Coffee Dripper","Tiny House"],"picked":"Astrolabe"}],"items_purged_floors":[2,21,38,46],"is_endless":false,"potions_floor_spawned":[14,16,20,25,28,29,30,37,44,48],"ascension_level":0}}