{"host":"7i2b4pyo6x2376bs","time":1608786796,"event":{"mods":["BaseMod","Better Note","Colored Map","Highlight Path","Minty Spire (QoL Compilation)","Quick Restart","Rare Cards Sparkle","Shop Mod","StSLib","The Jungle"],"gold_per_floor":[112,62,79,92,103,103,123,152,206,240,240,415,415,435,435,532,532,547,564,564,564,152,152,183,183,183,212,212,230,230,145,145,249,249,259,309,83,83,98,98,98,113,113,128,128,128,139,20,20,20,20],"floor_reached":50,"playtime":7271,"items_purged":["Decay"],"score":895,"play_id":"45273620-ab5e-4ef7-8148-e0458cd84939","local_time":"20201223211316","is_ascension_mode":true,"campfire_choices":[{"floor":6,"key":"RECALL"},{"floor":11,"key":"REST"},{"floor":13,"key":"REST"},{"data":"Demon Form","floor":15,"key":"SMITH"},{"data":"Apotheosis","floor":23,"key":"SMITH"},{"floor":25,"key":"REST"},{"floor":28,"key":"REST"},{"floor":30,"key":"REST"},{"floor":32,"key":"REST"},{"data":"Heavy Blade","floor":40,"key":"SMITH"},{"data":"Heavy Blade","floor":45,"key":"SMITH"},{"floor":49,"key":"REST"}],"circlet_count":0,"master_deck":["AscendersBane","Strike_R","Defend_R","Defend_R","Defend_R","Bash","Heavy Blade+1","Heavy Blade+1","Heavy Blade","Demon Form+1","Thunderclap","Offering","Doubt","Demon Form","Uppercut","Apotheosis+1","Headbutt","Injury","Power Through+1","Immolate","Berserk+1","Dropkick+1","Second Wind+1","Dropkick+1","Hemokinesis+1","Panache","Writhe","Carnage+1","Thunderclap","Normality","Fire Breathing","Demon Form","Carnage"],"relics":["Burning Blood","Ginger","Bag of Marbles","Shuriken","Cursed Key","Lee\u0027s Waffle","Anchor","HornCleat","Orichalcum","PreservedInsect","Astrolabe","Du-Vu Doll","Membership Card"],"acts_visited":["Exordium","TheCity","TheBeyond"],"potions_floor_usage":[8,8,10,24,27,33,36,39,42,44],"damage_taken":[{"damage":12,"enemies":"Jaw Worm","floor":1,"turns":2},{"damage":2,"enemies":"2 Louse","floor":3,"turns":2},{"damage":0,"enemies":"Small Slimes","floor":4,"turns":3},{"damage":11,"enemies":"2 Fungi Beasts","floor":5,"turns":4},{"damage":15,"enemies":"3 Louse","floor":7,"turns":4},{"damage":45,"enemies":"3 Sentries","floor":8,"turns":6},{"damage":24,"enemies":"Gremlin Nob","floor":10,"turns":4},{"damage":13,"enemies":"Blue Slaver","floor":14,"turns":2},{"damage":44,"enemies":"Slime Boss","floor":16,"turns":7},{"damage":17,"enemies":"Spheric Guardian","floor":18,"turns":3},{"damage":34,"enemies":"2 Thieves","floor":19,"turns":3},{"damage":82,"enemies":"Slavers","floor":24,"turns":7},{"damage":46,"enemies":"Gremlin Leader","floor":27,"turns":4},{"damage":13,"enemies":"Sentry and Sphere","floor":29,"turns":4},{"damage":38,"enemies":"Automaton","floor":33,"turns":6},{"damage":6,"enemies":"Orb Walker","floor":35,"turns":3},{"damage":9,"enemies":"Mind Bloom Boss Battle","floor":36,"turns":4},{"damage":8,"enemies":"3 Darklings","floor":39,"turns":4},{"damage":25,"enemies":"4 Shapes","floor":42,"turns":3},{"damage":8,"enemies":"Jaw Worm Horde","floor":44,"turns":2},{"damage":29,"enemies":"Sphere and 2 Shapes","floor":47,"turns":5},{"damage":80,"enemies":"Awakened One","floor":50,"turns":4}],"seed_played":"-2608853314775337971","potions_obtained":[{"floor":4,"key":"BloodPotion"},{"floor":7,"key":"Swift Potion"},{"floor":8,"key":"Block Potion"},{"floor":19,"key":"Regen Potion"},{"floor":24,"key":"SteroidPotion"},{"floor":29,"key":"SteroidPotion"},{"floor":33,"key":"Energy Potion"},{"floor":35,"key":"PowerPotion"},{"floor":39,"key":"DistilledChaos"},{"floor":42,"key":"AttackPotion"}],"is_trial":false,"path_per_floor":["M","?","M","M","M","R","M","E","T","E","R","?","R","M","R","B",null,"M","M","?","?","$","R","E","R","T","E","R","M","R","?","R","B",null,"M","?","$","?","M","R","?","M","T","M","R","?","M","$","R","B"],"character_chosen":"IRONCLAD","items_purchased":["Lee\u0027s Waffle","Apotheosis","Membership Card","Panache","Demon Form","Carnage"],"campfire_rested":7,"item_purchase_floors":[22,22,37,37,48,48],"current_hp_per_floor":[66,66,70,76,71,71,62,39,39,21,45,45,69,62,62,24,66,55,27,27,27,87,87,25,51,51,11,37,30,56,56,82,50,78,78,75,75,87,85,85,85,66,66,64,64,64,41,41,67,0,0],"gold":20,"neow_bonus":"REMOVE_CARD","is_daily":false,"chose_seed":false,"campfire_upgraded":4,"win_rate":0.0,"timestamp":1608786796,"path_taken":["M","?","M","M","M","R","M","E","T","E","R","?","R","M","R","BOSS","M","M","?","?","$","R","E","R","T","E","R","M","R","?","R","BOSS","M","?","$","?","M","R","?","M","T","M","R","?","M","$","R","BOSS"],"items_purchased_type":["Relic","Card","Relic","Card","Card","Card"],"build_version":"2020-12-22","purchased_purges":1,"victory":false,"max_hp_per_floor":[80,80,80,80,80,80,80,80,80,80,80,80,80,80,80,80,80,80,80,80,80,87,87,87,87,87,87,87,87,87,87,87,87,87,87,87,87,87,87,87,87,87,87,87,87,87,87,87,87,87,87],"card_choices":[{"not_picked":["Second Wind","Twin Strike"],"picked":"Heavy Blade","floor":1},{"not_picked":["Warcry","Shrug It Off"],"picked":"Combust","floor":3},{"not_picked":["Headbutt","Cleave"],"picked":"Heavy Blade","floor":4},{"not_picked":["Iron Wave","Warcry"],"picked":"Heavy Blade","floor":5},{"not_picked":["Perfected Strike","Armaments"],"picked":"Demon Form","floor":7},{"not_picked":["Flex","Cleave"],"picked":"Thunderclap","floor":8},{"not_picked":["Body Slam","Entrench"],"picked":"Offering","floor":10},{"not_picked":["Pummel","Body Slam","Wild Strike"],"picked":"SKIP","floor":14},{"not_picked":["Juggernaut","Feed"],"picked":"Demon Form","floor":16},{"not_picked":["Body Slam","True Grit","Evolve"],"picked":"SKIP","floor":18},{"not_picked":["Cleave","Second Wind"],"picked":"Uppercut","floor":19},{"not_picked":["Perfected Strike","Bloodletting"],"picked":"Headbutt","floor":24},{"not_picked":["Sever Soul","Clash"],"picked":"Power Through+1","floor":27},{"not_picked":["Clash","True Grit"],"picked":"Immolate","floor":29},{"not_picked":["Impervious","Offering"],"picked":"Berserk","floor":33},{"not_picked":["Wild Strike+1","Clash+1"],"picked":"Hemokinesis+1","floor":35},{"not_picked":["Rampage+1","Twin Strike"],"picked":"Carnage+1","floor":39},{"not_picked":["Searing Blow","Hemokinesis"],"picked":"Thunderclap","floor":42},{"not_picked":["Burning Pact","Metallicize"],"picked":"Fire Breathing","floor":44},{"not_picked":["Pummel","Body Slam","Sword Boomerang+1"],"picked":"SKIP","floor":47}],"player_experience":669614,"relics_obtained":[{"floor":8,"key":"Ginger"},{"floor":9,"key":"Bag of Marbles"},{"floor":10,"key":"Shuriken"},{"floor":24,"key":"Anchor"},{"floor":26,"key":"HornCleat"},{"floor":27,"key":"Orichalcum"},{"floor":36,"key":"Du-Vu Doll"}],"event_choices":[{"cards_removed":["Strike_R"],"damage_healed":0,"gold_gain":0,"player_choice":"Card Removal","damage_taken":0,"max_hp_gain":0,"max_hp_loss":0,"event_name":"The Cleric","floor":2,"gold_loss":50},{"damage_healed":0,"gold_gain":175,"player_choice":"AGREE","damage_taken":0,"max_hp_gain":0,"max_hp_loss":0,"event_name":"Liars Game","floor":12,"gold_loss":0,"cards_obtained":["Doubt"]},{"damage_healed":0,"gold_gain":0,"player_choice":"Ignored","damage_taken":0,"max_hp_gain":0,"max_hp_loss":0,"event_name":"Cursed Tome","floor":20,"gold_loss":0},{"damage_healed":0,"gold_gain":0,"player_choice":"Smashed Altar","damage_taken":0,"max_hp_gain":0,"max_hp_loss":0,"event_name":"Forgotten Altar","floor":21,"gold_loss":0,"cards_obtained":["Decay"]},{"damage_healed":0,"gold_gain":0,"player_choice":"Obtained Relic","damage_taken":0,"relics_obtained":["PreservedInsect"],"max_hp_gain":0,"max_hp_loss":0,"event_name":"Addict","floor":31,"gold_loss":85},{"damage_healed":0,"gold_gain":0,"player_choice":"Fight","damage_taken":0,"max_hp_gain":0,"max_hp_loss":0,"event_name":"MindBloom","floor":36,"gold_loss":0},{"damage_healed":22,"gold_gain":0,"player_choice":"Writhe","damage_taken":0,"max_hp_gain":0,"max_hp_loss":0,"event_name":"Winding Halls","floor":38,"gold_loss":0,"cards_obtained":["Writhe"]},{"cards_removed":["Combust"],"damage_healed":0,"gold_gain":0,"player_choice":"Removed Power","damage_taken":0,"max_hp_gain":0,"max_hp_loss":0,"event_name":"Falling","floor":41,"gold_loss":0},{"damage_healed":0,"gold_gain":0,"player_choice":"Upgraded","damage_taken":0,"max_hp_gain":0,"max_hp_loss":0,"event_name":"Upgrade Shrine","floor":46,"gold_loss":0,"cards_upgraded":["Berserk"]}],"is_beta":false,"boss_relics":[{"not_picked":["Coffee Dripper","Ectoplasm"],"picked":"Cursed Key"},{"not_picked":["Runic Dome","Philosopher\u0027s Stone"],"picked":"Astrolabe"}],"items_purged_floors":[22],"is_endless":false,"potions_floor_spawned":[4,7,8,19,24,29,33,35,39,42],"killed_by":"Awakened One","ascension_level":11}}