{"host":"vpnygm79y7yi43ig","time":1608783552,"event":{"mods":["BaseMod","Bestiary","Minty Spire (QoL Compilation)"],"gold_per_floor":[115,115,129,139,139,139,172,172,172,122,51,66,66,85,85,186,186,201,219,144,144,144,177,177,505,505,525,525,230,250,261,261,365,365,385,385,402,252,302,302,331,37,60,60,60,74,103,118,118,118],"floor_reached":51,"playtime":2664,"items_purged":[],"score":843,"play_id":"e5fcc3b0-3c65-4aba-bc08-a168f50d342e","local_time":"20201223201912","daily_mods":["Draft"],"is_ascension_mode":false,"campfire_choices":[{"data":"White Noise","floor":6.0,"key":"SMITH"},{"data":"Hologram","floor":8.0,"key":"SMITH"},{"data":"Self Repair","floor":13.0,"key":"SMITH"},{"data":"Coolheaded","floor":15.0,"key":"SMITH"},{"data":"Echo Form","floor":32,"key":"SMITH"},{"data":"Skim","floor":40,"key":"SMITH"},{"data":"Coolheaded","floor":49,"key":"SMITH"}],"circlet_count":0,"master_deck":["BootSequence","Rebound","Steam","White Noise+1","Coolheaded+1","Gash","Coolheaded+1","Beam Cell","Go for the Eyes","Hologram+1","Skim+1","Conserve Battery","Sweeping Beam","Conserve Battery","Gash","Self Repair+1","Echo Form+1","Gash","Skim+1","Gash"],"relics":["Cracked Core","Toxic Egg 2","Ice Cream","Pear","SlaversCollar","Potion Belt","Old Coin","Mercury Hourglass","Nunchaku","Sling","Busted Crown","DollysMirror","Prayer Wheel","Juzu Bracelet","Oddly Smooth Stone","TheAbacus","Lantern","Bag of Marbles","Centennial Puzzle"],"acts_visited":["Exordium","TheCity","TheBeyond"],"potions_floor_usage":[30,30,50,50,50,50],"damage_taken":[{"damage":0.0,"enemies":"Cultist","floor":1.0,"turns":2.0},{"damage":0.0,"enemies":"2 Louse","floor":3.0,"turns":2.0},{"damage":0.0,"enemies":"Small Slimes","floor":4.0,"turns":3.0},{"damage":5.0,"enemies":"Lagavulin","floor":7.0,"turns":6.0},{"damage":0.0,"enemies":"3 Louse","floor":12.0,"turns":3.0},{"damage":5.0,"enemies":"Exordium Thugs","floor":14.0,"turns":5.0},{"damage":10.0,"enemies":"Hexaghost","floor":16.0,"turns":7.0},{"damage":1.0,"enemies":"3 Byrds","floor":18.0,"turns":4.0},{"damage":13.0,"enemies":"2 Thieves","floor":19.0,"turns":3.0},{"damage":22,"enemies":"Slavers","floor":23,"turns":5},{"damage":5,"enemies":"Gremlin Leader","floor":25,"turns":4},{"damage":15,"enemies":"Sentry and Sphere","floor":27,"turns":4},{"damage":7,"enemies":"Centurion and Healer","floor":30,"turns":5},{"damage":12,"enemies":"Snake Plant","floor":31,"turns":5},{"damage":13,"enemies":"Collector","floor":33,"turns":5},{"damage":4,"enemies":"Orb Walker","floor":35,"turns":3},{"damage":8,"enemies":"3 Shapes","floor":37,"turns":4},{"damage":23,"enemies":"Mind Bloom Boss Battle","floor":39,"turns":4},{"damage":21,"enemies":"Nemesis","floor":41,"turns":5},{"damage":13,"enemies":"Sphere and 2 Shapes","floor":46,"turns":4},{"damage":0,"enemies":"Giant Head","floor":47,"turns":3},{"damage":7,"enemies":"Jaw Worm Horde","floor":48,"turns":4},{"damage":10,"enemies":"Awakened One","floor":50,"turns":4}],"seed_played":"-7782262466111656388","potions_obtained":[{"floor":1.0,"key":"Explosive Potion"},{"floor":7.0,"key":"FairyPotion"},{"floor":12.0,"key":"AttackPotion"},{"floor":14.0,"key":"Dexterity Potion"},{"floor":23,"key":"SneckoOil"},{"floor":27,"key":"Explosive Potion"},{"floor":33,"key":"GamblersBrew"},{"floor":35,"key":"Weak Potion"},{"floor":41,"key":"Strength Potion"},{"floor":46,"key":"Block Potion"}],"is_trial":true,"path_per_floor":["M","?","M","M","?","R","E","R","T","?","$","M","R","M","R","B",null,"M","M","?","$","?","E","$","E","T","M","?","$","M","M","R","B",null,"M","?","M","$","?","R","E","$","T","?","?","M","E","M","R","B",null],"character_chosen":"DEFECT","items_purchased":["Self Repair","Nunchaku","Sling","DollysMirror","Oddly Smooth Stone","TheAbacus"],"campfire_rested":0,"item_purchase_floors":[11,29,29,38,42,42],"current_hp_per_floor":[75,57,57,57,75,75,70,70,80,80,80,85,85,85,85,85,85,85,82,82,82,82,70,70,75,75,80,64,64,67,65,65,62,90,90,90,90,90,87,87,76,76,76,76,76,73,83,85,85,85],"gold":118,"neow_bonus":"","is_daily":false,"chose_seed":false,"campfire_upgraded":7,"win_rate":0.0,"timestamp":1608783552,"path_taken":["M","?","M","M","?","R","E","R","T","?","$","M","R","M","R","BOSS","M","M","?","?","?","E","$","E","T","M","?","$","M","M","R","BOSS","M","?","M","$","?","R","E","$","T","?","?","M","E","M","R","BOSS"],"items_purchased_type":["Card","Relic","Relic","Relic","Relic","Relic"],"build_version":"2020-12-22","purchased_purges":0,"victory":true,"max_hp_per_floor":[75,75,75,75,75,75,75,75,85,85,85,85,85,85,85,85,85,85,85,85,85,85,85,85,85,85,85,90,90,90,90,90,90,90,90,90,90,90,90,90,90,90,90,90,85,85,85,85,85,85],"card_choices":[{"not_picked":["Aggregate","Turbo"],"picked":"BootSequence","floor":0.0},{"not_picked":["Steam","Redo"],"picked":"Rebound","floor":0.0},{"not_picked":["Cold Snap","Compile Driver"],"picked":"Steam","floor":0.0},{"not_picked":["Rip and Tear","Storm"],"picked":"White Noise","floor":0.0},{"not_picked":["Double Energy","Barrage"],"picked":"Coolheaded","floor":0.0},{"not_picked":["Sweeping Beam","Scrape"],"picked":"Gash","floor":0.0},{"not_picked":["Redo","Stack"],"picked":"Streamline","floor":0.0},{"not_picked":["Defragment","Stack"],"picked":"Coolheaded","floor":0.0},{"not_picked":["Loop","Darkness"],"picked":"Beam Cell","floor":0.0},{"not_picked":["Capacitor","Barrage"],"picked":"Go for the Eyes","floor":0.0},{"not_picked":["Coolheaded","Reinforced Body"],"picked":"Cold Snap","floor":0.0},{"not_picked":["Darkness","Turbo"],"picked":"Hologram","floor":0.0},{"not_picked":["Reinforced Body","Leap"],"picked":"Skim","floor":0.0},{"not_picked":["Ball Lightning","Genetic Algorithm"],"picked":"Conserve Battery","floor":0.0},{"not_picked":["Steam Power","Capacitor"],"picked":"Sweeping Beam","floor":0.0},{"not_picked":["Redo","Go for the Eyes"],"picked":"Conserve Battery","floor":1.0},{"not_picked":["Sunder","Beam Cell","Rebound"],"picked":"SKIP","floor":3.0},{"not_picked":["Blizzard","Auto Shields+1","Ball Lightning"],"picked":"SKIP","floor":4.0},{"not_picked":["Thunder Strike","Stack+1"],"picked":"Gash","floor":7.0},{"not_picked":["Compile Driver","Sweeping Beam","Redo+1"],"picked":"SKIP","floor":12.0},{"not_picked":["Rip and Tear","Barrage","Ball Lightning"],"picked":"SKIP","floor":14.0},{"not_picked":["Seek+1","Amplify+1"],"picked":"Echo Form","floor":16.0},{"not_picked":["Rebound+1","Redo+1","Compile Driver+1"],"picked":"SKIP","floor":18.0},{"not_picked":["Scrape","Hologram+1","Compile Driver"],"picked":"SKIP","floor":19.0},{"not_picked":["Conserve Battery+1","Steam Power+1"],"picked":"Gash","floor":23},{"not_picked":["Sweeping Beam","Turbo+1","Streamline"],"picked":"SKIP","floor":25},{"not_picked":["Machine Learning","Coolheaded+1","Conserve Battery+1"],"picked":"SKIP","floor":27},{"not_picked":["Coolheaded+1","FTL"],"picked":"Skim+1","floor":30},{"not_picked":["Consume+1","Beam Cell","Auto Shields+1"],"picked":"SKIP","floor":31},{"not_picked":["Capacitor+1"],"picked":"SKIP","floor":35},{"not_picked":["Stack+1"],"picked":"SKIP","floor":37},{"not_picked":["Beam Cell"],"picked":"SKIP","floor":41},{"not_picked":["Loop+1"],"picked":"SKIP","floor":46},{"not_picked":["Genetic Algorithm+1"],"picked":"SKIP","floor":46},{"not_picked":["Beam Cell+1"],"picked":"SKIP","floor":47},{"not_picked":["Cold Snap"],"picked":"SKIP","floor":48},{"not_picked":["Ball Lightning+1"],"picked":"SKIP","floor":48}],"player_experience":196711,"relics_obtained":[{"floor":7.0,"key":"Ice Cream"},{"floor":9.0,"key":"Pear"},{"floor":23,"key":"Potion Belt"},{"floor":25,"key":"Old Coin"},{"floor":26,"key":"Mercury Hourglass"},{"floor":39,"key":"Prayer Wheel"},{"floor":41,"key":"Juzu Bracelet"},{"floor":43,"key":"Lantern"},{"floor":44,"key":"Bag of Marbles"},{"floor":47,"key":"Centennial Puzzle"}],"event_choices":[{"damage_healed":0.0,"max_hp_gain":0.0,"max_hp_loss":0.0,"gold_gain":0.0,"event_name":"Scrap Ooze","player_choice":"Success","floor":2.0,"gold_loss":0.0,"damage_taken":18.0,"relics_obtained":["Toxic Egg 2"]},{"damage_healed":25.0,"max_hp_gain":0.0,"max_hp_loss":0.0,"gold_gain":0.0,"event_name":"Big Fish","player_choice":"Banana","floor":5.0,"gold_loss":0.0,"damage_taken":0.0},{"cards_removed":["Streamline"],"damage_healed":0.0,"max_hp_gain":0.0,"max_hp_loss":0.0,"gold_gain":0.0,"event_name":"The Cleric","player_choice":"Card Removal","floor":10.0,"gold_loss":50.0,"damage_taken":0.0},{"cards_removed":["Cold Snap"],"damage_healed":0.0,"max_hp_gain":0.0,"max_hp_loss":0.0,"gold_gain":0.0,"event_name":"Beggar","player_choice":"Gave Gold","floor":20.0,"gold_loss":75.0,"damage_taken":0.0},{"damage_healed":0,"gold_gain":0,"player_choice":"Ignored","damage_taken":0,"max_hp_gain":0,"max_hp_loss":0,"event_name":"The Mausoleum","floor":22,"gold_loss":0},{"damage_healed":0,"gold_gain":0,"player_choice":"Shed Blood","damage_taken":21,"max_hp_gain":5,"max_hp_loss":0,"event_name":"Forgotten Altar","floor":28,"gold_loss":0},{"damage_healed":0,"gold_gain":0,"player_choice":"Memory 1","damage_taken":0,"max_hp_gain":0,"max_hp_loss":0,"event_name":"SensoryStone","floor":36,"gold_loss":0},{"damage_healed":0,"gold_gain":0,"player_choice":"Fight","damage_taken":0,"max_hp_gain":0,"max_hp_loss":0,"event_name":"MindBloom","floor":39,"gold_loss":0},{"damage_healed":0,"gold_gain":0,"player_choice":"Relic","damage_taken":0,"max_hp_gain":0,"max_hp_loss":0,"event_name":"Wheel of Change","floor":44,"gold_loss":0},{"damage_healed":0,"gold_gain":0,"player_choice":"Max HP","damage_taken":0,"max_hp_gain":0,"max_hp_loss":5,"event_name":"Winding Halls","floor":45,"gold_loss":0}],"is_beta":false,"boss_relics":[{"not_picked":["Cursed Key","SacredBark"],"picked":"SlaversCollar"},{"not_picked":["Black Star","Runic Pyramid"],"picked":"Busted Crown"}],"items_purged_floors":[],"is_endless":false,"potions_floor_spawned":[1,7,12,14,19,23,27,33,35,41,46,48],"ascension_level":0}}