{"host":"zxkjcgzis4pm3za5","time":1608831446,"event":{"mods":["AchievementEnabler","BaseMod","Colored Map","Colored Powertips","Minty Spire (QoL Compilation)","Quick Restart","RNG Fix","Random Character Button","StSLib"],"gold_per_floor":[115,115,115,127,144,171,185,210,210,210,64,139,139,169,169,269,269,280,205,221,321,350,350,381,381,381,397,424,439,439,464,464,464,464],"floor_reached":33,"playtime":1091,"items_purged":[],"score":509,"play_id":"e0eda1ed-eab4-438f-a4bf-ba620e899f7c","local_time":"20201224230726","is_ascension_mode":true,"campfire_choices":[{"data":"TalkToTheHand","floor":10,"key":"SMITH"},{"floor":13,"key":"REST"},{"data":"Meditate","floor":15,"key":"SMITH"},{"data":"Blasphemy","floor":23,"key":"SMITH"},{"data":"Judgement","floor":25,"key":"SMITH"},{"data":"BattleHymn","floor":30,"key":"SMITH"},{"data":"Conclude","floor":32,"key":"SMITH"}],"circlet_count":0,"master_deck":["Strike_P","Strike_P","Strike_P","Strike_P","Defend_P","Defend_P","Defend_P","Eruption","Vigilance","Halt","BowlingBash","Judgement+1","Adaptation","TalkToTheHand+1","Indignation","Clumsy","Meditate+1","Blasphemy+1","FlurryOfBlows","Tantrum","ThirdEye+1","Consecrate","Clumsy","Conclude+1","BattleHymn+1","Normality"],"relics":["Cursed Key","Nunchaku","Strawberry","Oddly Smooth Stone","Sling","Boot","Coffee Dripper","Red Mask","Tiny Chest","Potion Belt","Anchor"],"acts_visited":["Exordium","TheCity"],"potions_floor_usage":[6,18,22,28,28,29,33],"damage_taken":[{"damage":0,"enemies":"Small Slimes","floor":1,"turns":2},{"damage":0,"enemies":"Cultist","floor":4,"turns":2},{"damage":0,"enemies":"2 Louse","floor":5,"turns":2},{"damage":10,"enemies":"Gremlin Nob","floor":6,"turns":3},{"damage":1,"enemies":"Large Slime","floor":7,"turns":2},{"damage":19,"enemies":"3 Sentries","floor":8,"turns":7},{"damage":0,"enemies":"Lagavulin","floor":14,"turns":3},{"damage":38,"enemies":"Hexaghost","floor":16,"turns":11},{"damage":2,"enemies":"Chosen","floor":18,"turns":4},{"damage":9,"enemies":"Shell Parasite","floor":20,"turns":4},{"damage":0,"enemies":"Masked Bandits","floor":22,"turns":3},{"damage":15,"enemies":"Book of Stabbing","floor":24,"turns":3},{"damage":12,"enemies":"Snake Plant","floor":27,"turns":3},{"damage":0,"enemies":"Slavers","floor":28,"turns":1},{"damage":0,"enemies":"3 Cultists","floor":29,"turns":3},{"damage":32,"enemies":"Automaton","floor":33,"turns":4}],"seed_played":"1924824681445891089","potions_obtained":[{"floor":4,"key":"DistilledChaos"},{"floor":6,"key":"Weak Potion"},{"floor":7,"key":"StancePotion"},{"floor":22,"key":"AttackPotion"},{"floor":24,"key":"Explosive Potion"},{"floor":28,"key":"AttackPotion"},{"floor":29,"key":"ColorlessPotion"}],"is_trial":false,"path_per_floor":["M","?","?","M","M","E","M","E","T","R","$","?","R","E","R","B",null,"M","$","M","?","?","R","E","R","T","M","E","M","R","T","R","B"],"character_chosen":"WATCHER","items_purchased":["Sling","Tantrum"],"campfire_rested":1,"item_purchase_floors":[11,19],"current_hp_per_floor":[65,58,58,58,58,48,47,35,35,35,35,24,47,47,47,9,62,60,60,51,51,51,51,36,36,36,24,24,24,24,24,24,0,0],"gold":464,"neow_bonus":"BOSS_RELIC","is_daily":false,"chose_seed":false,"campfire_upgraded":6,"win_rate":0.0,"timestamp":1608831446,"path_taken":["M","?","?","M","M","E","M","E","T","R","?","?","R","E","R","BOSS","M","$","?","?","?","R","E","R","T","M","E","?","R","?","R","BOSS"],"items_purchased_type":["Relic","Card"],"build_version":"2020-12-22","purchased_purges":0,"victory":false,"max_hp_per_floor":[72,72,72,72,72,72,72,79,79,79,79,79,79,79,79,79,79,79,79,79,79,79,79,79,79,79,79,79,79,79,79,79,79,79],"card_choices":[{"not_picked":["EmptyBody","WaveOfTheHand"],"picked":"Halt","floor":1},{"not_picked":["Evaluate","CrushJoints"],"picked":"BowlingBash","floor":4},{"not_picked":["EmptyBody","PathToVictory"],"picked":"Judgement","floor":5},{"not_picked":["Sanctity","FollowUp"],"picked":"Adaptation","floor":6},{"not_picked":["WaveOfTheHand","Halt"],"picked":"TalkToTheHand","floor":7},{"not_picked":["FlurryOfBlows","FlyingSleeves"],"picked":"Indignation","floor":8},{"not_picked":["WaveOfTheHand","Weave"],"picked":"Meditate","floor":14},{"not_picked":["Omniscience","Alpha"],"picked":"Blasphemy","floor":16},{"not_picked":["BowlingBash","WindmillStrike"],"picked":"FlurryOfBlows","floor":18},{"not_picked":["FlurryOfBlows","Halt+1"],"picked":"ThirdEye+1","floor":20},{"not_picked":["Tantrum","Indignation"],"picked":"Consecrate","floor":24},{"not_picked":["FlyingSleeves","Evaluate"],"picked":"Conclude","floor":27},{"not_picked":["PathToVictory","DeceiveReality"],"picked":"BattleHymn","floor":28},{"not_picked":["Meditate","CarveReality+1","Prostrate+1"],"picked":"SKIP","floor":29}],"player_experience":136759,"relics_obtained":[{"floor":6,"key":"Nunchaku"},{"floor":8,"key":"Strawberry"},{"floor":9,"key":"Oddly Smooth Stone"},{"floor":14,"key":"Boot"},{"floor":22,"key":"Red Mask"},{"floor":24,"key":"Tiny Chest"},{"floor":28,"key":"Potion Belt"},{"floor":31,"key":"Anchor"}],"event_choices":[{"cards_removed":["Defend_P"],"damage_healed":0,"gold_gain":0,"player_choice":"Card Removal","damage_taken":7,"max_hp_gain":0,"max_hp_loss":0,"event_name":"Golden Wing","floor":2,"gold_loss":0},{"damage_healed":0,"gold_gain":0,"player_choice":"Ignored","damage_taken":0,"max_hp_gain":0,"max_hp_loss":0,"event_name":"Liars Game","floor":3,"gold_loss":0},{"damage_healed":0,"gold_gain":75,"player_choice":"Gather Gold","damage_taken":11,"max_hp_gain":0,"max_hp_loss":0,"event_name":"World of Goop","floor":12,"gold_loss":0},{"damage_healed":0,"gold_gain":100,"player_choice":"Pray","damage_taken":0,"max_hp_gain":0,"max_hp_loss":0,"event_name":"Golden Shrine","floor":21,"gold_loss":0},{"damage_healed":0,"gold_gain":0,"player_choice":"Fought Bandits","damage_taken":0,"max_hp_gain":0,"max_hp_loss":0,"event_name":"Masked Bandits","floor":22,"gold_loss":0}],"is_beta":false,"boss_relics":[{"not_picked":["Velvet Choker","SacredBark"],"picked":"Coffee Dripper"}],"items_purged_floors":[],"is_endless":false,"potions_floor_spawned":[4,6,7,22,24,28,29],"killed_by":"Automaton","ascension_level":9}}