{"host":"2461dio7vetlq1z3","time":1608782850,"event":{"mods":["2.2 Compatiblity","AchievementEnabler","Aspiration","BaseMod","Better Third Choice","Hermit","Marisa????????","Minty Spire (QoL Compilation)","Relic Stats","Spicy Shops","StSLib","The Runesmith","Waifu the Spire"],"gold_per_floor":[114,125,125,10,10,10,41,41,41,52,52,62,62,96,96,169,169,184,196,196,196],"floor_reached":20,"playtime":597,"items_purged":["Strike_B"],"score":364,"play_id":"baa825c9-c141-4678-9be9-d95cad3fd2b8","local_time":"20201224050730","is_ascension_mode":true,"campfire_choices":[{"data":"Sweeping Beam","floor":6,"key":"SMITH"},{"floor":11,"key":"REST"},{"data":"Chaos","floor":13,"key":"SMITH"},{"data":"Dualcast","floor":15,"key":"SMITH"}],"circlet_count":0,"master_deck":["AscendersBane","Strike_B","Strike_B","Defend_B","Defend_B","Defend_B","Defend_B","Zap","Dualcast+1","Gash","Sweeping Beam+1","Ball Lightning","Gash","Undo","Chaos+1","Electrodynamics","Machine Learning","Steam","Compile Driver"],"relics":["Cracked Core","aspiration:DSix","Anchor","Thread and Needle","aspiration:RunicSpoon"],"acts_visited":["Exordium","TheCity"],"potions_floor_usage":[7,16,18,20],"damage_taken":[{"damage":7,"enemies":"Jaw Worm","floor":1,"turns":3},{"damage":1,"enemies":"Small Slimes","floor":2,"turns":3},{"damage":39,"enemies":"Gremlin Nob","floor":7,"turns":4},{"damage":0,"enemies":"2 Louse","floor":10,"turns":2},{"damage":0,"enemies":"Large Slime","floor":12,"turns":4},{"damage":13,"enemies":"Lagavulin","floor":14,"turns":7},{"damage":21,"enemies":"The Guardian","floor":16,"turns":8},{"damage":23,"enemies":"3 Byrds","floor":18,"turns":3},{"damage":22,"enemies":"2 Thieves","floor":19,"turns":3},{"damage":15,"enemies":"Snake Plant","floor":20,"turns":2}],"seed_played":"4420874565526448917","potions_obtained":[{"floor":2,"key":"ColorlessPotion"},{"floor":12,"key":"EssenceOfDarkness"},{"floor":16,"key":"SteroidPotion"},{"floor":18,"key":"DistilledChaos"}],"is_trial":false,"path_per_floor":["M","M","?","$","$","R","E","?","T","M","R","M","R","E","R","B",null,"M","M","M"],"character_chosen":"DEFECT","items_purchased":["Ball Lightning"],"campfire_rested":1,"item_purchase_floors":[4],"current_hp_per_floor":[57,56,56,56,56,56,17,17,17,17,38,38,38,25,25,4,54,31,9,0,0],"gold":196,"neow_bonus":"DSIX","is_daily":false,"chose_seed":false,"campfire_upgraded":3,"win_rate":0.0,"timestamp":1608782850,"path_taken":["M","M","?","?","$","R","E","?","T","M","R","M","R","E","R","BOSS","M","M","M"],"items_purchased_type":["Card"],"build_version":"2020-12-22","purchased_purges":1,"victory":false,"max_hp_per_floor":[71,71,71,71,71,71,71,71,71,71,71,71,71,71,71,71,71,71,71,71,71],"relic_stats":{"counters":[10,39],"aspiration:RunicSpoon":[8],"obtain_stats":[{"Anchor":7,"aspiration:RunicSpoon":17,"Thread and Needle":14,"Cracked Core":0,"aspiration:DSix":0},{"Anchor":3,"aspiration:RunicSpoon":7,"Thread and Needle":6,"Cracked Core":0,"aspiration:DSix":0},{"Anchor":10,"aspiration:RunicSpoon":31,"Thread and Needle":23,"Cracked Core":0,"aspiration:DSix":0}]},"card_choices":[{"not_picked":["Tempest","Leap"],"picked":"Gash","floor":1},{"not_picked":["Beam Cell","Stack"],"picked":"Sweeping Beam","floor":2},{"not_picked":["Core Surge","Stack"],"picked":"Gash","floor":7},{"not_picked":["Beam Cell","Rebound"],"picked":"Undo","floor":10},{"not_picked":["BootSequence","Beam Cell"],"picked":"Chaos","floor":12},{"not_picked":["BootSequence","Cold Snap"],"picked":"Electrodynamics","floor":14},{"not_picked":["Amplify","Multi-Cast"],"picked":"Machine Learning","floor":16},{"not_picked":["Undo","Stack"],"picked":"Steam","floor":18},{"not_picked":["Redo","Rebound"],"picked":"Compile Driver","floor":19}],"player_experience":990567,"relics_obtained":[{"floor":7,"key":"Anchor"},{"floor":14,"key":"Thread and Needle"}],"event_choices":[{"cards_removed":["Strike_B"],"damage_healed":0,"gold_gain":0,"player_choice":"Forget","damage_taken":0,"max_hp_gain":0,"max_hp_loss":0,"event_name":"Living Wall","floor":3,"gold_loss":0},{"damage_healed":17,"gold_gain":0,"player_choice":"Leave","damage_taken":0,"max_hp_gain":0,"max_hp_loss":71,"event_name":"betterThird:BetterShining","floor":8,"gold_loss":0}],"is_beta":false,"boss_relics":[{"not_picked":["Nuclear Battery","SacredBark"],"picked":"aspiration:RunicSpoon"}],"items_purged_floors":[4],"is_endless":false,"potions_floor_spawned":[2,12,16,18],"killed_by":"Snake Plant","ascension_level":20}}