{"host":"uflv0e3ja7hvnij7","time":1608845287,"event":{"mods":["Aspiration","BaseMod","Better Altar","Better Match","Better Note","Better Sensory Stone","Better Skull","Better Third Choice","Infinite Spire","Minty Spire (QoL Compilation)","Permanent Neow","StSLib"],"gold_per_floor":[119,138,158,158,158,158,191,206,206,221,232,232,232,244,244,349,349,364,376,376,279,291,321,321,333,356,367,367,367],"floor_reached":28,"playtime":1678,"items_purged":[],"score":330,"play_id":"0131f22b-c094-4ce6-939c-2df595ca1058","local_time":"20201224162807","is_ascension_mode":true,"campfire_choices":[{"data":"Anger","floor":6,"key":"SMITH"},{"floor":13,"key":"REST"},{"data":"Pommel Strike","floor":15,"key":"SMITH"},{"floor":24,"key":"REST"}],"circlet_count":0,"master_deck":["Strike_R","Strike_R","Strike_R","Strike_R","Defend_R","Defend_R","Bash","Anger+1","Metallicize","Cloak And Dagger","Eviscerate","Warcry","Inflame","Flame Barrier","Intimidate","Warcry","Pommel Strike+1","Offering","Twin Strike+1","Flash of Steel","Double Tap","Headbutt","Armaments+1"],"relics":["Burning Blood","aspiration:DSix","Dream Catcher","Fusion Hammer","Bag of Preparation","infinitespire:Lucky Rock"],"acts_visited":["Exordium","TheCity"],"potions_floor_usage":[16,16,16,22,24,27],"damage_taken":[{"damage":1,"enemies":"Cultist","floor":1,"turns":3},{"damage":8,"enemies":"Jaw Worm","floor":2,"turns":4},{"damage":2,"enemies":"Small Slimes","floor":3,"turns":3},{"damage":18,"enemies":"Lagavulin","floor":7,"turns":6},{"damage":9,"enemies":"Red Slaver","floor":8,"turns":4},{"damage":6,"enemies":"2 Fungi Beasts","floor":10,"turns":3},{"damage":15,"enemies":"Gremlin Gang","floor":11,"turns":4},{"damage":11,"enemies":"Exordium Thugs","floor":14,"turns":5},{"damage":26,"enemies":"Hexaghost","floor":16,"turns":8},{"damage":18,"enemies":"Chosen","floor":18,"turns":3},{"damage":15,"enemies":"2 Thieves","floor":19,"turns":3},{"damage":9,"enemies":"Centurion and Healer","floor":22,"turns":5},{"damage":76,"enemies":"Book of Stabbing","floor":23,"turns":6},{"damage":22,"enemies":"3 Cultists","floor":25,"turns":4},{"damage":21,"enemies":"Snake Plant","floor":27,"turns":3},{"damage":34,"enemies":"Shelled Parasite and Fungi","floor":28,"turns":2}],"seed_played":"6973243773835669877","potions_obtained":[{"floor":2,"key":"Block Potion"},{"floor":8,"key":"EssenceOfSteel"},{"floor":14,"key":"Strength Potion"},{"floor":16,"key":"Swift Potion"},{"floor":23,"key":"Fruit Juice"},{"floor":25,"key":"ColorlessPotion"},{"floor":27,"key":"AttackPotion"}],"is_trial":false,"path_per_floor":["M","M","M","?","?","R","E","M","T","M","M","$","R","M","R","B",null,"M","M","?","$","M","E","R","M","T","M","M"],"character_chosen":"IRONCLAD","items_purchased":["Flash of Steel"],"campfire_rested":2,"item_purchase_floors":[21],"current_hp_per_floor":[80,78,80,80,90,90,78,75,75,75,66,66,90,85,85,65,84,72,63,90,90,87,17,50,34,34,19,0,0],"gold":367,"neow_bonus":"DSIX","is_daily":false,"chose_seed":false,"campfire_upgraded":2,"win_rate":0.0,"timestamp":1608845287,"path_taken":["M","M","?","?","?","R","E","M","T","?","M","$","R","M","R","BOSS","M","M","?","$","M","E","R","M","T","M","M"],"items_purchased_type":["Card"],"build_version":"2020-12-22","purchased_purges":0,"victory":false,"max_hp_per_floor":[80,80,80,80,90,90,90,90,90,90,90,90,90,90,90,90,90,90,90,90,90,90,90,95,95,95,95,95,95],"card_choices":[{"not_picked":["Headbutt","Armaments"],"picked":"Anger","floor":1},{"not_picked":["Entrench","Heavy Blade","True Grit"],"picked":"SKIP","floor":2},{"not_picked":["Reckless Charge","Impervious"],"picked":"Metallicize","floor":3},{"not_picked":["Rage","Blood for Blood"],"picked":"Warcry","floor":7},{"not_picked":["Twin Strike","Perfected Strike"],"picked":"Inflame","floor":8},{"not_picked":["Armaments","Spot Weakness"],"picked":"Flame Barrier","floor":10},{"not_picked":["Iron Wave","Pommel Strike"],"picked":"Intimidate","floor":11},{"not_picked":["Infernal Blade","Rampage"],"picked":"Warcry","floor":13},{"not_picked":["Exhume","Sword Boomerang"],"picked":"Pommel Strike","floor":14},{"not_picked":["Limit Break","Fiend Fire"],"picked":"Offering","floor":16},{"not_picked":["Heavy Blade","Clash","Iron Wave"],"picked":"SKIP","floor":18},{"not_picked":["Bloodletting+1","Evolve"],"picked":"Twin Strike+1","floor":19},{"not_picked":["Heavy Blade","Armaments","Cleave+1"],"picked":"SKIP","floor":22},{"not_picked":["Flex","Seeing Red+1"],"picked":"Double Tap","floor":23},{"not_picked":["Sword Boomerang","Cleave"],"picked":"Headbutt","floor":24},{"not_picked":["Body Slam","Wild Strike+1"],"picked":"Armaments+1","floor":25},{"not_picked":["Searing Blow","Perfected Strike","Wild Strike"],"picked":"SKIP","floor":27}],"player_experience":329046,"relics_obtained":[{"floor":7,"key":"Dream Catcher"},{"floor":23,"key":"Bag of Preparation"},{"floor":26,"key":"infinitespire:Lucky Rock"}],"event_choices":[{"cards_removed":["Storm of Steel"],"damage_healed":0,"gold_gain":0,"player_choice":"Offered Rare","damage_taken":0,"max_hp_gain":10,"max_hp_loss":0,"event_name":"Bonfire Elementals","floor":5,"gold_loss":0},{"damage_healed":27,"gold_gain":0,"player_choice":"Full Heal","damage_taken":0,"max_hp_gain":0,"max_hp_loss":0,"event_name":"Wheel of Change","floor":20,"gold_loss":0}],"is_beta":false,"boss_relics":[{"not_picked":["Black Star","aspiration:RunicSpoon"],"picked":"Fusion Hammer"}],"items_purged_floors":[],"is_endless":false,"potions_floor_spawned":[2,8,14,16,23,25,27],"killed_by":"Shelled Parasite and Fungi","ascension_level":5}}