{"host":"zekcc3vicrep0och","time":1608793751,"event":{"mods":["AchievementEnabler","BaseMod","Colored Map","Colored Powertips","Displayed Cursed Tome","Minty Spire (QoL Compilation)","Relic Stats","StSLib"],"gold_per_floor":[110,110,110,128,151,194,194,207,207,207,282,282,316,336,336,431,431,444,463,94,115,130,130,144,144,170,95,40,40,71,84,84,84,84],"floor_reached":33,"playtime":1441,"items_purged":["Parasite"],"score":499,"play_id":"56c2220c-a4b6-4978-91ee-d1d4c049e237","local_time":"20201224100911","is_ascension_mode":true,"campfire_choices":[{"data":"Bash","floor":7.0,"key":"SMITH"},{"data":"Rage","floor":10.0,"key":"SMITH"},{"floor":15.0,"key":"REST"},{"floor":23.0,"key":"REST"},{"data":"Berserk","floor":29.0,"key":"SMITH"},{"floor":32,"key":"REST"}],"circlet_count":0,"master_deck":["AscendersBane","Strike_R","Strike_R","Strike_R","Strike_R","Defend_R","Defend_R","Defend_R","Defend_R","Bash+1","Perfected Strike","Disarm","Rage+1","Perfected Strike","Berserk+1","Cleave","Feed","Twin Strike+1","Thunderclap+1","Spot Weakness","Rampage+1","Impervious"],"relics":["Burning Blood","Golden Idol","CultistMask","TungstenRod","Mercury Hourglass","InkBottle","Philosopher\u0027s Stone","Omamori","MutagenicStrength","MealTicket","Potion Belt"],"acts_visited":["TheCity"],"potions_floor_usage":[31],"damage_taken":[{"damage":0.0,"enemies":"Small Slimes","floor":1.0,"turns":3.0},{"damage":0.0,"enemies":"Cultist","floor":4.0,"turns":4.0},{"damage":7.0,"enemies":"Jaw Worm","floor":5.0,"turns":4.0},{"damage":38.0,"enemies":"Gremlin Nob","floor":6.0,"turns":5.0},{"damage":3.0,"enemies":"Looter","floor":8.0,"turns":4.0},{"damage":41.0,"enemies":"Lagavulin","floor":13.0,"turns":7.0},{"damage":8.0,"enemies":"Large Slime","floor":14.0,"turns":5.0},{"damage":20.0,"enemies":"Slime Boss","floor":16.0,"turns":6.0},{"damage":22.0,"enemies":"2 Thieves","floor":18.0,"turns":4.0},{"damage":20.0,"enemies":"Spheric Guardian","floor":19.0,"turns":4.0},{"damage":23.0,"enemies":"Snake Plant","floor":21.0,"turns":3.0},{"damage":16.0,"enemies":"Centurion and Healer","floor":22.0,"turns":4.0},{"damage":14.0,"enemies":"Sentry and Sphere","floor":24.0,"turns":4.0},{"damage":13.0,"enemies":"Slavers","floor":30.0,"turns":4.0},{"damage":22,"enemies":"Chosen and Byrds","floor":31,"turns":5},{"damage":42,"enemies":"Champ","floor":33,"turns":3}],"seed_played":"-1474899832754426003","potions_obtained":[{"floor":4.0,"key":"Ancient Potion"},{"floor":5.0,"key":"EssenceOfSteel"},{"floor":8.0,"key":"BloodPotion"},{"floor":13.0,"key":"Energy Potion"},{"floor":14.0,"key":"Strength Potion"},{"floor":21.0,"key":"ColorlessPotion"},{"floor":22.0,"key":"SteroidPotion"},{"floor":30.0,"key":"Weak Potion"}],"is_trial":false,"path_per_floor":["M","?","?","M","M","E","R","M","T","R","?","?","E","M","R","B",null,"M","M","$","M","M","R","M","?","T","?","$","R","E","M","R","B"],"character_chosen":"IRONCLAD","items_purchased":["Omamori","Block Potion","Spot Weakness","SkillPotion"],"campfire_rested":3,"item_purchase_floors":[20,20,20,28],"current_hp_per_floor":[74,48,48,54,53,21,21,24,24,24,14,32,12,10,32,18,61,45,34,34,17,7,29,21,21,21,21,36,36,32,16,39,0,0],"gold":84,"neow_bonus":"THREE_CARDS","is_daily":false,"chose_seed":false,"campfire_upgraded":3,"win_rate":0.0,"timestamp":1608793751,"path_taken":["M","?","?","M","M","E","R","?","T","R","?","?","E","M","R","BOSS","M","M","$","M","M","R","M","?","T","?","$","R","E","M","R","BOSS"],"items_purchased_type":["Relic","Potion","Card","Potion"],"build_version":"2020-12-22","purchased_purges":1,"victory":false,"max_hp_per_floor":[75,75,75,75,75,75,75,75,75,75,75,75,75,75,75,75,75,75,78,75,75,75,75,75,75,75,75,75,75,78,78,78,78,78],"relic_stats":{"counters":[16,68],"Golden Idol":77,"MealTicket":15,"obtain_stats":[{"Potion Belt":30,"Golden Idol":2,"MutagenicStrength":25,"Philosopher\u0027s Stone":17,"MealTicket":26,"CultistMask":3,"Omamori":20,"Burning Blood":0,"TungstenRod":6,"InkBottle":13,"Mercury Hourglass":9},{"Potion Belt":14,"Golden Idol":1,"MutagenicStrength":13,"Philosopher\u0027s Stone":8,"MealTicket":13,"CultistMask":1,"Omamori":10,"Burning Blood":0,"TungstenRod":4,"InkBottle":6,"Mercury Hourglass":5},{"Potion Belt":60,"Golden Idol":3,"MutagenicStrength":56,"Philosopher\u0027s Stone":37,"MealTicket":56,"CultistMask":3,"Omamori":45,"Burning Blood":0,"TungstenRod":16,"InkBottle":27,"Mercury Hourglass":20}],"Burning Blood":90,"TungstenRod":32,"InkBottle":[12],"Mercury Hourglass":[160]},"card_choices":[{"not_picked":["Warcry","Clash"],"picked":"Perfected Strike","floor":0.0},{"not_picked":["Sword Boomerang","Anger","Sentinel"],"picked":"SKIP","floor":1.0},{"not_picked":["Headbutt","Blood for Blood"],"picked":"Disarm","floor":4.0},{"not_picked":["Searing Blow","Iron Wave"],"picked":"Rage","floor":5.0},{"not_picked":["Clash","True Grit","Rage"],"picked":"SKIP","floor":6.0},{"not_picked":["Carnage","Reckless Charge"],"picked":"Perfected Strike","floor":8.0},{"not_picked":["Sentinel","Dropkick"],"picked":"Berserk","floor":13.0},{"not_picked":["Pommel Strike","Clash"],"picked":"Cleave","floor":14.0},{"not_picked":["Berserk","Reaper"],"picked":"Feed","floor":16.0},{"not_picked":["True Grit","Armaments"],"picked":"Twin Strike+1","floor":18.0},{"not_picked":["Flex","True Grit"],"picked":"Thunderclap+1","floor":19.0},{"not_picked":["Carnage","Heavy Blade","Clothesline+1"],"picked":"SKIP","floor":21.0},{"not_picked":["Anger","Clash"],"picked":"Rampage+1","floor":22.0},{"not_picked":["Intimidate","Body Slam","Warcry"],"picked":"SKIP","floor":24.0},{"not_picked":["Dual Wield+1","Bloodletting"],"picked":"Impervious","floor":30.0},{"not_picked":["Thunderclap","Dark Embrace","Reckless Charge"],"picked":"SKIP","floor":31}],"player_experience":457063,"relics_obtained":[{"floor":6.0,"key":"TungstenRod"},{"floor":9.0,"key":"Mercury Hourglass"},{"floor":13.0,"key":"InkBottle"},{"floor":26.0,"key":"MealTicket"},{"floor":30.0,"key":"Potion Belt"}],"event_choices":[{"damage_healed":0.0,"max_hp_gain":0.0,"max_hp_loss":0.0,"gold_gain":0.0,"event_name":"Golden Idol","player_choice":"Take Damage","floor":2.0,"gold_loss":0.0,"damage_taken":26.0,"relics_obtained":["Golden Idol"]},{"damage_healed":0.0,"max_hp_gain":0.0,"max_hp_loss":0.0,"gold_gain":0.0,"event_name":"FaceTrader","player_choice":"Trade","floor":3.0,"gold_loss":0.0,"damage_taken":0.0,"relics_obtained":["CultistMask"]},{"damage_healed":0.0,"max_hp_gain":0.0,"max_hp_loss":0.0,"gold_gain":75.0,"event_name":"World of Goop","player_choice":"Gather Gold","floor":11.0,"gold_loss":0.0,"damage_taken":11.0},{"damage_healed":18.0,"max_hp_gain":0.0,"max_hp_loss":0.0,"gold_gain":0.0,"event_name":"Mushrooms","player_choice":"Healed and dodged fight","floor":12.0,"gold_loss":0.0,"damage_taken":0.0,"cards_obtained":["Parasite"]},{"damage_healed":0.0,"max_hp_gain":0.0,"max_hp_loss":0.0,"gold_gain":0.0,"event_name":"Drug Dealer","player_choice":"Inject Mutagens","floor":25.0,"gold_loss":0.0,"damage_taken":0.0,"relics_obtained":["MutagenicStrength"]},{"cards_removed":["Strike_R"],"damage_healed":0.0,"max_hp_gain":0.0,"max_hp_loss":0.0,"gold_gain":0.0,"event_name":"Beggar","player_choice":"Gave Gold","floor":27.0,"gold_loss":75.0,"damage_taken":0.0}],"is_beta":false,"boss_relics":[{"not_picked":["Runic Dome","Runic Cube"],"picked":"Philosopher\u0027s Stone"}],"items_purged_floors":[20],"is_endless":false,"potions_floor_spawned":[4,5,8,13,14,21,22,30],"killed_by":"Champ","ascension_level":16}}