{"host":"373g0ui1bgeshz9m","time":1608781031,"event":{"mods":["Act Like it!","Aspiration","BaseMod","Beaked The Cultist","Better Third Choice","Colored Map","Conspire","Downfall","Halation","Hermit","Hubris","Infinite Spire","Jorbs\u0027s Wanderer Trilogy","Minty Spire (QoL Compilation)","Pale of the Ancients","Permanent Neow","Quick Restart","Replay The Spire","Shade Mod","Shop Mod","Spikes Relics","StSLib","The Animator","The Bladedancer","The Bug Knight","The Construct","The Cursed","The Factory","The Florist","The Judge","The Jungle","The Necromancer","The Sage","The Wild Card","Trackpad","vexMod"],"gold_per_floor":[110,130,130,130,56,56,56,71,71,103,103,57,68,82,82,182,182,202,202,202,202,202,107,125,125,125,138,138,182,182],"floor_reached":29,"playtime":866,"items_purged":[],"score":265,"play_id":"2c366555-d3c2-4bbc-8111-ccec9f0bd0e2","local_time":"20201223223711","is_ascension_mode":true,"campfire_choices":[{"data":"theWildCard:Arsene","floor":6.0,"key":"SMITH"},{"data":"Blood_Curse","floor":15,"key":"SMITH"},{"floor":25,"key":"REST"}],"circlet_count":0,"master_deck":["Hellfire","Blood_Curse+1","Negative_Energy_Shield","Bone_Prison","Necrotic_Claws","theWildCard:Arsene+1","Negative_Energy_Sphere","Finger_Of_Death","Bone_Wall","Negative_Energy_Arrows","Defend_W","Defend_W","Defend_W","Defend_W","Strike_W","Strike_W","Strike_W"],"relics":["Vampire_Amulet","aspiration:Nostalgia","PureWater","infinitespire:WardingShard","hubris:DeckOfHolding"],"acts_visited":["Exordium","TheCity"],"potions_floor_usage":[],"damage_taken":[{"damage":6.0,"enemies":"Jaw Worm","floor":1.0,"turns":5.0},{"damage":0.0,"enemies":"Small Slimes","floor":2.0,"turns":3.0},{"damage":0.0,"enemies":"2 Louse","floor":8.0,"turns":2.0},{"damage":22.0,"enemies":"Gremlin Nob","floor":10.0,"turns":4.0},{"damage":0.0,"enemies":"Large Slime","floor":13.0,"turns":5.0},{"damage":0,"enemies":"2 Fungi Beasts","floor":14,"turns":2},{"damage":20,"enemies":"Hexaghost","floor":16,"turns":10},{"damage":0,"enemies":"Chosen","floor":18,"turns":4},{"damage":8,"enemies":"Shell Parasite","floor":24,"turns":6},{"damage":0,"enemies":"Chosen and Byrds","floor":27,"turns":6}],"seed_played":"-7260820195653363317","potions_obtained":[{"floor":1.0,"key":"SmokeBomb"},{"floor":8.0,"key":"ColorlessPotion"},{"floor":14,"key":"AttackPotion"}],"is_trial":false,"path_per_floor":["M","M","?","?","$","R","?","M","T","E","?","$","M","M","R","B",null,"M","?","?","?","T","$","M","R","T","M","?","AVR"],"character_chosen":"NECROMANCER","items_purchased":["Necrotic_Claws","Negative_Energy_Shield","Replay:SS_forest_6"],"campfire_rested":1,"item_purchase_floors":[5,12,23],"current_hp_per_floor":[71,75,68,68,68,68,75,75,75,55,52,52,56,60,60,42,75,75,75,75,61,61,61,63,80,80,80,80,60,60],"gold":182,"neow_bonus":"NOSTALGIA","is_daily":false,"chose_seed":false,"campfire_upgraded":2,"win_rate":0.0,"timestamp":1608781031,"path_taken":["M","M","?","?","?","R","?","M","T","E","?","$","M","M","R","BOSS","M","?","?","?","?","$","?","R","T","M","?","AVR"],"items_purchased_type":["Card","Card","Card"],"build_version":"2020-12-22","purchased_purges":0,"victory":false,"max_hp_per_floor":[75,75,75,75,75,75,75,75,75,75,75,75,75,75,75,75,75,75,75,75,80,80,80,80,80,80,80,80,60,60],"card_choices":[{"not_picked":["Exploit","Negative_Energy_Mist"],"picked":"Finger_Of_Death","floor":1.0},{"not_picked":["Shackles_Of_Pain","Toxic_Smoke_Screen"],"picked":"Negative_Energy_Sphere","floor":2.0},{"not_picked":["Vampiric_Strike","Shackles_Of_Pain"],"picked":"Bone_Prison","floor":8.0},{"not_picked":["Exploit","Negative_Energy_Sphere","Death_Coil"],"picked":"SKIP","floor":10.0},{"not_picked":["Negative_Energy_Mist","Blood_Whip"],"picked":"Blood_Curse","floor":13.0},{"not_picked":["Chill_Blood","Blood_Curse","Bones_to_Steel"],"picked":"SKIP","floor":14},{"not_picked":["Summon_Vampire_Lady","Negative_Energy_Bomb"],"picked":"Hellfire","floor":16},{"not_picked":["Negative_Energy_Mist","Life_Tap"],"picked":"Negative_Energy_Sphere+1","floor":18},{"not_picked":["Blood_Shield","Negative_Energy_Mist+1","Bone_Armor+1"],"picked":"SKIP","floor":24},{"not_picked":["Negative_Energy_Sphere","Blood_for_Blood"],"picked":"Vampiric_Strike+1","floor":27}],"player_experience":343292,"relics_obtained":[{"floor":9.0,"key":"infinitespire:WardingShard"},{"floor":22,"key":"Darkstone Periapt"},{"floor":26,"key":"HornCleat"}],"event_choices":[{"cards_removed":["Strike_W"],"damage_healed":0.0,"max_hp_gain":0.0,"max_hp_loss":0.0,"gold_gain":0.0,"event_name":"Golden Wing","player_choice":"Card Removal","floor":3.0,"gold_loss":0.0,"damage_taken":7.0},{"damage_healed":0.0,"max_hp_gain":0.0,"max_hp_loss":0.0,"gold_gain":0.0,"event_name":"betterThird:BetterScrap","player_choice":"Relic ","floor":11.0,"gold_loss":0.0,"damage_taken":3.0,"cards_obtained":["Tempest"]},{"damage_healed":0,"gold_gain":0,"player_choice":"Ignored","damage_taken":0,"max_hp_gain":0,"max_hp_loss":0,"event_name":"Vampires","floor":19,"gold_loss":0},{"damage_healed":0,"gold_gain":0,"player_choice":"Shed Blood","damage_taken":19,"max_hp_gain":5,"max_hp_loss":0,"event_name":"Forgotten Altar","floor":21,"gold_loss":0}],"is_beta":false,"boss_relics":[{"not_picked":["vexMod:DeviousBotling","aspiration:SilentSkillbook","hubris:GrandSneckoEye"]}],"items_purged_floors":[],"is_endless":false,"potions_floor_spawned":[1,8,14,27],"ascension_level":4}}