{"host":"1vysks8ssvkrgxm9","time":1608812874,"event":{"mods":["Always Whale","BaseMod","Lobotomy","Minty Spire (QoL Compilation)","StSLib","SuperFastMode"],"gold_per_floor":[109,109,109,119,139,139,154,187,213,247,19538,19548,19548,18646,18646,18741,18741,18751,18676,17843,17876,17890,17916,17916,17942,17942,16932,16948,16948,16983,17000,17000,17100,17100,17100,17100],"floor_reached":35,"playtime":1432,"items_purged":["Defend_B","Strike_B","Strike_B"],"score":699,"play_id":"85d7d293-2e12-4d0f-85a1-bd9c4c3004c3","local_time":"20201224212754","is_ascension_mode":true,"campfire_choices":[{"data":"Zap","floor":6,"key":"SMITH"},{"data":"Capacitor","floor":15,"key":"SMITH"},{"data":"White Noise","floor":24,"key":"SMITH"},{"data":"Storm","floor":32,"key":"SMITH"}],"circlet_count":0,"master_deck":["Strike_B+1","Strike_B+1","Defend_B","Defend_B","Zap+1","Dualcast","Ball Lightning","Go for the Eyes","Skim","Buffer+1","BootSequence","Glacier","Capacitor+1","Chaos","Coolheaded","Fission","Stack","Electrodynamics","Storm+1","Stack","Redo","Secret Weapon","White Noise+1","Conserve Battery","Fission","Rebound+1","Reboot","Thunder Strike+1"],"relics":["Black Star","Dream Catcher","Strawberry","Vajra","MealTicket","Whetstone","Blood Vial","Bronze Scales","Pantograph","Lantern","Question Card","TheAbacus","Busted Crown","Emotion Chip","Regal Pillow","Orrery","Red Mask","FossilizedHelix","Pear","Lizard Tail","Art of War","Molten Egg 2","ClockworkSouvenir","Orichalcum","Turnip","SlaversCollar"],"acts_visited":["Exordium","TheCity","TheBeyond"],"potions_floor_usage":[8,8,16,16,25,25,25,28],"damage_taken":[{"damage":16,"enemies":"Jaw Worm","floor":1,"turns":4},{"damage":1,"enemies":"Cultist","floor":4,"turns":3},{"damage":3,"enemies":"Small Slimes","floor":5,"turns":3},{"damage":7,"enemies":"Looter","floor":7,"turns":3},{"damage":34,"enemies":"Lagavulin","floor":8,"turns":5},{"damage":22,"enemies":"3 Sentries","floor":10,"turns":6},{"damage":0,"enemies":"3 Louse","floor":12,"turns":2},{"damage":0,"enemies":"Slime Boss","floor":16,"turns":8},{"damage":0,"enemies":"3 Byrds","floor":18,"turns":4},{"damage":11,"enemies":"Masked Bandits","floor":21,"turns":4},{"damage":0,"enemies":"Spheric Guardian","floor":22,"turns":4},{"damage":42,"enemies":"Gremlin Leader","floor":23,"turns":7},{"damage":0,"enemies":"Slavers","floor":25,"turns":5},{"damage":0,"enemies":"3 Cultists","floor":28,"turns":5},{"damage":0,"enemies":"Gremlin Leader","floor":30,"turns":5},{"damage":0,"enemies":"Centurion and Healer","floor":31,"turns":5},{"damage":21,"enemies":"Champ","floor":33,"turns":13},{"damage":0,"enemies":"3 Darklings","floor":35,"turns":1}],"seed_played":"-3710745315392986896","potions_obtained":[{"floor":4,"key":"LiquidBronze"},{"floor":7,"key":"ColorlessPotion"},{"floor":18,"key":"Ancient Potion"},{"floor":21,"key":"FocusPotion"},{"floor":25,"key":"FocusPotion"},{"floor":28,"key":"Block Potion"}],"is_trial":false,"path_per_floor":["M","?","T","M","M","R","M","E","T","E","$","M","?","$","R","B",null,"M","?","$","?","M","E","R","E","T","$","M","?","E","M","R","B",null,"M"],"character_chosen":"DEFECT","items_purchased":["Bronze Scales","Pantograph","GamblersBrew","Energy Potion","EntropicBrew","Capacitor","Lantern","Question Card","TheAbacus","Chaos","Coolheaded","Fire Potion","Strength Potion","Emotion Chip","Regal Pillow","Orrery","Secret Weapon","Swift Potion","Fission","ClockworkSouvenir","Orichalcum","Turnip","Regen Potion","Fire Potion"],"campfire_rested":0,"item_purchase_floors":[11,11,11,11,11,14,14,14,14,14,14,14,14,20,20,20,20,20,27,27,27,27,27,27],"current_hp_per_floor":[59,64,64,63,60,60,53,26,26,4,19,21,21,36,36,63,87,87,87,87,76,78,48,48,50,50,65,79,79,81,83,83,76,97,97,97],"gold":17100,"neow_bonus":"BOSS_RELIC","is_daily":false,"chose_seed":false,"campfire_upgraded":4,"win_rate":0.0,"timestamp":1608812874,"path_taken":["M","?","?","M","M","R","?","E","T","E","$","M","?","$","R","BOSS","M","?","$","?","M","E","R","E","T","$","M","?","E","?","R","BOSS","M"],"items_purchased_type":["Relic","Relic","Potion","Potion","Potion","Card","Card","Relic","Relic","Card","Card","Potion","Potion","Relic","Relic","Relic","Card","Potion","Card","Relic","Relic","Relic","Potion","Potion"],"build_version":"2020-12-22","purchased_purges":3,"victory":false,"max_hp_per_floor":[75,80,80,80,80,80,80,87,87,87,87,87,87,87,87,87,87,87,87,87,87,87,97,97,97,97,97,97,97,97,97,97,97,97,97,97],"card_choices":[{"not_picked":["Barrage","Conserve Battery"],"picked":"Ball Lightning","floor":1},{"not_picked":["Doom and Gloom","Coolheaded"],"picked":"Go for the Eyes","floor":4},{"not_picked":["Go for the Eyes","Streamline","Compile Driver"],"picked":"SKIP","floor":5},{"not_picked":["Steam","Rebound"],"picked":"Skim","floor":7},{"not_picked":["Ball Lightning","Redo"],"picked":"Buffer","floor":8},{"not_picked":["Sweeping Beam","Rebound"],"picked":"BootSequence","floor":10},{"not_picked":["Sunder","Aggregate"],"picked":"Glacier","floor":12},{"not_picked":["Core Surge","Rainbow","Multi-Cast"],"picked":"Fission","floor":16},{"not_picked":["Sunder"],"picked":"Stack","floor":18},{"not_picked":["Coolheaded+1"],"picked":"Electrodynamics","floor":20},{"not_picked":["Stack"],"picked":"Storm","floor":20},{"not_picked":["Leap"],"picked":"Stack","floor":20},{"not_picked":["Fusion"],"picked":"Redo","floor":20},{"not_picked":["Sunder","Stack"],"picked":"SKIP","floor":22},{"not_picked":["Rebound"],"picked":"White Noise","floor":23},{"not_picked":["Redo"],"picked":"Conserve Battery","floor":25},{"not_picked":["Steam"],"picked":"Rebound+1","floor":28},{"not_picked":["Reinforced Body"],"picked":"Reboot","floor":30},{"not_picked":["Aggregate","Leap"],"picked":"SKIP","floor":31},{"not_picked":["Rainbow"],"picked":"Thunder Strike+1","floor":33}],"player_experience":44924,"relics_obtained":[{"floor":3,"key":"Dream Catcher"},{"floor":8,"key":"Strawberry"},{"floor":8,"key":"Vajra"},{"floor":9,"key":"MealTicket"},{"floor":10,"key":"Whetstone"},{"floor":10,"key":"Blood Vial"},{"floor":21,"key":"Red Mask"},{"floor":23,"key":"FossilizedHelix"},{"floor":23,"key":"Pear"},{"floor":25,"key":"Lizard Tail"},{"floor":25,"key":"Art of War"},{"floor":26,"key":"Molten Egg 2"}],"event_choices":[{"damage_healed":0,"gold_gain":0,"player_choice":"Donut","damage_taken":0,"max_hp_gain":5,"max_hp_loss":0,"event_name":"Big Fish","floor":2,"gold_loss":0},{"damage_healed":0,"gold_gain":0,"player_choice":"Grow","damage_taken":0,"max_hp_gain":0,"max_hp_loss":0,"event_name":"Living Wall","floor":13,"gold_loss":0,"cards_upgraded":["Buffer"]},{"cards_removed":["Defend_B"],"damage_healed":0,"gold_gain":0,"player_choice":"Gave Gold","damage_taken":0,"max_hp_gain":0,"max_hp_loss":0,"event_name":"Beggar","floor":19,"gold_loss":75},{"damage_healed":0,"gold_gain":0,"player_choice":"Fought Bandits","damage_taken":0,"max_hp_gain":0,"max_hp_loss":0,"event_name":"Masked Bandits","floor":21,"gold_loss":0},{"damage_healed":0,"gold_gain":0,"player_choice":"Got Potions","damage_taken":0,"max_hp_gain":0,"max_hp_loss":0,"event_name":"Lab","floor":29,"gold_loss":0}],"is_beta":false,"boss_relics":[{"not_picked":["Runic Dome","Runic Pyramid"],"picked":"Busted Crown"},{"not_picked":["SacredBark","Cursed Key"],"picked":"SlaversCollar"}],"items_purged_floors":[11,14,27],"is_endless":false,"potions_floor_spawned":[4,7,12,18,21,25,28],"killed_by":"3 Darklings","ascension_level":1}}