{"host":"k85tjwrh7mjrrc9a","time":1608831060,"event":{"mods":["AchievementEnabler","BaseMod","Colored Powertips","Highlight Path","Minty Spire (QoL Compilation)","Rare Cards Sparkle","StSLib"],"gold_per_floor":[109,109,121,121,121,121,155,155,179,205,215,140,150,184,184,289,289,305,305,155,166,91,91,123,123,123,158,158,173,184,201,201,299,299,309,184,195,195,213,213,231,250,250,250,265,265,277,76,76,76],"floor_reached":51,"playtime":3847,"items_purged":["Strike_R","Strike_R+1","Armaments","Rampage"],"score":847,"play_id":"b05387ba-f0eb-496e-8c3f-097b1a90575b","local_time":"20201224123100","is_ascension_mode":true,"campfire_choices":[{"data":"Whirlwind","floor":6,"key":"SMITH"},{"data":"True Grit","floor":8,"key":"SMITH"},{"floor":15,"key":"REST"},{"data":"Barricade","floor":23,"key":"SMITH"},{"data":"Juggernaut","floor":25,"key":"SMITH"},{"data":"Feel No Pain","floor":28,"key":"SMITH"},{"data":"Shrug It Off","floor":32,"key":"SMITH"},{"data":"Metallicize","floor":40,"key":"SMITH"},{"data":"Iron Wave","floor":46,"key":"SMITH"},{"floor":49,"key":"REST"}],"circlet_count":0,"master_deck":["Defend_R+1","Defend_R+1","Defend_R+1","Defend_R+1","Whirlwind+1","True Grit+1","Iron Wave+1","Barricade+1","Juggernaut+1","Body Slam+1","Shrug It Off+1","Battle Trance+1","Feel No Pain+1","Shrug It Off+1","Metallicize+1","Madness","Madness","Ghostly Armor+1","Sentinel+1"],"relics":["Burning Blood","Sundial","Blood Vial","Bag of Preparation","Nunchaku","Mark of Pain","Bottled Flame","Dream Catcher","Happy Flower","Busted Crown","Anchor"],"acts_visited":["Exordium","TheCity","TheBeyond"],"potions_floor_usage":[16,16,33,50,50],"damage_taken":[{"damage":9,"enemies":"2 Louse","floor":1,"turns":3},{"damage":9,"enemies":"Jaw Worm","floor":3,"turns":4},{"damage":24,"enemies":"Gremlin Nob","floor":7,"turns":4},{"damage":23,"enemies":"Lagavulin","floor":10,"turns":7},{"damage":1,"enemies":"Cultist","floor":11,"turns":3},{"damage":2,"enemies":"3 Louse","floor":13,"turns":2},{"damage":29,"enemies":"3 Sentries","floor":14,"turns":6},{"damage":12,"enemies":"Slime Boss","floor":16,"turns":10},{"damage":16,"enemies":"Shell Parasite","floor":18,"turns":6},{"damage":29,"enemies":"Chosen","floor":21,"turns":5},{"damage":4,"enemies":"Book of Stabbing","floor":24,"turns":5},{"damage":0,"enemies":"Gremlin Leader","floor":27,"turns":5},{"damage":17,"enemies":"Snake Plant","floor":29,"turns":3},{"damage":0,"enemies":"Cultist and Chosen","floor":30,"turns":5},{"damage":0,"enemies":"Snecko","floor":31,"turns":4},{"damage":0,"enemies":"Automaton","floor":33,"turns":7},{"damage":6,"enemies":"3 Darklings","floor":35,"turns":5},{"damage":5,"enemies":"Orb Walker","floor":37,"turns":4},{"damage":21,"enemies":"4 Shapes","floor":39,"turns":4},{"damage":0,"enemies":"Spire Growth","floor":41,"turns":4},{"damage":0,"enemies":"Jaw Worm Horde","floor":42,"turns":3},{"damage":21,"enemies":"3 Darklings","floor":45,"turns":4},{"damage":16,"enemies":"Spire Growth","floor":47,"turns":4},{"damage":0,"enemies":"Time Eater","floor":50,"turns":8}],"seed_played":"1747087618339921280","potions_obtained":[{"floor":1,"key":"DistilledChaos"},{"floor":3,"key":"EssenceOfSteel"},{"floor":14,"key":"Strength Potion"},{"floor":21,"key":"EssenceOfSteel"},{"floor":24,"key":"Block Potion"},{"floor":27,"key":"BloodPotion"},{"floor":35,"key":"Explosive Potion"}],"is_trial":false,"path_per_floor":["M","?","M","?","?","R","E","R","T","E","M","$","M","E","R","B",null,"M","?","$","M","?","R","E","R","T","E","R","M","M","M","R","B",null,"M","$","M","?","M","R","M","M","T","?","M","R","M","$","R","B",null],"character_chosen":"IRONCLAD","items_purchased":["Shrug It Off","SpeedPotion"],"campfire_rested":2,"item_purchase_floors":[20,48],"current_hp_per_floor":[77,77,74,79,72,72,54,54,54,39,46,46,52,31,56,52,85,75,75,75,54,54,54,58,58,58,66,66,57,65,73,73,81,85,85,85,85,74,61,61,69,77,77,77,64,64,56,56,81,85],"gold":76,"neow_bonus":"UPGRADE_CARD","is_daily":false,"chose_seed":false,"campfire_upgraded":8,"win_rate":0.0,"timestamp":1608831060,"path_taken":["M","?","M","?","?","R","E","R","T","E","M","$","M","E","R","BOSS","M","?","$","M","?","R","E","R","T","E","R","M","M","M","R","BOSS","M","$","M","?","M","R","M","M","T","?","M","R","?","$","R","BOSS"],"items_purchased_type":["Card","Potion"],"build_version":"2020-12-22","purchased_purges":4,"victory":true,"max_hp_per_floor":[80,80,80,85,85,85,85,85,85,85,85,85,85,85,85,85,85,85,85,85,85,85,85,85,85,85,85,85,85,85,85,85,85,85,85,85,85,85,85,85,85,85,85,85,85,85,85,85,85,85],"card_choices":[{"not_picked":["Perfected Strike","Battle Trance"],"picked":"Whirlwind","floor":1},{"not_picked":["Clothesline","Warcry"],"picked":"Rampage","floor":3},{"not_picked":["Wild Strike","Flex"],"picked":"True Grit","floor":7},{"not_picked":["Armaments","Thunderclap"],"picked":"Iron Wave","floor":10},{"not_picked":["Havoc","Armaments","Body Slam"],"picked":"SKIP","floor":11},{"not_picked":["Clothesline","Warcry"],"picked":"Barricade","floor":13},{"not_picked":["Flex","Warcry"],"picked":"Armaments","floor":14},{"not_picked":["Exhume","Reaper"],"picked":"Juggernaut","floor":16},{"not_picked":["True Grit","Anger"],"picked":"Body Slam+1","floor":18},{"not_picked":["Disarm","Seeing Red"],"picked":"Battle Trance+1","floor":21},{"not_picked":["Twin Strike+1","Clothesline","Berserk"],"picked":"SKIP","floor":24},{"not_picked":["Cleave","Sword Boomerang"],"picked":"Feel No Pain","floor":27},{"not_picked":["Clash","Twin Strike+1","Hemokinesis"],"picked":"SKIP","floor":29},{"not_picked":["Flex","Cleave"],"picked":"Shrug It Off+1","floor":30},{"not_picked":["Clash","Clothesline+1","Perfected Strike+1"],"picked":"SKIP","floor":31},{"not_picked":[],"picked":"Metallicize","floor":35},{"not_picked":["Dark Embrace"],"picked":"SKIP","floor":37},{"not_picked":["Headbutt+1"],"picked":"SKIP","floor":39},{"not_picked":["Headbutt+1"],"picked":"SKIP","floor":39},{"not_picked":["Wild Strike+1"],"picked":"SKIP","floor":41},{"not_picked":["Battle Trance+1"],"picked":"SKIP","floor":42},{"not_picked":["Iron Wave"],"picked":"SKIP","floor":45},{"not_picked":[],"picked":"Ghostly Armor+1","floor":47},{"not_picked":[],"picked":"Sentinel+1","floor":49}],"player_experience":37184,"relics_obtained":[{"floor":7,"key":"Sundial"},{"floor":9,"key":"Blood Vial"},{"floor":10,"key":"Bag of Preparation"},{"floor":14,"key":"Nunchaku"},{"floor":24,"key":"Bottled Flame"},{"floor":26,"key":"Dream Catcher"},{"floor":27,"key":"Happy Flower"},{"floor":43,"key":"Anchor"}],"event_choices":[{"cards_removed":["Strike_R"],"damage_healed":0,"gold_gain":0,"player_choice":"Forget","damage_taken":0,"max_hp_gain":0,"max_hp_loss":0,"event_name":"Living Wall","floor":2,"gold_loss":0},{"damage_healed":0,"gold_gain":0,"player_choice":"Donut","damage_taken":0,"max_hp_gain":5,"max_hp_loss":0,"event_name":"Big Fish","floor":4,"gold_loss":0},{"cards_removed":["Strike_R"],"damage_healed":0,"gold_gain":0,"player_choice":"Card Removal","damage_taken":7,"max_hp_gain":0,"max_hp_loss":0,"event_name":"Golden Wing","floor":5,"gold_loss":0},{"damage_healed":0,"gold_gain":0,"player_choice":"Simplicity","damage_taken":0,"max_hp_gain":0,"max_hp_loss":0,"event_name":"Back to Basics","floor":19,"gold_loss":0,"cards_upgraded":["Strike_R","Strike_R","Defend_R","Defend_R","Defend_R","Defend_R"]},{"cards_removed":["Strike_R"],"damage_healed":0,"gold_gain":0,"player_choice":"Gave Gold","damage_taken":0,"max_hp_gain":0,"max_hp_loss":0,"event_name":"Beggar","floor":22,"gold_loss":75},{"damage_healed":0,"gold_gain":0,"player_choice":"Embrace Madness","damage_taken":11,"max_hp_gain":0,"max_hp_loss":0,"event_name":"Winding Halls","floor":38,"gold_loss":0,"cards_obtained":["Madness","Madness"]},{"cards_removed":["Bash"],"damage_healed":0,"gold_gain":0,"player_choice":"Offered Basic","damage_taken":0,"max_hp_gain":0,"max_hp_loss":0,"event_name":"Bonfire Elementals","floor":44,"gold_loss":0}],"is_beta":false,"boss_relics":[{"not_picked":["Ectoplasm","Astrolabe"],"picked":"Mark of Pain"},{"not_picked":["Sozu","Velvet Choker"],"picked":"Busted Crown"}],"items_purged_floors":[12,20,36,48],"is_endless":false,"potions_floor_spawned":[1,3,14,21,24,27,35,39],"ascension_level":1}}