{"host":"msmkw03x1o7nq45i","time":1608841372,"event":{"mods":["BaseMod","Bestiary","Colored Powertips","GifTheSpireLib","Highlight Path","Minty Spire (QoL Compilation)","Random Character Button","StSLib","everything is the same but u backflip on backflip"],"gold_per_floor":[119,194,194,214,179,214,234,234,234],"floor_reached":8,"playtime":468,"items_purged":[],"score":95,"play_id":"4e14ad42-372c-460e-b313-31fe3e76112b","local_time":"20201224222252","is_ascension_mode":true,"campfire_choices":[],"circlet_count":0,"master_deck":["AscendersBane","Strike_R","Strike_R","Strike_R","Strike_R","Defend_R","Defend_R","Defend_R","Defend_R","Bash","Headbutt","Evolve","Spot Weakness","Second Wind"],"relics":["Black Star","Blood Vial","Calipers"],"acts_visited":["Exordium"],"potions_floor_usage":[8],"damage_taken":[{"damage":4,"enemies":"Jaw Worm","floor":1,"turns":4},{"damage":3,"enemies":"2 Louse","floor":4,"turns":3},{"damage":37,"enemies":"Gremlin Nob","floor":6,"turns":5},{"damage":10,"enemies":"Small Slimes","floor":7,"turns":4},{"damage":20,"enemies":"Lagavulin","floor":8,"turns":3}],"seed_played":"6536313320479167728","potions_obtained":[{"floor":6,"key":"ElixirPotion"},{"floor":7,"key":"Strength Potion"}],"is_trial":false,"path_per_floor":["M","?","?","M","?","E","M","E"],"character_chosen":"IRONCLAD","items_purchased":[],"campfire_rested":0,"item_purchase_floors":[],"current_hp_per_floor":[64,53,46,43,61,24,16,0,0],"gold":234,"neow_bonus":"BOSS_RELIC","is_daily":false,"chose_seed":false,"campfire_upgraded":0,"win_rate":0.0,"timestamp":1608841372,"path_taken":["M","?","?","M","?","E","M","E"],"items_purchased_type":[],"build_version":"2020-12-22","purchased_purges":0,"victory":false,"max_hp_per_floor":[75,75,75,75,75,75,75,75,75],"card_choices":[{"not_picked":["Clothesline","Perfected Strike"],"picked":"Headbutt","floor":1},{"not_picked":["Warcry","Rupture"],"picked":"Evolve","floor":4},{"not_picked":["Armaments","Heavy Blade"],"picked":"Spot Weakness","floor":6},{"not_picked":["Wild Strike","Armaments"],"picked":"Second Wind","floor":7}],"player_experience":312646,"relics_obtained":[{"floor":6,"key":"Blood Vial"},{"floor":6,"key":"Calipers"}],"event_choices":[{"damage_healed":0,"gold_gain":75,"player_choice":"Gather Gold","damage_taken":11,"max_hp_gain":0,"max_hp_loss":0,"event_name":"World of Goop","floor":2,"gold_loss":0},{"cards_removed":["Strike_R"],"damage_healed":0,"gold_gain":0,"player_choice":"Card Removal","damage_taken":7,"max_hp_gain":0,"max_hp_loss":0,"event_name":"Golden Wing","floor":3,"gold_loss":0},{"damage_healed":18,"gold_gain":0,"player_choice":"Healed","damage_taken":0,"max_hp_gain":0,"max_hp_loss":0,"event_name":"The Cleric","floor":5,"gold_loss":35}],"is_beta":false,"boss_relics":[],"items_purged_floors":[],"is_endless":false,"potions_floor_spawned":[6,7],"killed_by":"Lagavulin","ascension_level":14}}