{"host":"d57r1g6l9rdx1vko","time":1608810413,"event":{"mods":["AchievementEnabler","BaseMod","Colored Map","Colored Powertips","GifTheSpireLib","Marisa£®ÏF”Í°°ƒß¿Ì…≥£©","Minty Spire (QoL Compilation)","Replay The Spire","StSLib"],"gold_per_floor":[110,110,319,338,513,538,538,570,570,570,570],"floor_reached":10,"playtime":440,"items_purged":[],"score":89,"play_id":"a4bb57d8-8a39-4120-9143-0cde231ef9a0","local_time":"20201224194653","is_ascension_mode":true,"campfire_choices":[{"floor":7,"key":"REST"}],"circlet_count":0,"master_deck":["Strike_MRS","Strike_MRS","Strike_MRS","Strike_MRS","Defend_MRS","Defend_MRS","Defend_MRS","Defend_MRS","MasterSpark","UpSweep","GravityBeat","Doubt","AsteroidBelt","FairyDestructionRay","Acceleration"],"relics":["MiniHakkero","Philosopher\u0027s Stone","Ring of Chaos","Gremlin Horn","Old Coin","Dream Catcher","Bottled Lightning","Quantum Egg"],"acts_visited":["Exordium"],"potions_floor_usage":[],"damage_taken":[{"damage":8,"enemies":"Small Slimes","floor":1,"turns":3},{"damage":2,"enemies":"Jaw Worm","floor":4,"turns":4},{"damage":30,"enemies":"Replay:BlueRogue","floor":6,"turns":7},{"damage":42,"enemies":"3 Sentries","floor":8,"turns":7},{"damage":11,"enemies":"Gremlin Nob","floor":10,"turns":3}],"seed_played":"6850328595680604711","potions_obtained":[{"floor":4,"key":"Venom Potion"}],"is_trial":false,"path_per_floor":["M","?","?","M","?","E","R","E","T","E"],"character_chosen":"MARISA","items_purchased":[],"campfire_rested":1,"item_purchase_floors":[],"current_hp_per_floor":[67,60,60,58,58,28,50,8,8,0,0],"gold":570,"neow_bonus":"DOUBLE_BOSS_RELIC","is_daily":false,"chose_seed":false,"campfire_upgraded":0,"win_rate":0.0,"timestamp":1608810413,"path_taken":["M","?","?","?","?","E","R","E","T","E"],"items_purchased_type":[],"build_version":"2020-12-22","purchased_purges":0,"victory":false,"max_hp_per_floor":[75,75,75,75,75,75,75,75,75,75,75],"card_choices":[{"not_picked":["LuminesStrike","6A"],"picked":"GravityBeat","floor":1},{"not_picked":["EventHorizon","LuminesStrike","StarlightTyphoon"],"picked":"SKIP","floor":4},{"not_picked":["ChargingUp","OrrerysSun"],"picked":"AsteroidBelt","floor":6},{"not_picked":["AsteroidBelt","GrandCross"],"picked":"FairyDestructionRay","floor":7},{"not_picked":["MilkyWay","SporeBomb"],"picked":"Acceleration","floor":8}],"player_experience":109702,"relics_obtained":[{"floor":6,"key":"Dream Catcher"},{"floor":8,"key":"Bottled Lightning"},{"floor":9,"key":"Quantum Egg"}],"event_choices":[{"damage_healed":0,"gold_gain":0,"player_choice":"Success","damage_taken":7,"relics_obtained":["Gremlin Horn"],"max_hp_gain":0,"max_hp_loss":0,"event_name":"Scrap Ooze","floor":2,"gold_loss":0},{"damage_healed":0,"gold_gain":0,"player_choice":"Paid Gold","damage_taken":0,"relics_obtained":["Old Coin"],"max_hp_gain":0,"max_hp_loss":0,"event_name":"WeMeetAgain","floor":3,"gold_loss":91},{"damage_healed":0,"gold_gain":175,"player_choice":"AGREE","damage_taken":0,"max_hp_gain":0,"max_hp_loss":0,"event_name":"Liars Game","floor":5,"gold_loss":0,"cards_obtained":["Doubt"]}],"is_beta":false,"boss_relics":[],"items_purged_floors":[],"is_endless":false,"potions_floor_spawned":[4],"killed_by":"Gremlin Nob","ascension_level":4}}