{"host":"aukiz5jlacd3g5yc","time":1608797918,"event":{"mods":["2.2 Compatiblity","BaseMod","Bestiary","Colored Map","Colored Powertips","Downfall","GifTheSpireLib","Highlight Path","Hubris","Infinite Spire","Minty Spire (QoL Compilation)","Permanent Neow","Quick Restart","Random Character Button","Rare Cards Sparkle","Relic Sorter","Relic Stats","Replay The Spire","StSLib","The Marked","Unknown Chances","everything is the same but u backflip on backflip","slay the spire mod where everything is the same but ironclad has a cowboy hat"],"gold_per_floor":[110,110,1,16,30,30,30,44,44,62,93,93,121,140,140,235,235,255,255,255,288,301,334,345,364,364,364,397,397,430,450,450,547,547,567,567,577,577,577,610,610,222,248,263,263,0,10,10,10,10],"floor_reached":51,"playtime":2204,"items_purged":["Pain","Good Instincts","theMarked:Challenge"],"score":870,"play_id":"75b5b023-ceec-4040-8a27-fe4c85766131","local_time":"20201224021838","is_ascension_mode":false,"campfire_choices":[{"data":"theMarked:Snap","floor":6,"key":"SMITH"},{"data":"theMarked:FavorableWinds","floor":15,"key":"SMITH"},{"data":"theMarked:SummonStrength","floor":29,"key":"SMITH"},{"floor":32,"key":"REST"},{"data":"theMarked:Panic","floor":41,"key":"SMITH"},{"data":"theMarked:Snap","floor":49,"key":"SMITH"}],"circlet_count":0,"master_deck":["theMarked:Strike+1","theMarked:Strike+1","theMarked:Defend+1","theMarked:Defend+1","theMarked:Defend+1","theMarked:Defend+1","theMarked:Snap+1","theMarked:WastefulAttack","theMarked:KeepCalmAndFightOn","theMarked:StartUp","theMarked:WastefulDefense","theMarked:FavorableWinds+1","theMarked:TwofoldDefense","theMarked:TakeCover","theMarked:Overthink","theMarked:SuspiciousRaven","theMarked:Panic+1","theMarked:TunnelVision","theMarked:Panic+1","theMarked:SummonStrength+1","theMarked:Panic","hubris:EnhanceAbility","theMarked:WastefulAttack","theMarked:Snap+1","CommonCold"],"relics":["theMarked:ArtifactOfAir","WarpedTongs","hubris:SphereOfDissonance","Garlic","Pear","Empty Cage","Red Mask","hubris:Metronome","infinitespire:FocusingShard","MutagenicStrength","hubris:64BitClover","Bag of Marbles","Snecko Eye","hubris:Towel","Bag of Preparation","Centennial Puzzle","hexamod:BolsterEngine","ReplayTheSpireMod:Ring of Addiction","Ring of Hypnosis","Toy Ornithopter","White Beast Statue"],"acts_visited":["Exordium","TheCity","TheBeyond"],"potions_floor_usage":[13,13,16,16,18,24,25,30,30,50],"damage_taken":[{"damage":0,"enemies":"Jaw Worm","floor":1,"turns":1},{"damage":6,"enemies":"Cultist","floor":4,"turns":3},{"damage":1,"enemies":"2 Louse","floor":5,"turns":2},{"damage":0,"enemies":"Red Slaver","floor":8,"turns":1},{"damage":0,"enemies":"3 Louse","floor":10,"turns":1},{"damage":0,"enemies":"Gremlin Nob","floor":11,"turns":2},{"damage":13,"enemies":"3 Sentries","floor":13,"turns":7},{"damage":0,"enemies":"2 Fungi Beasts","floor":14,"turns":3},{"damage":28,"enemies":"Hexaghost","floor":16,"turns":11},{"damage":14,"enemies":"3 Byrds","floor":18,"turns":6},{"damage":14,"enemies":"Masked Bandits","floor":21,"turns":5},{"damage":0,"enemies":"Chosen","floor":22,"turns":2},{"damage":13,"enemies":"Book of Stabbing","floor":23,"turns":5},{"damage":18,"enemies":"Sentry and Sphere","floor":24,"turns":5},{"damage":0,"enemies":"3 Cultists","floor":25,"turns":3},{"damage":0,"enemies":"Replay:Snechameleon","floor":28,"turns":4},{"damage":0,"enemies":"Book of Stabbing","floor":30,"turns":6},{"damage":0,"enemies":"Shelled Parasite and Fungi","floor":31,"turns":2},{"damage":16,"enemies":"Champ","floor":33,"turns":5},{"damage":0,"enemies":"3 Darklings","floor":35,"turns":2},{"damage":0,"enemies":"Orb Walker","floor":37,"turns":2},{"damage":0,"enemies":"Nemesis","floor":40,"turns":4},{"damage":0,"enemies":"Transient","floor":44,"turns":5},{"damage":0,"enemies":"Maw","floor":47,"turns":4},{"damage":51,"enemies":"Time Eater","floor":50,"turns":6}],"seed_played":"1751928992624606705","potions_obtained":[{"floor":4,"key":"FearPotion"},{"floor":10,"key":"EntropicBrew"},{"floor":16,"key":"Explosive Potion"},{"floor":18,"key":"SkillPotion"},{"floor":21,"key":"Energy Potion"},{"floor":28,"key":"Strength Potion"},{"floor":31,"key":"FairyPotion"},{"floor":48,"key":"PowerPotion"}],"is_trial":false,"path_per_floor":["M","?","$","M","M","R","$","M","T","M","E","?","E","M","R","B",null,"M","?","?","?","M","E","M","M","T","?","E","R","E","M","R","B",null,"M","?","M","?","?","E","R","$","T","M","T","$","M","?","R","B",null],"character_chosen":"THE_DEFAULT","items_purchased":["theMarked:KeepCalmAndFightOn","Energy Potion","Adrenaline Potion","hubris:EnhanceAbility","theMarked:Snap"],"campfire_rested":1,"item_purchase_floors":[3,42,42,42,46],"current_hp_per_floor":[63,63,63,57,56,56,56,56,56,56,56,56,53,53,53,25,73,59,59,46,32,32,19,1,1,1,1,1,1,1,1,24,8,78,78,78,78,78,78,78,78,78,78,78,78,78,78,78,78,27],"gold":10,"neow_bonus":"THREE_RARE_CARDS","is_daily":false,"chose_seed":false,"campfire_upgraded":5,"win_rate":0.0,"timestamp":1608797918,"path_taken":["M","?","$","M","M","R","?","?","T","M","E","?","E","?","R","BOSS","M","?","?","?","M","E","M","?","T","?","E","R","E","M","R","BOSS","M","?","M","?","?","E","R","$","T","M","?","$","M","?","R","BOSS"],"items_purchased_type":["Card","Potion","Potion","Card","Card"],"build_version":"2020-12-22","purchased_purges":3,"victory":true,"max_hp_per_floor":[63,63,63,63,63,63,63,63,63,63,63,63,73,73,73,73,73,73,73,78,78,78,78,78,78,78,78,78,78,78,78,78,78,78,78,78,78,78,78,78,78,78,78,78,78,78,78,78,78,78],"relic_stats":{"Centennial Puzzle":[3],"counters":[25,97],"Snecko Eye":[35,40,46,47],"Bag of Preparation":[6],"obtain_stats":[{"hubris:Metronome":23,"Pear":13,"Ring of Hypnosis":48,"hubris:64BitClover":28,"ReplayTheSpireMod:Ring of Addiction":48,"hubris:SphereOfDissonance":9,"infinitespire:FocusingShard":26,"Bag of Preparation":40,"hubris:Towel":39,"Empty Cage":17,"White Beast Statue":48,"WarpedTongs":2,"theMarked:ArtifactOfAir":0,"Centennial Puzzle":43,"MutagenicStrength":27,"Snecko Eye":34,"Garlic":11,"Red Mask":21,"Bag of Marbles":30,"hexamod:BolsterEngine":45,"Toy Ornithopter":48},{"hubris:Metronome":13,"Pear":7,"Ring of Hypnosis":24,"hubris:64BitClover":16,"ReplayTheSpireMod:Ring of Addiction":24,"hubris:SphereOfDissonance":4,"infinitespire:FocusingShard":15,"Bag of Preparation":22,"hubris:Towel":21,"Empty Cage":9,"White Beast Statue":24,"WarpedTongs":1,"theMarked:ArtifactOfAir":0,"Centennial Puzzle":22,"MutagenicStrength":15,"Snecko Eye":19,"Garlic":6,"Red Mask":11,"Bag of Marbles":17,"hexamod:BolsterEngine":23,"Toy Ornithopter":24},{"hubris:Metronome":49,"Pear":17,"Ring of Hypnosis":91,"hubris:64BitClover":61,"ReplayTheSpireMod:Ring of Addiction":91,"hubris:SphereOfDissonance":7,"infinitespire:FocusingShard":57,"Bag of Preparation":82,"hubris:Towel":78,"Empty Cage":31,"White Beast Statue":91,"WarpedTongs":1,"theMarked:ArtifactOfAir":0,"Centennial Puzzle":82,"MutagenicStrength":57,"Snecko Eye":74,"Garlic":10,"Red Mask":42,"Bag of Marbles":67,"hexamod:BolsterEngine":87,"Toy Ornithopter":91}],"Toy Ornithopter":0,"WarpedTongs":[93]},"card_choices":[{"not_picked":["theMarked:MuscleMemory","theMarked:UnarmedFury"],"picked":"theMarked:Snap","floor":0},{"not_picked":["theMarked:Polarize","theMarked:ResourceFulStrike"],"picked":"theMarked:WastefulAttack","floor":1},{"not_picked":["theMarked:Electrocute","theMarked:ResourceFulStrike"],"picked":"theMarked:StartUp","floor":4},{"not_picked":["theMarked:Overthink","theMarked:PowerFlow"],"picked":"theMarked:WastefulDefense","floor":5},{"not_picked":["theMarked:TwofoldDefense","theMarked:ResourceFulStrike"],"picked":"theMarked:FavorableWinds","floor":8},{"not_picked":["theMarked:EmpowerWeapon","theMarked:BanishingStrike","theMarked:ElectricStrings"],"picked":"SKIP","floor":10},{"not_picked":["theMarked:MaelstromOfLightning","theMarked:TakeOffHeels","theMarked:EnhanceMovement"],"picked":"SKIP","floor":11},{"not_picked":["theMarked:MysticalArsenal","theMarked:ChannelForce"],"picked":"theMarked:TakeCover","floor":13},{"not_picked":["theMarked:SwordAndMagic","theMarked:ContemptForTheProud"],"picked":"theMarked:Overthink","floor":14},{"not_picked":["theMarked:TakeOffHeels","theMarked:MuscleMemory"],"picked":"theMarked:SuspiciousRaven","floor":16},{"not_picked":["theMarked:ElectricStrings+1","theMarked:Parkour+1","theMarked:Seal"],"picked":"SKIP","floor":18},{"not_picked":["theMarked:RepellingDischarge","theMarked:ChainLightning"],"picked":"theMarked:Panic","floor":21},{"not_picked":["theMarked:WardOff","theMarked:WastefulDefense","theMarked:BanishingStrike+1"],"picked":"SKIP","floor":22},{"not_picked":["theMarked:WardOff+1","theMarked:Parkour"],"picked":"theMarked:TunnelVision","floor":23},{"not_picked":["theMarked:EnhancedHearing","theMarked:EnhanceMovement"],"picked":"theMarked:Panic+1","floor":24},{"not_picked":["theMarked:ParalyzingBlade","theMarked:DeterminationOfTheMarked","theMarked:StartUp"],"picked":"SKIP","floor":25},{"not_picked":["theMarked:SwordAndMagic","theMarked:ChainLightning+1"],"picked":"theMarked:SummonStrength","floor":28},{"not_picked":["theMarked:BanishingStrike","theMarked:EnhancedHearing","theMarked:Aftermath+1"],"picked":"SKIP","floor":30},{"not_picked":["theMarked:Aftermath","theMarked:Frustration","theMarked:ElectricStrings"],"picked":"SKIP","floor":31},{"not_picked":["theMarked:FavorableWinds","theMarked:TurnInvisible"],"picked":"theMarked:Challenge","floor":33},{"not_picked":["theMarked:Static+1","theMarked:EmpowerWeapon","theMarked:HeritageOfTheMarked+1"],"picked":"SKIP","floor":35},{"not_picked":["Crow Ritual","Mind Blast"],"picked":"Good Instincts","floor":36},{"not_picked":["theMarked:TwofoldDefense","theMarked:Electrocute","theMarked:HeightenedSenses"],"picked":"SKIP","floor":37},{"not_picked":["theMarked:EnhanceMovement+1","theMarked:WastefulAttack+1"],"picked":"theMarked:Panic","floor":40},{"not_picked":["theMarked:Seal","theMarked:ResourceFulStrike"],"picked":"theMarked:WastefulAttack","floor":44},{"not_picked":["theMarked:WastefulAttack","theMarked:EmpowerWeapon+1","theMarked:HeritageOfTheMarked+1"],"picked":"SKIP","floor":47}],"player_experience":339984,"relics_obtained":[{"floor":9,"key":"hubris:SphereOfDissonance"},{"floor":11,"key":"Garlic"},{"floor":13,"key":"Pear"},{"floor":21,"key":"Red Mask"},{"floor":23,"key":"hubris:Metronome"},{"floor":26,"key":"infinitespire:FocusingShard"},{"floor":28,"key":"hubris:64BitClover"},{"floor":30,"key":"Bag of Marbles"},{"floor":40,"key":"Bag of Preparation"},{"floor":43,"key":"Centennial Puzzle"},{"floor":45,"key":"hexamod:BolsterEngine"},{"floor":48,"key":"ReplayTheSpireMod:Ring of Addiction"},{"floor":48,"key":"Ring of Hypnosis"},{"floor":48,"key":"Toy Ornithopter"},{"floor":48,"key":"White Beast Statue"}],"event_choices":[{"damage_healed":0,"gold_gain":0,"player_choice":"Rummage","damage_taken":0,"relics_obtained":["WarpedTongs"],"max_hp_gain":0,"max_hp_loss":0,"event_name":"Accursed Blacksmith","floor":2,"gold_loss":0,"cards_obtained":["Pain"]},{"damage_healed":0,"gold_gain":0,"cards_transformed":["theMarked:Strike"],"player_choice":"Transformed","damage_taken":0,"max_hp_gain":0,"max_hp_loss":0,"event_name":"Transmorgrifier","floor":12,"gold_loss":0,"cards_obtained":["theMarked:TwofoldDefense"]},{"damage_healed":0,"gold_gain":0,"player_choice":"Simplicity","damage_taken":0,"max_hp_gain":0,"max_hp_loss":0,"event_name":"Back to Basics","floor":19,"gold_loss":0,"cards_upgraded":["theMarked:Strike","theMarked:Strike","theMarked:Defend","theMarked:Defend","theMarked:Defend","theMarked:Defend"]},{"damage_healed":0,"gold_gain":0,"player_choice":"Shed Blood","damage_taken":18,"max_hp_gain":5,"max_hp_loss":0,"event_name":"Forgotten Altar","floor":20,"gold_loss":0},{"damage_healed":0,"gold_gain":0,"player_choice":"Fought Bandits","damage_taken":0,"max_hp_gain":0,"max_hp_loss":0,"event_name":"Masked Bandits","floor":21,"gold_loss":0},{"damage_healed":0,"gold_gain":0,"player_choice":"Inject Mutagens","damage_taken":0,"relics_obtained":["MutagenicStrength"],"max_hp_gain":0,"max_hp_loss":0,"event_name":"Drug Dealer","floor":27,"gold_loss":0},{"damage_healed":0,"gold_gain":0,"player_choice":"Memory 1","damage_taken":0,"max_hp_gain":0,"max_hp_loss":0,"event_name":"SensoryStone","floor":36,"gold_loss":0},{"cards_removed":["theMarked:SoldierOfQuellstein"],"damage_healed":0,"gold_gain":0,"player_choice":"Removed Skill","damage_taken":0,"max_hp_gain":0,"max_hp_loss":0,"event_name":"Falling","floor":38,"gold_loss":0}],"is_beta":false,"boss_relics":[{"not_picked":["Black Star","infinitespire:Cupcake"],"picked":"Empty Cage"},{"not_picked":["theMarked:SpiritSword","Tiny House"],"picked":"Snecko Eye"}],"items_purged_floors":[3,42,46],"is_endless":false,"potions_floor_spawned":[4,10,13,16,18,21,28,31,47],"ascension_level":0}}