{"host":"szp1d6dso4pv7ddl","time":1608768907,"event":{"mods":["AchievementEnabler","Alarm Clock","BaseMod","Bestiary","Block Reminder","Colored Map","Colored Powertips","Curses Come First","Displayed Cursed Tome","Highlight Path","Minty Spire (QoL Compilation)","Permanent Neow","Quick Restart","Relic Sorter","Relic Stats","StSLib","Synergy Search"],"gold_per_floor":[115,115,16,16,36,70,70,96,96,131,150,180,180,180,180,284,284,294,323,6,105,123,150,150,150,150,150,72,91,121,221,221,221,221],"floor_reached":33,"playtime":2639,"items_purged":["Defend_G"],"score":532,"play_id":"5687339f-917b-4d89-9876-35b2d2a8fe87","local_time":"20201223161507","is_ascension_mode":true,"campfire_choices":[{"floor":7.0,"key":"REST"},{"floor":15.0,"key":"REST"},{"data":"Enlightenment","floor":25.0,"key":"SMITH"},{"floor":32.0,"key":"REST"}],"circlet_count":0,"master_deck":["Strike_G","Strike_G","Strike_G","Strike_G","Defend_G+1","Defend_G","Defend_G+1","Survivor","Neutralize","Riddle With Holes","Flying Knee","Dodge and Roll","Predator","Eviscerate","Dagger Throw","Eviscerate","Die Die Die","Blade Dance","Dagger Spray+1","Enlightenment+1","Leg Sweep","Corpse Explosion","Dash","Die Die Die"],"relics":["Velvet Choker","Kunai","Letter Opener","Vajra","WingedGreaves","Thread and Needle","Ninja Scroll","WristBlade","Red Mask","Akabeko","Juzu Bracelet","Blue Candle","War Paint"],"acts_visited":["Exordium","TheCity"],"potions_floor_usage":[33],"damage_taken":[{"damage":6.0,"enemies":"Jaw Worm","floor":1.0,"turns":6.0},{"damage":1.0,"enemies":"Cultist","floor":5.0,"turns":3.0},{"damage":29.0,"enemies":"3 Sentries","floor":6.0,"turns":9.0},{"damage":14.0,"enemies":"Gremlin Nob","floor":8.0,"turns":4.0},{"damage":12.0,"enemies":"Lagavulin","floor":10.0,"turns":5.0},{"damage":0.0,"enemies":"Small Slimes","floor":11.0,"turns":2.0},{"damage":1.0,"enemies":"3 Sentries","floor":12.0,"turns":6.0},{"damage":9.0,"enemies":"Lagavulin","floor":14.0,"turns":3.0},{"damage":0.0,"enemies":"Slime Boss","floor":16.0,"turns":6.0},{"damage":0.0,"enemies":"3 Byrds","floor":18.0,"turns":4.0},{"damage":7.0,"enemies":"Masked Bandits","floor":19.0,"turns":4.0},{"damage":4.0,"enemies":"2 Thieves","floor":22.0,"turns":2.0},{"damage":5.0,"enemies":"Slavers","floor":23.0,"turns":4.0},{"damage":0.0,"enemies":"Snake Plant","floor":29.0,"turns":3.0},{"damage":11.0,"enemies":"Gremlin Leader","floor":30.0,"turns":4.0},{"damage":104,"enemies":"Collector","floor":33,"turns":10}],"seed_played":"-8442151125124567650","potions_obtained":[{"floor":1.0,"key":"SmokeBomb"},{"floor":11.0,"key":"SpeedPotion"},{"floor":12.0,"key":"Energy Potion"},{"floor":18.0,"key":"Block Potion"},{"floor":19.0,"key":"Dexterity Potion"},{"floor":23.0,"key":"FairyPotion"}],"is_trial":false,"path_per_floor":["M","?","$","?","M","E","R","E","T","E","M","E","T","E","R","B",null,"M","?","$","?","M","E","?","R","T","?","$","M","E","?","R","B"],"character_chosen":"THE_SILENT","items_purchased":["Flying Knee","Enlightenment","Akabeko","Leg Sweep","Die Die Die"],"campfire_rested":3,"item_purchase_floors":[3,20,20,20,28],"current_hp_per_floor":[57,50,50,55,54,25,47,33,33,21,21,20,20,11,33,33,65,65,58,58,58,54,49,49,49,49,49,49,49,38,38,60,0,0],"gold":221,"neow_bonus":"BOSS_RELIC","is_daily":false,"chose_seed":false,"campfire_upgraded":1,"win_rate":0.0,"timestamp":1608768907,"path_taken":["M","?","$","?","M","E","R","E","T","E","?","E","?","E","R","BOSS","M","?","$","?","M","E","?","R","T","?","$","M","E","?","R","BOSS"],"items_purchased_type":["Card","Card","Relic","Card","Card"],"build_version":"2020-12-22","purchased_purges":1,"victory":false,"max_hp_per_floor":[70,70,70,75,75,75,75,75,75,75,75,75,75,75,75,75,75,75,75,75,75,75,75,75,75,75,75,75,75,75,75,75,75,75],"relic_stats":{"counters":[16,75],"Blue Candle":[0],"Juzu Bracelet":1,"Kunai":[28],"Letter Opener":[30],"War Paint":["Defend_G","Defend_G"],"obtain_stats":[{"Blue Candle":26,"Velvet Choker":0,"Vajra":8,"Thread and Needle":9,"Juzu Bracelet":23,"Letter Opener":13,"War Paint":30,"Akabeko":20,"WristBlade":17,"Ninja Scroll":12,"WingedGreaves":6,"Red Mask":19,"Kunai":10,"Ring of the Snake":0},{"Blue Candle":13,"Velvet Choker":0,"Vajra":4,"Thread and Needle":4,"Juzu Bracelet":13,"Letter Opener":7,"War Paint":15,"Akabeko":11,"WristBlade":9,"Ninja Scroll":7,"WingedGreaves":3,"Red Mask":11,"Kunai":5,"Ring of the Snake":0},{"Blue Candle":58,"Velvet Choker":0,"Vajra":22,"Thread and Needle":22,"Juzu Bracelet":58,"Letter Opener":35,"War Paint":65,"Akabeko":52,"WristBlade":44,"Ninja Scroll":35,"WingedGreaves":18,"Red Mask":52,"Kunai":27,"Ring of the Snake":0}]},"card_choices":[{"not_picked":["Deadly Poison","Blade Dance"],"picked":"Riddle With Holes","floor":1.0},{"not_picked":["Deflect","Choke"],"picked":"Dodge and Roll","floor":5.0},{"not_picked":["Deadly Poison","A Thousand Cuts"],"picked":"Predator","floor":6.0},{"not_picked":["Sucker Punch","Tactician"],"picked":"Eviscerate","floor":8.0},{"not_picked":["Deadly Poison","Backflip","Calculated Gamble"],"picked":"SKIP","floor":10.0},{"not_picked":["Outmaneuver","Cloak And Dagger"],"picked":"Dagger Throw","floor":11.0},{"not_picked":["Escape Plan","Poisoned Stab"],"picked":"Eviscerate","floor":12.0},{"not_picked":["Malaise","Storm of Steel"],"picked":"Die Die Die","floor":16.0},{"not_picked":["PiercingWail","Predator+1"],"picked":"Blade Dance","floor":18.0},{"not_picked":["A Thousand Cuts","Dagger Throw"],"picked":"Dagger Spray+1","floor":19.0},{"not_picked":["Blade Dance+1","PiercingWail","Endless Agony+1"],"picked":"SKIP","floor":22.0},{"not_picked":["Backflip","Setup+1","Accuracy"],"picked":"SKIP","floor":23.0},{"not_picked":["Sucker Punch","Underhanded Strike+1","Prepared"],"picked":"SKIP","floor":29.0},{"not_picked":["Poisoned Stab+1","Slice","Backflip"],"picked":"SKIP","floor":30.0}],"player_experience":987721,"relics_obtained":[{"floor":6.0,"key":"WingedGreaves"},{"floor":8.0,"key":"Vajra"},{"floor":9.0,"key":"Thread and Needle"},{"floor":10.0,"key":"Kunai"},{"floor":12.0,"key":"Ninja Scroll"},{"floor":13.0,"key":"Letter Opener"},{"floor":19.0,"key":"Red Mask"},{"floor":23.0,"key":"Juzu Bracelet"},{"floor":26.0,"key":"Blue Candle"},{"floor":30.0,"key":"War Paint"}],"event_choices":[{"cards_removed":["Defend_G"],"damage_healed":0.0,"max_hp_gain":0.0,"max_hp_loss":0.0,"gold_gain":0.0,"event_name":"Golden Wing","player_choice":"Card Removal","floor":2.0,"gold_loss":0.0,"damage_taken":7.0},{"damage_healed":0.0,"max_hp_gain":5.0,"max_hp_loss":0.0,"gold_gain":0.0,"event_name":"Big Fish","player_choice":"Donut","floor":4.0,"gold_loss":0.0,"damage_taken":0.0},{"damage_healed":0.0,"max_hp_gain":0.0,"max_hp_loss":0.0,"gold_gain":0.0,"event_name":"Masked Bandits","player_choice":"Fought Bandits","floor":19.0,"gold_loss":0.0,"damage_taken":0.0},{"damage_healed":0.0,"max_hp_gain":0.0,"max_hp_loss":0.0,"gold_gain":99.0,"event_name":"Nest","player_choice":"Stole From Cult","floor":21.0,"gold_loss":0.0,"damage_taken":0.0},{"damage_healed":0.0,"max_hp_gain":0.0,"max_hp_loss":0.0,"gold_gain":0.0,"cards_transformed":["Strike_G"],"event_name":"Transmorgrifier","player_choice":"Transformed","floor":24.0,"gold_loss":0.0,"damage_taken":0.0,"cards_obtained":["Corpse Explosion"]},{"damage_healed":0.0,"max_hp_gain":0.0,"max_hp_loss":0.0,"gold_gain":0.0,"event_name":"The Library","player_choice":"Read","floor":27.0,"gold_loss":0.0,"damage_taken":0.0,"cards_obtained":["Dash"]},{"damage_healed":0.0,"max_hp_gain":0.0,"max_hp_loss":0.0,"gold_gain":100.0,"event_name":"Golden Shrine","player_choice":"Pray","floor":31.0,"gold_loss":0.0,"damage_taken":0.0}],"is_beta":false,"boss_relics":[{"not_picked":["Philosopher\u0027s Stone","Pandora\u0027s Box"],"picked":"WristBlade"}],"items_purged_floors":[3],"is_endless":false,"potions_floor_spawned":[1,11,12,18,19,23],"killed_by":"Collector","ascension_level":9}}