{"host":"2461dio7vetlq1z3","time":1608786087,"event":{"mods":["2.2 Compatiblity","AchievementEnabler","Aspiration","BaseMod","Better Third Choice","Hermit","Marisa????????","Minty Spire (QoL Compilation)","Relic Stats","Spicy Shops","StSLib","The Runesmith","Waifu the Spire"],"gold_per_floor":[116,134,146,162,31,31,60,83,83,158,158,185,6,41,41,116,116,131,131,46,57,69,94,94,126,164,226,255,267,279,279],"floor_reached":30,"playtime":3227,"items_purged":["Strike_B","Strike_B"],"score":622,"play_id":"864122d9-4b58-4797-92aa-d3542f94d7e4","local_time":"20201224060127","is_ascension_mode":true,"campfire_choices":[{"data":"Defragment","floor":6,"key":"SMITH"},{"data":"Rip and Tear","floor":11,"key":"SMITH"},{"data":"Capacitor","floor":15,"key":"SMITH"},{"data":"Creative AI","floor":24,"key":"SMITH"},{"data":"Reboot","floor":29,"key":"SMITH"}],"circlet_count":0,"master_deck":["AscendersBane","Strike_B","Strike_B","Defend_B","Defend_B","Defend_B","Defend_B","Zap","Dualcast","Gash","Rip and Tear+1","Defragment+1","Glacier","Gash","Sunder","Compile Driver","Capacitor+1","Reboot+1","Creative AI+1","Static Discharge+1","Gash","Hologram","Chill","Scrape"],"relics":["Cracked Core","aspiration:Nostalgia","Burning Blood","Meat on the Bone","Odd Mushroom","MealTicket","Dream Catcher","Tiny Chest","Black Star","Toy Ornithopter","Vajra","Bag of Preparation","Pen Nib","MawBank","Art of War"],"acts_visited":["Exordium","TheCity"],"potions_floor_usage":[23,23,25],"damage_taken":[{"damage":3,"enemies":"2 Louse","floor":1,"turns":3},{"damage":2,"enemies":"Jaw Worm","floor":2,"turns":3},{"damage":5,"enemies":"Small Slimes","floor":3,"turns":2},{"damage":11,"enemies":"Blue Slaver","floor":4,"turns":3},{"damage":20,"enemies":"3 Sentries","floor":7,"turns":10},{"damage":13,"enemies":"The Mushroom Lair","floor":8,"turns":4},{"damage":0,"enemies":"Lagavulin","floor":12,"turns":9},{"damage":21,"enemies":"3 Sentries","floor":14,"turns":7},{"damage":26,"enemies":"Hexaghost","floor":16,"turns":9},{"damage":16,"enemies":"Spheric Guardian","floor":18,"turns":9},{"damage":13,"enemies":"Chosen","floor":21,"turns":4},{"damage":26,"enemies":"Snake Plant","floor":22,"turns":5},{"damage":23,"enemies":"Slavers","floor":23,"turns":4},{"damage":27,"enemies":"Book of Stabbing","floor":25,"turns":6},{"damage":0,"enemies":"3 Cultists","floor":28,"turns":8},{"damage":46,"enemies":"Gremlin Leader","floor":30,"turns":4}],"seed_played":"-8208890520849519432","potions_obtained":[{"floor":3,"key":"LiquidMemories"},{"floor":4,"key":"Weak Potion"},{"floor":7,"key":"FocusPotion"},{"floor":8,"key":"PowerPotion"},{"floor":23,"key":"EssenceOfSteel"}],"is_trial":false,"path_per_floor":["M","M","M","M","$","R","E","?","T","?","R","E","$","E","R","B",null,"M","?","?","M","M","E","R","E","T","?","M","R","E"],"character_chosen":"DEFECT","items_purchased":["Gash","Capacitor"],"campfire_rested":0,"item_purchase_floors":[5,13],"current_hp_per_floor":[67,71,71,66,66,66,52,45,45,34,34,52,67,52,52,44,64,54,54,54,47,39,44,44,40,40,40,46,46,0,0],"gold":279,"neow_bonus":"NOSTALGIA","is_daily":false,"chose_seed":false,"campfire_upgraded":5,"win_rate":0.0,"timestamp":1608786087,"path_taken":["M","M","M","M","$","R","E","?","T","?","R","E","$","E","R","BOSS","M","?","?","M","M","E","R","E","T","?","M","R","E"],"items_purchased_type":["Card","Card"],"build_version":"2020-12-22","purchased_purges":2,"victory":false,"max_hp_per_floor":[71,71,71,71,71,71,71,71,71,71,71,71,71,71,71,71,71,71,71,71,71,71,71,71,71,71,71,71,71,71,71],"relic_stats":{"counters":[16,90],"Pen Nib":[2],"Bag of Preparation":[6],"MawBank":60,"Burning Blood":89,"Dream Catcher":0,"MealTicket":15,"Tiny Chest":0,"Black Star":2,"Art of War":[1],"obtain_stats":[{"aspiration:Nostalgia":0,"Vajra":23,"Pen Nib":25,"Bag of Preparation":23,"Odd Mushroom":8,"MawBank":25,"Burning Blood":0,"Dream Catcher":12,"MealTicket":9,"Tiny Chest":14,"Black Star":17,"Art of War":26,"Cracked Core":0,"Toy Ornithopter":20,"Meat on the Bone":7},{"aspiration:Nostalgia":0,"Vajra":13,"Pen Nib":14,"Bag of Preparation":13,"Odd Mushroom":6,"MawBank":14,"Burning Blood":0,"Dream Catcher":7,"MealTicket":6,"Tiny Chest":8,"Black Star":9,"Art of War":14,"Cracked Core":0,"Toy Ornithopter":10,"Meat on the Bone":5},{"aspiration:Nostalgia":0,"Vajra":72,"Pen Nib":78,"Bag of Preparation":72,"Odd Mushroom":25,"MawBank":78,"Burning Blood":0,"Dream Catcher":34,"MealTicket":25,"Tiny Chest":41,"Black Star":50,"Art of War":78,"Cracked Core":0,"Toy Ornithopter":59,"Meat on the Bone":21}],"Toy Ornithopter":15,"Meat on the Bone":60},"card_choices":[{"not_picked":["Hologram","Double Energy"],"picked":"Gash","floor":1},{"not_picked":["Compile Driver","Conserve Battery"],"picked":"Rip and Tear","floor":2},{"not_picked":["Ball Lightning","Self Repair"],"picked":"Defragment","floor":3},{"not_picked":["Leap","Electrodynamics"],"picked":"Glacier","floor":4},{"not_picked":["Beam Cell","Go for the Eyes"],"picked":"Sunder","floor":7},{"not_picked":["Rebound","Steam"],"picked":"Compile Driver","floor":12},{"not_picked":["Conserve Battery","Sweeping Beam"],"picked":"Reboot","floor":14},{"not_picked":["Multi-Cast","Core Surge"],"picked":"Creative AI","floor":16},{"not_picked":["Leap","Gash"],"picked":"Static Discharge+1","floor":18},{"not_picked":["Fusion","Chaos"],"picked":"Gash","floor":21},{"not_picked":["Leap","Streamline"],"picked":"Hologram","floor":22},{"not_picked":["Leap","Beam Cell"],"picked":"Chill","floor":23},{"not_picked":["Hologram","Static Discharge"],"picked":"Scrape","floor":25},{"not_picked":["Rebound","Conserve Battery+1","Streamline"],"picked":"SKIP","floor":28}],"player_experience":991164,"relics_obtained":[{"floor":7,"key":"Meat on the Bone"},{"floor":8,"key":"Odd Mushroom"},{"floor":9,"key":"MealTicket"},{"floor":12,"key":"Dream Catcher"},{"floor":14,"key":"Tiny Chest"},{"floor":23,"key":"Vajra"},{"floor":23,"key":"Bag of Preparation"},{"floor":25,"key":"Pen Nib"},{"floor":25,"key":"MawBank"},{"floor":26,"key":"Art of War"}],"event_choices":[{"damage_healed":0,"gold_gain":0,"player_choice":"Fought Mushrooms","damage_taken":0,"max_hp_gain":0,"max_hp_loss":0,"event_name":"Mushrooms","floor":8,"gold_loss":0},{"damage_healed":0,"gold_gain":75,"player_choice":"Gold","damage_taken":11,"max_hp_gain":0,"max_hp_loss":0,"event_name":"betterThird:BetterGoop","floor":10,"gold_loss":0},{"damage_healed":0,"gold_gain":0,"player_choice":"Ignored","damage_taken":0,"max_hp_gain":0,"max_hp_loss":0,"event_name":"Vampires","floor":19,"gold_loss":0},{"damage_healed":0,"gold_gain":0,"player_choice":"Obtained Relic","damage_taken":0,"relics_obtained":["Toy Ornithopter"],"max_hp_gain":0,"max_hp_loss":0,"event_name":"Addict","floor":20,"gold_loss":85},{"damage_healed":0,"gold_gain":50,"player_choice":"Pray","damage_taken":0,"max_hp_gain":0,"max_hp_loss":0,"event_name":"Golden Shrine","floor":27,"gold_loss":0}],"is_beta":false,"boss_relics":[{"not_picked":["Tiny House","aspiration:RunesmithSkillbook"],"picked":"Black Star"}],"items_purged_floors":[5,13],"is_endless":false,"potions_floor_spawned":[3,4,7,8,14,18,23],"killed_by":"Gremlin Leader","ascension_level":20}}