{"host":"eeeqmyc7a1933jos","time":1608815790,"event":{"mods":["2.2 Compatiblity","Act Like it!","BaseMod","CapriCore","Colored Powertips","Conspire","Downfall","Elementarium","Friendly Minions","Gensokyo","GifTheSpireLib","Gremlin Mod","Hallownest","Hermit","Hubris","Infinite Spire","Jorbs\u0027s Wanderer Trilogy","Marisa????????","Mimic Mod","Minty Spire (QoL Compilation)","Pale of the Ancients","Random Character Button","Random Character Mod","Reimu??????","Relic Sorter","Relic Stats","Replay The Spire","SIMod","Shade Mod","StSLib","The Administrix","The Bug Knight","The Hierophant","The Immortal","The Mystic","The Runesmith","The Senshi","The Vixen","TheBandit","TheFirefly","TheVacant","Wandering Minibosses"],"gold_per_floor":[114,139,69,69,68,89,89,89,108,135,165,210,135,135,135,264,264,298,298,298,337,337,407,419,476,536,564,576,588,600,667,679,745,757,794,794,806,618,650,714,726,716,752,764,776,864,263,303,303,279,304,308,583,423,423,425,425,498,498,474,474],"floor_reached":60,"playtime":4356,"items_purged":["hierophant:Defend_Hierophant","hierophant:RustyCrate","hierophant:Strike_Hierophant","Regret"],"score":1918,"play_id":"a947fb06-e69d-4f33-b915-7f2c45180606","local_time":"20201224141630","is_ascension_mode":false,"campfire_choices":[{"data":"hierophant:ChurchCoffers","floor":7,"key":"SMITH"},{"floor":15,"key":"REST"},{"data":"ReplayTheSpireMod:Haul","floor":24,"key":"SMITH"},{"data":"hierophant:Embezzle","floor":29,"key":"SMITH"},{"floor":32,"key":"DIG"},{"data":"hierophant:MintersHammer","floor":41,"key":"SMITH"},{"data":"hierophant:Charity","floor":44,"key":"SMITH"},{"floor":49,"key":"DIG"},{"data":"Secret Technique","floor":55,"key":"SMITH"},{"data":"Pot Of Greed","floor":57,"key":"SMITH"}],"circlet_count":0,"master_deck":["hierophant:Doubloon+1","hierophant:Doubloon+1","hierophant:Doubloon+1","hierophant:Doubloon+1","hierophant:Doubloon","hierophant:Doubloon","hierophant:Doubloon+1","hierophant:Doubloon+1","hierophant:Strike_Hierophant","hierophant:Punish","hierophant:Defend_Hierophant","hierophant:Defend_Hierophant","hierophant:Defend_Hierophant","hierophant:ChurchCoffers+1","hierophant:Doubloon+1","hierophant:CursedGold","hierophant:Flagellation","hierophant:Charity+1","hierophant:Doubloon+1","hierophant:Doubloon+1","hierophant:Dazzle","hierophant:Doubloon+1","hierophant:CursedGold","hierophant:Embezzle+1","Pot Of Greed","Pot Of Greed","hierophant:Doubloon+1","hierophant:Determination","hierophant:Zeal","Pot Of Greed","hierophant:MorningPrayer","ReplayTheSpireMod:Haul+1","hierophant:Anathema","hierophant:Mercenaries+1","hierophant:WrathOfGod","hierophant:Shelter+1","infinitespire:FutureSight","hierophant:PristineSoul","hierophant:Doubloon+1","hierophant:CoinFling","hierophant:Zeal","conspire:SpireCoStock","conspire:SpireCoStock","conspire:SpireCoStock","conspire:SpireCoStock","Pot Of Greed+1","hierophant:MintersHammer+1","hierophant:FaithHealing","hierophant:Doubloon+1","hierophant:Refuge+1","hierophant:Doubloon+1","hierophant:Refuge+1","hierophant:Mercenaries","Secret Technique+1","Deep Breath","Pot Of Greed","Blind","hierophant:Flagellation+1","hierophant:Doubloon","hierophant:CoinFling","hierophant:Embezzle","Pot Of Greed"],"relics":["hierophant:PropheticMaskRelic","White Beast Statue","Grinning Jar","hubris:Backtick","infinitespire:Bottled Soul","Pet Ghost","hubris:Towel","MawBank","hubris:SlimyHat","hubris:OldNail","PreservedInsect","conspire:RunicOctahedron","Hallownest:KingsIdolRelic","Mastiff:ReiMu","Replay:Baseball","hubris:CrystalStatue","infinitespire:Joker Card","Toy Ornithopter","ReplayTheSpireMod:ShopPack","Bronze Scales","Bag of Preparation","paleoftheancients:Timepiece","Ice Cream","CultistMask","ReplayTheSpireMod:Ninjato"],"acts_visited":["Exordium","Exordium","Hallownest:CityofTears","Hallownest:KingdomsEdge"],"potions_floor_usage":[8,9,16,21,21,23,33,39,42,42,46,50,51,51,51,51,52,56,56],"damage_taken":[{"damage":1,"enemies":"Cultist","floor":1,"turns":3},{"damage":3,"enemies":"2 Louse","floor":2,"turns":2},{"damage":8,"enemies":"infinitespire:Voidling","floor":5,"turns":3},{"damage":33,"enemies":"Gremlin Nob","floor":6,"turns":5},{"damage":5,"enemies":"Red Slaver","floor":8,"turns":3},{"damage":4,"enemies":"Looter","floor":9,"turns":8},{"damage":0,"enemies":"Looter","floor":10,"turns":3},{"damage":2,"enemies":"Blue Slaver","floor":11,"turns":3},{"damage":8,"enemies":"Exordium Wildlife","floor":12,"turns":3},{"damage":3,"enemies":"Fading Forest","floor":16,"turns":11},{"damage":11,"enemies":"Hallownest:2_Mistakes","floor":18,"turns":8},{"damage":22,"enemies":"Hallownest:Guard_and_Sentry","floor":21,"turns":5},{"damage":0,"enemies":"Hallownest:Nosk","floor":23,"turns":2},{"damage":0,"enemies":"Hallownest:monsterShrumalOgre","floor":25,"turns":4},{"damage":0,"enemies":"Hallownest:Master_and_Novice","floor":27,"turns":2},{"damage":3,"enemies":"Hallownest:Warrior_and_Youth","floor":31,"turns":3},{"damage":13,"enemies":"Hallownest:BossSoulMaster","floor":33,"turns":5},{"damage":0,"enemies":"Hallownest:2_Littles","floor":35,"turns":3},{"damage":15,"enemies":"Hallownest:3_Siblings","floor":36,"turns":3},{"damage":11,"enemies":"Hallownest:Slobbering_and_Violent","floor":39,"turns":6},{"damage":38,"enemies":"Hallownest:eliteHiveKnight","floor":40,"turns":7},{"damage":1,"enemies":"Hallownest:2_Soldiers_and_1_Guardian","floor":42,"turns":4},{"damage":25,"enemies":"Hallownest:2_Primals","floor":46,"turns":3},{"damage":0,"enemies":"Hallownest:2_Great","floor":48,"turns":4},{"damage":5,"enemies":"Hallownest:BossGreyPrinceZote","floor":50,"turns":4},{"damage":0,"enemies":"Hallownest:BossGreyPrinceZote","floor":51,"turns":9},{"damage":34,"enemies":"Hallownest:BossGreyPrinceZote","floor":52,"turns":5},{"damage":76,"enemies":"Hallownest:BossGreyPrinceZote","floor":56,"turns":6},{"damage":0,"enemies":"paleoftheancients:N","floor":60,"turns":5}],"seed_played":"-3808318500780654941","potions_obtained":[{"floor":1,"key":"DistilledChaos"},{"floor":6,"key":"Regen Potion"},{"floor":8,"key":"sneckomod:MuddlingPotion"},{"floor":10,"key":"Dexterity Potion"},{"floor":11,"key":"Venom Potion"},{"floor":12,"key":"ColorlessPotion"},{"floor":16,"key":"FearPotion"},{"floor":21,"key":"SteroidPotion"},{"floor":23,"key":"LiquidMemories"},{"floor":25,"key":"Guardian:BlockOnCardUsePotion"},{"floor":31,"key":"Fruit Juice"},{"floor":33,"key":"Adrenaline Potion"},{"floor":39,"key":"ColorlessPotion"},{"floor":42,"key":"Elixir"},{"floor":46,"key":"EntropicBrew"},{"floor":48,"key":"PowerPotion"},{"floor":51,"key":"Swift Potion"},{"floor":52,"key":"hexamod:EctoCoolerPotion"}],"is_trial":false,"path_per_floor":["M","M","$","?","M","E","R","M","MIM","M","M","M","$","?","R","B",null,"M","?","?","M","?","E","R","M","T","M","AVR","R","?","M","R","B",null,"M","M","?","?","M","E","R","M","T","R","T","?","$","M","R","B","M","M","?","$","R","M","R","T","?","B"],"character_chosen":"HIEROPHANT","items_purchased":["hierophant:Charity","Toy Ornithopter","ReplayTheSpireMod:ShopPack","Bronze Scales","hierophant:Mercenaries","hierophant:Embezzle"],"campfire_rested":1,"item_purchase_floors":[3,47,47,47,47,54],"current_hp_per_floor":[74,71,71,71,63,30,30,25,35,35,42,40,40,22,44,75,75,64,64,64,49,75,75,75,75,75,75,75,75,75,72,72,64,80,80,75,75,75,64,33,33,54,54,54,54,29,29,48,48,80,80,66,66,66,66,80,80,80,80,80,80],"gold":474,"neow_bonus":"RANDOM_EVENT","is_daily":false,"chose_seed":false,"campfire_upgraded":7,"win_rate":0.0,"timestamp":1608815790,"path_taken":["M","M","$","?","M","E","R","?","MIM","M","M","?","?","?","R","BOSS","M","?","?","M","?","E","R","M","T","M","AVR","R","?","M","R","BOSS","M","M","?","?","M","E","R","?","T","R","?","?","$","M","R","BOSS","M","M","?","$","R","M","R","T","?","BOSS"],"items_purchased_type":["Card","Relic","Relic","Relic","Card","Card"],"build_version":"2020-12-22","purchased_purges":4,"victory":false,"max_hp_per_floor":[75,75,75,75,75,75,75,75,75,75,75,75,75,75,75,75,75,75,75,75,75,75,75,75,75,75,75,75,75,75,75,75,80,80,80,80,80,80,80,80,80,80,80,80,80,80,80,80,80,80,80,80,80,80,80,80,80,80,80,80,80],"relic_stats":{"counters":[29,132],"Bronze Scales":[45],"PreservedInsect":68,"Bag of Preparation":[10],"MawBank":288,"obtain_stats":[{"Ice Cream":50,"hubris:CrystalStatue":45,"hierophant:PropheticMaskRelic":0,"hubris:SlimyHat":26,"Bag of Preparation":49,"Pet Ghost":19,"hubris:Backtick":17,"infinitespire:Bottled Soul":17,"Mastiff:ReiMu":40,"ReplayTheSpireMod:Ninjato":58,"conspire:RunicOctahedron":34,"PreservedInsect":32,"infinitespire:Joker Card":46,"hubris:Towel":20,"Hallownest:KingsIdolRelic":37,"MawBank":23,"White Beast Statue":6,"paleoftheancients:Timepiece":50,"Replay:Baseball":43,"Bronze Scales":47,"CultistMask":50,"Grinning Jar":9,"hubris:OldNail":28,"Toy Ornithopter":47,"ReplayTheSpireMod:ShopPack":47},{"Ice Cream":25,"hubris:CrystalStatue":22,"hierophant:PropheticMaskRelic":0,"hubris:SlimyHat":14,"Bag of Preparation":24,"Pet Ghost":11,"hubris:Backtick":10,"infinitespire:Bottled Soul":10,"Mastiff:ReiMu":21,"ReplayTheSpireMod:Ninjato":28,"conspire:RunicOctahedron":17,"PreservedInsect":16,"infinitespire:Joker Card":23,"hubris:Towel":11,"Hallownest:KingsIdolRelic":19,"MawBank":13,"White Beast Statue":4,"paleoftheancients:Timepiece":25,"Replay:Baseball":22,"Bronze Scales":23,"CultistMask":25,"Grinning Jar":6,"hubris:OldNail":15,"Toy Ornithopter":23,"ReplayTheSpireMod:ShopPack":23},{"Ice Cream":107,"hubris:CrystalStatue":96,"hierophant:PropheticMaskRelic":0,"hubris:SlimyHat":63,"Bag of Preparation":103,"Pet Ghost":52,"hubris:Backtick":44,"infinitespire:Bottled Soul":44,"Mastiff:ReiMu":92,"ReplayTheSpireMod:Ninjato":127,"conspire:RunicOctahedron":73,"PreservedInsect":68,"infinitespire:Joker Card":99,"hubris:Towel":52,"Hallownest:KingsIdolRelic":79,"MawBank":59,"White Beast Statue":13,"paleoftheancients:Timepiece":107,"Replay:Baseball":96,"Bronze Scales":99,"CultistMask":107,"Grinning Jar":24,"hubris:OldNail":65,"Toy Ornithopter":99,"ReplayTheSpireMod:ShopPack":99}],"Toy Ornithopter":20},"card_choices":[{"not_picked":["hierophant:DisplayOfPower","hierophant:Patience"],"picked":"hierophant:CursedGold","floor":1},{"not_picked":["hierophant:Purify","hierophant:Smite"],"picked":"hierophant:Flagellation","floor":2},{"not_picked":["hierophant:FlamingChariot","hierophant:Zeal"],"picked":"hierophant:Dazzle","floor":5},{"not_picked":["hierophant:Blessing","hierophant:Invocation"],"picked":"hierophant:CursedGold","floor":6},{"not_picked":["hierophant:Remorse","hierophant:FlamingChariot"],"picked":"hierophant:Embezzle","floor":8},{"not_picked":["hierophant:AuricBeam","hierophant:DisplayOfPower"],"picked":"hierophant:RustyCrate","floor":9},{"not_picked":["hierophant:Flagellation","hierophant:TollTheBells"],"picked":"hierophant:Determination","floor":10},{"not_picked":["hierophant:Remorse","hierophant:HammerAndAnvil"],"picked":"hierophant:Zeal","floor":11},{"not_picked":["hierophant:PassingBell","hierophant:RustyCrate"],"picked":"hierophant:MorningPrayer","floor":12},{"not_picked":["infinitespire:Starlight","infinitespire:Fortify"],"picked":"ReplayTheSpireMod:Haul","floor":14},{"not_picked":["hierophant:LocustPlague","hierophant:DivineIntervention"],"picked":"hierophant:Anathema","floor":16},{"not_picked":["hierophant:Community","hierophant:Chorus+1","hierophant:Shelter"],"picked":"SKIP","floor":18},{"not_picked":["hierophant:Community","hierophant:Chorus+1","hierophant:Shelter"],"picked":"SKIP","floor":18},{"not_picked":["hierophant:Community","hierophant:Chorus+1","hierophant:Shelter"],"picked":"SKIP","floor":18},{"not_picked":["hierophant:Blessing+1","hierophant:AuricShield"],"picked":"hierophant:Mercenaries+1","floor":21},{"not_picked":["hierophant:SealAway","hierophant:Rebuild"],"picked":"hierophant:WrathOfGod","floor":23},{"not_picked":["hierophant:OrnateJavelin+1","hierophant:RustyCrate"],"picked":"hierophant:Shelter+1","floor":25},{"not_picked":["hierophant:Purify","hierophant:RepressedViolence","hierophant:FlamingChariot"],"picked":"SKIP","floor":27},{"not_picked":["hierophant:Martyrdom","hierophant:Remorse"],"picked":"hierophant:PristineSoul","floor":31},{"not_picked":["hierophant:SealAway+1","hierophant:RepressedViolence"],"picked":"hierophant:CoinFling","floor":35},{"not_picked":["hierophant:FieryStrike","hierophant:SealAway"],"picked":"hierophant:Zeal","floor":36},{"not_picked":["hierophant:FlamingChariot","hierophant:FaithHealing"],"picked":"hierophant:MintersHammer","floor":39},{"not_picked":["hierophant:FlamingChariot+1","hierophant:DeathKnell"],"picked":"hierophant:FaithHealing","floor":40},{"not_picked":["hierophant:HammerAndAnvil","hierophant:Community+1"],"picked":"hierophant:Refuge+1","floor":42},{"not_picked":["hierophant:Bribe+1","hierophant:FieryStrike"],"picked":"hierophant:Refuge+1","floor":46},{"not_picked":["GreatAndPowerful","Master of Strategy"],"picked":"Secret Technique","floor":47},{"not_picked":["Impatience","Replay:SS_fish_2"],"picked":"Deep Breath","floor":47},{"not_picked":["conspire:Banana","expansioncontent:DefensiveMode"],"picked":"Blind","floor":47},{"not_picked":["hierophant:SealAway","hierophant:Doubloon+1"],"picked":"hierophant:Flagellation+1","floor":48},{"not_picked":["hierophant:DisplayOfPower","hierophant:MorningPrayer","hierophant:Shelter+1"],"picked":"SKIP","floor":51},{"not_picked":["hierophant:Encroach","hierophant:Community"],"picked":"hierophant:CoinFling","floor":52}],"player_experience":1365408,"relics_obtained":[{"floor":6,"key":"White Beast Statue"},{"floor":9,"key":"Grinning Jar"},{"floor":23,"key":"MawBank"},{"floor":26,"key":"hubris:SlimyHat"},{"floor":32,"key":"PreservedInsect"},{"floor":40,"key":"Mastiff:ReiMu"},{"floor":43,"key":"Replay:Baseball"},{"floor":45,"key":"hubris:CrystalStatue"},{"floor":46,"key":"infinitespire:Joker Card"},{"floor":49,"key":"Bag of Preparation"},{"floor":58,"key":"ReplayTheSpireMod:Ninjato"}],"event_choices":[{"cards_removed":["hierophant:Strike_Hierophant"],"damage_healed":0,"gold_gain":0,"player_choice":"Forget","damage_taken":0,"max_hp_gain":0,"max_hp_loss":0,"event_name":"Living Wall","floor":0,"gold_loss":0},{"damage_healed":0,"gold_gain":0,"player_choice":"Bought 0 Potions","damage_taken":0,"max_hp_gain":0,"max_hp_loss":0,"event_name":"The Woman in Blue","floor":4,"gold_loss":0},{"damage_healed":0,"gold_gain":0,"player_choice":"Invest 4","damage_taken":0,"max_hp_gain":0,"max_hp_loss":0,"event_name":"conspire:Investor","floor":38,"gold_loss":0},{"damage_healed":0,"gold_gain":275,"player_choice":"Desecrate","damage_taken":0,"max_hp_gain":0,"max_hp_loss":0,"event_name":"Golden Shrine","floor":53,"gold_loss":0,"cards_obtained":["Regret"]}],"is_beta":false,"boss_relics":[{"not_picked":["Replay:Grab Bag","ReplayTheSpireMod:SealedPack"],"picked":"hubris:Backtick"},{"not_picked":["hubris:CrackedHourglass","Honey Jar"],"picked":"conspire:RunicOctahedron"}],"items_purged_floors":[13,28,47,54],"is_endless":false,"potions_floor_spawned":[1,6,8,10,11,12,16,18,21,23,25,27,31,33,35,36,39,40,42,46,48,51,52,56],"killed_by":"paleoftheancients:N","ascension_level":0}}