{"host":"cjhtzh7tp54jdfyv","time":1608842942,"event":{"mods":["AchievementEnabler","BaseMod","Colored Map","Colored Powertips","Curses Come First","DeckTracker","Filter the Spire","Minty Spire (QoL Compilation)","RNG Fix","Relic Sorter","Relic Stats","StSLib","The Cursed","Waifu the Spire","ojb\u0027s Better Paths Mod","ojb\u0027s Info Mod"],"gold_per_floor":[360,360,20,39,52,52,52],"floor_reached":6,"playtime":400,"items_purged":[],"score":72,"play_id":"d0dff901-180d-471c-ae44-6618e07e4234","local_time":"20201224154902","is_ascension_mode":true,"campfire_choices":[],"circlet_count":0,"master_deck":["AscendersBane","TheCursedMod:Strike_TheCursed","TheCursedMod:Strike_TheCursed","TheCursedMod:Strike_TheCursed","TheCursedMod:Strike_TheCursed","TheCursedMod:Defend_TheCursed","TheCursedMod:Defend_TheCursed","TheCursedMod:Defend_TheCursed","TheCursedMod:Defend_TheCursed","TheCursedMod:CursedWand","TheCursedMod:CleanUpWorkshop","TheCursedMod:Dregs","TheCursedMod:SoulCrush","TheCursedMod:Hemoplague+1","TheCursedMod:TacticalStrike"],"relics":["TheCursedMod:BlackMagic101","Frozen Egg 2"],"acts_visited":["Exordium"],"potions_floor_usage":[],"damage_taken":[{"damage":2,"enemies":"Cultist","floor":1,"turns":5},{"damage":2,"enemies":"2 Louse","floor":4,"turns":3},{"damage":2,"enemies":"Jaw Worm","floor":5,"turns":3},{"damage":58,"enemies":"Gremlin Nob","floor":6,"turns":4}],"seed_played":"-2109926703513768475","potions_obtained":[{"floor":1,"key":"Dexterity Potion"}],"is_trial":false,"path_per_floor":["M","?","$","M","M","E"],"character_chosen":"THE_CURSED","items_purchased":["Frozen Egg 2","TheCursedMod:Hemoplague+1"],"campfire_rested":0,"item_purchase_floors":[3,3],"current_hp_per_floor":[62,62,62,60,58,0,0],"gold":52,"neow_bonus":"TWO_FIFTY_GOLD","is_daily":false,"chose_seed":false,"campfire_upgraded":0,"win_rate":0.0,"timestamp":1608842942,"path_taken":["M","?","$","M","M","E"],"items_purchased_type":["Relic","Card"],"build_version":"2020-12-22","purchased_purges":0,"victory":false,"max_hp_per_floor":[64,64,64,64,64,64,64],"relic_stats":{"counters":[4,15],"obtain_stats":[{"TheCursedMod:BlackMagic101":0,"Frozen Egg 2":3},{"TheCursedMod:BlackMagic101":0,"Frozen Egg 2":1},{"TheCursedMod:BlackMagic101":0,"Frozen Egg 2":5}]},"card_choices":[{"not_picked":["TheCursedMod:CursedMace","TheCursedMod:RapidMovement"],"picked":"TheCursedMod:SoulCrush","floor":1},{"not_picked":["TheCursedMod:CursedAmulet","TheCursedMod:Hemoplague+1"],"picked":"TheCursedMod:TacticalStrike","floor":4},{"not_picked":["TheCursedMod:CircleOfCorruption","TheCursedMod:Evocation","TheCursedMod:FleshFromBone"],"picked":"SKIP","floor":5}],"player_experience":4403275,"relics_obtained":[],"event_choices":[{"damage_healed":0,"gold_gain":0,"player_choice":"Leave","damage_taken":0,"max_hp_gain":0,"max_hp_loss":0,"event_name":"The Cleric","floor":2,"gold_loss":0}],"is_beta":false,"boss_relics":[],"items_purged_floors":[],"is_endless":false,"potions_floor_spawned":[1],"killed_by":"Gremlin Nob","ascension_level":20}}