{"host":"wt4gsh4yx7a4x1fv","time":1608805813,"event":{"mods":["AchievementEnabler","Aspiration","BaseMod","Better Altar","Better Match","Better Note","Better Sensory Stone","Better Skull","Better Third Choice","BetterRewards","CCEM","Clawfect","Colored Map","Conspire","Downfall","Googly Eyes","Halation","Hermit","Highlight Path","Hubris","Hunter ??","Infinite Spire","Mimic Mod","Minty Spire (QoL Compilation)","Permanent Neow","Replay The Spire","Shade Mod","Spicy Shops","StSLib","The Construct","The Cursed","The Disciple","Unceasing Turn Reminder","[IsaacMod]????","everything is the same but u backflip on backflip"],"gold_per_floor":[109,109,159,159,159,159,192,192,192,204,325,5,5,35,35,161,161,134,134,151,173,189,189,205,205,276,316,442,483,498,521,521,654,654,672,751,563,580,501,501,537,537,537,537,537,567,567,607,607,622],"floor_reached":51,"playtime":5343,"items_purged":["Regret","Voices","hexamod:Haunted"],"score":930,"play_id":"a91e269e-8215-4278-996c-c0714ffd85df","local_time":"20201224113013","is_ascension_mode":false,"campfire_choices":[{"data":"Shade:OpenGraves","floor":6,"key":"SMITH"},{"data":"Shade:OpenGraves","floor":8,"key":"SMITH"},{"data":"Shade:CommandSoldier","floor":13,"key":"SMITH"},{"data":"Shade:AnimateDead","floor":15,"key":"SMITH"},{"data":"Shade:OpenGraves","floor":23,"key":"SMITH"},{"data":"Shade:SpectralStrikes","floor":25,"key":"SMITH"},{"floor":32,"key":"DIG"},{"data":"Shade:UnbarTheGrave","floor":40,"key":"SMITH"},{"data":"Shade:OfferingToTheBeyond","floor":42,"key":"SMITH"},{"floor":47,"key":"REST"},{"floor":49,"key":"REST"}],"circlet_count":0,"master_deck":["Shade:Strike_Shade","Shade:Strike_Shade","Shade:Strike_Shade","Shade:Strike_Shade","Shade:Defend_Shade","Shade:Defend_Shade","Shade:Defend_Shade","Shade:Defend_Shade","Shade:AnimateDead+1","Shade:CarefulCut","Shade:OpenGraves+1","Shade:Premonition+1","Shade:WallOfFlesh","Shade:OpenGraves+1","Shade:GraveStillness","Shade:GraveStillness","Shade:ExtraLimbs","Shade:Frenzy","Shade:Bite_Shade","Sickly","Shade:CommandSoldier+1","Shade:Coordination","hubris:Disease","Shade:UnbarTheGrave+1","Shade:FleshOffering","Shade:OpenGraves+1","Shade:PressTheAttack","hubris:Gluttony","Shade:LyeBath","Shade:Carnophage","Shade:SpectralStrikes+1","Shade:ClawBack","ReplayTheSpireMod:Restless Dread","Shade:RavenousHorde+1","Shade:Frenzy+1","Shade:OpenGraves","Shade:OfferingToTheBeyond+1","Shade:SoulPierce","Shade:CloudOfShrapnel","Shade:FleshToFlesh+1","hubris:Envy","Shade:Carnophage","Shade:Trample","Shade:FreshBones+1","Shade:PoundOfFlesh+1","Shade:CommandSoldier","Shade:UnbarTheGrave","Shade:SkeletonArmy","hubris:Greed"],"relics":["Shade:YorickSkull","HushsDoor","BelialBook","Ginger","Membership Card","BlankCard","halation:Toothbrush","Ring of Greed","halation:IllGainedPizza","Smiling Mask","Ring of Panic","hubris:Icosahedron","Darkstone Periapt","Lantern","infinitespire:Golems Mask","NineVolt","HowToJump","construct:ClawGrip","GuppysCollar","Mango","aspiration:FrozenJewel","Dream Catcher","hubris:TenFootPole","halation:AfternoonTea","aspiration:FutureDiary","GuppysTail","CCEMRelics:SpiritsEdge","Bottled Lightning","hubris:Spice","CCEMRelics:HistoryBook","Centennial Puzzle"],"acts_visited":["Exordium","TheCity","TheBeyond"],"potions_floor_usage":[16,16,50],"damage_taken":[{"damage":0,"enemies":"Jaw Worm","floor":1,"turns":6},{"damage":3,"enemies":"3 Sentries","floor":7,"turns":5},{"damage":0,"enemies":"2 Louse","floor":10,"turns":2},{"damage":2,"enemies":"conspire:RoseBush","floor":11,"turns":4},{"damage":0,"enemies":"Lagavulin","floor":14,"turns":6},{"damage":8,"enemies":"The Guardian","floor":16,"turns":14},{"damage":0,"enemies":"2 Thieves","floor":18,"turns":3},{"damage":0,"enemies":"Spheric Guardian","floor":20,"turns":4},{"damage":0,"enemies":"Snake Plant","floor":21,"turns":3},{"damage":0,"enemies":"conspire:HollyBat","floor":22,"turns":7},{"damage":0,"enemies":"Centurion and Healer","floor":24,"turns":5},{"damage":9,"enemies":"Gremlin Leader","floor":27,"turns":5},{"damage":9,"enemies":"Snake Plant","floor":28,"turns":4},{"damage":3,"enemies":"Book of Stabbing","floor":29,"turns":4},{"damage":2,"enemies":"conspire:HollyBat","floor":30,"turns":7},{"damage":0,"enemies":"Sentry and Sphere","floor":31,"turns":4},{"damage":0,"enemies":"conspire:MysteriousRune","floor":33,"turns":9},{"damage":0,"enemies":"Orb Walker","floor":35,"turns":5},{"damage":11,"enemies":"3 Darklings","floor":38,"turns":4},{"damage":0,"enemies":"Maw","floor":39,"turns":6},{"damage":57,"enemies":"Nightmare","floor":41,"turns":9},{"damage":27,"enemies":"4 Shapes","floor":46,"turns":5},{"damage":13,"enemies":"Reptomancer","floor":48,"turns":6},{"damage":11,"enemies":"Replay:Hell Engine","floor":50,"turns":9}],"seed_played":"-7474871894893475095","potions_obtained":[{"floor":7,"key":"Guardian:BlockOnCardUsePotion"},{"floor":11,"key":"EssenceOfSteel"},{"floor":14,"key":"Energy Potion"},{"floor":18,"key":"BlessingOfTheForge"},{"floor":28,"key":"Cursed Concoction"},{"floor":30,"key":"FairyPotion"}],"is_trial":false,"path_per_floor":["M","?","?","?","T","R","E","R","T","M","M","$","R","E","R","B",null,"M","AVR","M","M","M","R","M","R","T","E","M","E","M","M","R_BF","B",null,"M","?","$","M","M","R","NM","R","T","AVR","?","M","R","E","R","B",null],"character_chosen":"SHADE","items_purchased":["Shade:OpenGraves","Shade:Premonition+1","Ginger","Membership Card","Shade:WallOfFlesh","Shade:OpenGraves","Shade:GraveStillness","infinitespire:Golems Mask","NineVolt","Shade:FleshOffering","Shade:OpenGraves","GuppysCollar","GuppysTail","Shade:CloudOfShrapnel","CCEMRelics:SpiritsEdge","Shade:Carnophage","Shade:Trample"],"campfire_rested":2,"item_purchase_floors":[0,0,0,0,0,0,0,12,12,17,17,17,34,34,37,37,37],"current_hp_per_floor":[51,51,51,51,51,51,48,48,48,48,52,58,58,62,62,64,64,64,78,84,84,84,84,84,84,84,81,72,75,73,75,75,81,89,89,88,91,80,85,85,30,30,38,38,38,11,43,47,79,91],"gold":622,"neow_bonus":"","is_daily":false,"chose_seed":false,"campfire_upgraded":8,"win_rate":0.0,"timestamp":1608805813,"path_taken":["M","?","?","?","?","R","E","R","T","?","M","?","R","E","R","BOSS","M","AVR","M","M","?","R","M","R","T","E","M","E","M","M","R_BF","BOSS","M","?","$","M","M","R","NM","R","T","AVR","?","M","R","E","R","BOSS"],"items_purchased_type":["Card","Card","Relic","Relic","Card","Card","Card","Relic","Relic","Card","Card","Relic","Relic","Card","Relic","Card","Card"],"build_version":"2020-12-22","purchased_purges":3,"victory":true,"max_hp_per_floor":[65,65,65,65,65,65,65,65,65,65,71,77,77,77,77,83,64,64,78,84,84,84,84,84,84,84,90,90,96,96,96,96,102,89,89,95,98,98,101,101,101,101,109,109,109,109,109,109,109,115],"card_choices":[{"not_picked":[],"picked":"Bomb","floor":0},{"not_picked":["Shade:CoffinDance","Shade:FuneraryArmor"],"picked":"Shade:ExtraLimbs","floor":1},{"not_picked":["Shade:TouchOfTheGrave","Shade:FuneraryArmor"],"picked":"Shade:Frenzy","floor":7},{"not_picked":["Bomb","Shade:FleshToFlesh"],"picked":"Shade:Bite_Shade","floor":10},{"not_picked":["Shade:GreyBargain","Shade:CallOfTheGrave"],"picked":"Shade:CommandSoldier","floor":11},{"not_picked":["Shade:Bonestorm","Bomb"],"picked":"Shade:Coordination","floor":14},{"not_picked":["Shade:SoulPierce","Shade:Consume"],"picked":"Shade:UnbarTheGrave","floor":16},{"not_picked":["Shade:WallOfFlesh","Shade:StitchTogether"],"picked":"Shade:PressTheAttack","floor":18},{"not_picked":["Shade:ScuttlingHand+1","Shade:Premonition"],"picked":"Shade:LyeBath","floor":20},{"not_picked":["Shade:Frenzy","Shade:BoneShards"],"picked":"Shade:Carnophage","floor":21},{"not_picked":["Shade:FeralStrike","Shade:AblativeArmor+1"],"picked":"Shade:SpectralStrikes","floor":22},{"not_picked":["Shade:RitualOffering","Shade:SensePrey"],"picked":"Shade:ClawBack","floor":24},{"not_picked":["Shade:SelfBurial","Shade:SoulToxin"],"picked":"Shade:RavenousHorde+1","floor":27},{"not_picked":["Shade:Excise","Shade:ExtraLimbs","Shade:Brains"],"picked":"SKIP","floor":28},{"not_picked":["Shade:DangerousRitual+1","Shade:GreyBargain"],"picked":"Shade:Frenzy+1","floor":29},{"not_picked":["Shade:GreyBargain","Shade:Bonestorm"],"picked":"Shade:OpenGraves","floor":30},{"not_picked":["Shade:FeralStrike+1","Shade:Frenzy"],"picked":"Shade:OfferingToTheBeyond","floor":31},{"not_picked":["Shade:LastGasp","Shade:OminousRitual"],"picked":"Shade:SoulPierce","floor":33},{"not_picked":["Shade:AncientSpear+1","Shade:FingerOfDeath+1"],"picked":"Shade:FleshToFlesh+1","floor":35},{"not_picked":["Shade:Bonestorm+1","Shade:FleshToFlesh"],"picked":"Shade:FreshBones+1","floor":38},{"not_picked":["Shade:CommandSoldier","Shade:AblativeArmor","Shade:ExtraLimbs+1"],"picked":"SKIP","floor":39},{"not_picked":["Shade:SpontaneousRitual","Shade:PressTheAttack+1"],"picked":"Shade:PoundOfFlesh+1","floor":41},{"not_picked":["Shade:CallOfTheGrave","Shade:CommandSoldier","Shade:FingerOfDeath+1"],"picked":"SKIP","floor":46},{"not_picked":["Shade:DangerousRitual","Shade:SanguineRitual"],"picked":"Shade:CommandSoldier","floor":47},{"not_picked":["Shade:FleshToFlesh","Shade:GraveStillness+1"],"picked":"Shade:UnbarTheGrave","floor":48},{"not_picked":["Shade:Frenzy+1","Shade:AncientSpear+1"],"picked":"Shade:SkeletonArmy","floor":49}],"player_experience":327228,"relics_obtained":[{"floor":3,"key":"Ring of Greed"},{"floor":3,"key":"halation:IllGainedPizza"},{"floor":3,"key":"Smiling Mask"},{"floor":3,"key":"Ring of Panic"},{"floor":5,"key":"Darkstone Periapt"},{"floor":7,"key":"Lantern"},{"floor":14,"key":"HowToJump"},{"floor":26,"key":"aspiration:FrozenJewel"},{"floor":27,"key":"Dream Catcher"},{"floor":29,"key":"hubris:TenFootPole"},{"floor":32,"key":"halation:AfternoonTea"},{"floor":41,"key":"Bottled Lightning"},{"floor":43,"key":"hubris:Spice"},{"floor":48,"key":"Centennial Puzzle"}],"event_choices":[{"damage_healed":0,"gold_gain":0,"player_choice":"Box","damage_taken":0,"relics_obtained":["halation:Toothbrush"],"max_hp_gain":0,"max_hp_loss":0,"event_name":"Big Fish","floor":2,"gold_loss":0,"cards_obtained":["Regret"]}],"is_beta":false,"boss_relics":[{"not_picked":["Sozu","halation:Prosthetics"],"picked":"construct:ClawGrip"},{"not_picked":[]},{"not_picked":["Replay:Grab Bag","halation:SmartPhone"],"picked":"aspiration:FutureDiary"},{"not_picked":[]}],"items_purged_floors":[12,12,37],"is_endless":false,"potions_floor_spawned":[7,11,14,18,28,29,30,33,38,41,46,48],"ascension_level":0}}