{"host":"evok2ztcuz289k61","time":1608832215,"event":{"mods":["BaseMod","Colored Map","Downfall","Minty Spire (QoL Compilation)","StSLib"],"gold_per_floor":[99,199,213,125,145,156,156,156,181,191,41,41,52,77,93,194,194,194,194,194,194,194,179,179,179,179,89,89,89,89,89,89,89,89,89,89,89,89,89,89,89,89,89,89,89,89,89,89,89,89,89,89,35,35,35],"floor_reached":56,"playtime":3745,"items_purged":["Writhe"],"score":1211,"play_id":"a1486ce2-803c-421c-a15a-c941e9472062","local_time":"20201224125015","is_ascension_mode":false,"campfire_choices":[{"data":"champ:Taunt","floor":1,"key":"SMITH"},{"data":"champ:HeartStrike","floor":8,"key":"SMITH"},{"floor":12,"key":"RECALL"},{"data":"champ:Aggression","floor":18,"key":"SMITH"},{"data":"champ:StanceDance","floor":30,"key":"SMITH"},{"data":"champ:Improvising","floor":35,"key":"SMITH"},{"data":"expansioncontent:DecasProtection","floor":54,"key":"SMITH"}],"circlet_count":0,"master_deck":["champ:Strike","champ:Strike","champ:Strike+1","champ:Strike+1","champ:Defend","champ:Defend","champ:Defend","champ:Defend","champ:Execute","champ:Taunt+1","champ:StanceDance+1","champ:BerserkersShout","champ:FocusedBerserking","champ:HeartStrike+1","champ:GutPunch+1","champ:GutPunch+1","champ:Aggression+1","champ:CheapShot+1","champ:VampiricStrike+1","champ:RecklessLeap+1","champ:BerserkerStyle","champ:Control+1","champ:BringItOn","champ:AdrenalArmor+1","champ:DeathBlow+1","champ:Encircle+1","champ:Improvising+1","champ:LastStand","champ:ArenaPreparation+1","champ:Aggression+1","expansioncontent:DecasProtection+1","champ:AdrenalArmor"],"relics":["SlaversCollar","Molten Egg 2","Blue Candle","Pen Nib","downfall:Hecktoplasm","downfall:HeartBlessingRed","Ancient Tea Set","Gambling Chip","downfall:HeartBlessingGreen","downfall:HeartBlessingBlue","Black Star","Ginger","Mango","Kunai","MealTicket","Whetstone","Unceasing Top","Orichalcum"],"acts_visited":["Exordium","TheCity","TheBeyond","TheEnding"],"potions_floor_usage":[29,33,40,55,55],"damage_taken":[{"damage":0,"enemies":"2 Louse","floor":3,"turns":4},{"damage":10,"enemies":"downfall:FleeingMerchant","floor":4,"turns":4},{"damage":36,"enemies":"Jaw Worm","floor":5,"turns":4},{"damage":27,"enemies":"Cultist","floor":6,"turns":3},{"damage":83,"enemies":"Lagavulin","floor":9,"turns":7},{"damage":32,"enemies":"Blue Slaver","floor":10,"turns":2},{"damage":38,"enemies":"Large Slime","floor":13,"turns":5},{"damage":74,"enemies":"3 Sentries","floor":14,"turns":5},{"damage":21,"enemies":"3 Louse","floor":15,"turns":5},{"damage":63,"enemies":"downfall:Defect","floor":16,"turns":4},{"damage":53,"enemies":"Chosen","floor":19,"turns":4},{"damage":53,"enemies":"Snake Plant","floor":20,"turns":2},{"damage":52,"enemies":"Centurion and Healer","floor":21,"turns":5},{"damage":41,"enemies":"3 Cultists","floor":22,"turns":4},{"damage":78,"enemies":"downfall:FleeingMerchant","floor":23,"turns":5},{"damage":54,"enemies":"Chosen and Byrds","floor":25,"turns":4},{"damage":83,"enemies":"downfall:FleeingMerchant","floor":27,"turns":4},{"damage":48,"enemies":"Snecko","floor":28,"turns":3},{"damage":97,"enemies":"Slavers","floor":29,"turns":4},{"damage":44,"enemies":"Centurion and Healer","floor":32,"turns":3},{"damage":78,"enemies":"downfall:Ironclad","floor":33,"turns":3},{"damage":50,"enemies":"Orb Walker","floor":36,"turns":2},{"damage":97,"enemies":"3 Darklings","floor":37,"turns":4},{"damage":108,"enemies":"Mind Bloom Boss Battle","floor":38,"turns":6},{"damage":96,"enemies":"Transient","floor":39,"turns":5},{"damage":81,"enemies":"Writhing Mass","floor":40,"turns":5},{"damage":79,"enemies":"Giant Head","floor":44,"turns":5},{"damage":4,"enemies":"downfall:FleeingMerchant","floor":46,"turns":1},{"damage":61,"enemies":"Maw","floor":49,"turns":4},{"damage":118,"enemies":"downfall:Silent","floor":50,"turns":4},{"damage":175,"enemies":"downfall:CharBossMerchant","floor":52,"turns":6},{"damage":285,"enemies":"downfall:NeowBoss","floor":55,"turns":15}],"seed_played":"-8726674280101764113","potions_obtained":[{"floor":5,"key":"FairyPotion"},{"floor":9,"key":"SpeedPotion"},{"floor":10,"key":"BlessingOfTheForge"},{"floor":13,"key":"Swift Potion"},{"floor":20,"key":"SteroidPotion"},{"floor":29,"key":"DistilledChaos"},{"floor":38,"key":"Fruit Juice"},{"floor":40,"key":"SkillPotion"}],"is_trial":false,"path_per_floor":["R","?","M","$","M","M","T","R","E","M","?","R","M","E","M","B",null,"R","M","M","M","M","$","T","M","?","$","M","E","R","?","M","B",null,"R","M","M","?","M","M","T","?","?","E","?","$","?","$","M","B",null,"E","$","R","B",null],"character_chosen":"THE_CHAMP","items_purchased":["champ:FocusedBerserking","champ:AdrenalArmor"],"campfire_rested":0,"item_purchase_floors":[4,53],"current_hp_per_floor":[90,90,90,90,72,66,66,66,40,28,100,100,88,67,57,34,105,105,98,95,99,91,105,105,100,100,105,102,98,108,84,69,42,120,120,113,90,119,119,124,138,138,138,137,137,139,139,139,139,118,139,108,123,123,89],"gold":35,"neow_bonus":"BOSS_RELIC","is_daily":false,"chose_seed":false,"campfire_upgraded":6,"win_rate":0.0,"timestamp":1608832215,"path_taken":["R","?","M","$","M","M","T","R","E","M","?","R","M","E","M","BOSS","R","M","M","?","M","$","T","M","?","$","M","E","R","?","M","BOSS","R","M","M","?","M","M","T","?","?","E","?","?","?","$","M","BOSS","E","$","R","BOSS"],"items_purchased_type":["Card","Card"],"build_version":"2020-12-22","purchased_purges":1,"victory":true,"max_hp_per_floor":[90,90,90,90,90,90,90,90,90,90,100,100,100,105,105,105,105,105,105,105,105,105,105,105,105,105,105,105,105,115,120,120,120,120,120,120,120,120,120,125,139,139,139,139,139,139,139,139,139,139,139,139,139,139,139],"card_choices":[{"not_picked":["champ:Backstep","champ:CrookedStrike"],"picked":"champ:StanceDance","floor":3},{"not_picked":["champ:RageSigil","champ:CrookedStrike"],"picked":"champ:BerserkersShout","floor":4},{"not_picked":["champ:TornadoPunch","champ:CrookedStrike"],"picked":"champ:RecklessLeap","floor":5},{"not_picked":["champ:DefensiveShout","champ:Circumvent"],"picked":"champ:HeartStrike","floor":6},{"not_picked":["champ:MurderStrike+1","champ:BladeFlurry+1"],"picked":"champ:GutPunch+1","floor":9},{"not_picked":["champ:PerfectedStrike+1","champ:RageSigil"],"picked":"champ:GutPunch+1","floor":10},{"not_picked":["champ:GutPunch+1","champ:FanOfKnives+1"],"picked":"champ:FightOn","floor":13},{"not_picked":["champ:FlashCut+1","champ:Circumvent"],"picked":"champ:Aggression","floor":14},{"not_picked":["champ:Circumvent","champ:CrookedStrike+1"],"picked":"champ:CheapShot+1","floor":15},{"not_picked":["champ:ShieldSlam+1","champ:EnchantShield"],"picked":"champ:VampiricStrike+1","floor":16},{"not_picked":["champ:FocusedDefense","champ:BringItOn"],"picked":"champ:RecklessLeap+1","floor":19},{"not_picked":["champ:Riposte","champ:TornadoPunch+1"],"picked":"champ:BerserkerStyle","floor":20},{"not_picked":["champ:GladiatorsShout","champ:BringItOn"],"picked":"champ:Control+1","floor":21},{"not_picked":["champ:BladeFlurry+1","champ:GladiatorsShout"],"picked":"champ:BringItOn","floor":22},{"not_picked":["champ:PerfectedStrike+1","champ:TornadoPunch+1"],"picked":"champ:AdrenalArmor+1","floor":23},{"not_picked":["champ:BringItOn+1","champ:BladeFlurry+1"],"picked":"champ:DeathBlow+1","floor":25},{"not_picked":["champ:Backstep","champ:FightOn"],"picked":"champ:Encircle+1","floor":27},{"not_picked":["champ:GutPunch+1","champ:HoldFirm","champ:StanceDance+1"],"picked":"SKIP","floor":28},{"not_picked":["champ:FanOfKnives+1","champ:GutPunch+1","champ:RageSigil"],"picked":"SKIP","floor":29},{"not_picked":["champ:Control","champ:FanOfKnives+1"],"picked":"champ:Improvising","floor":32},{"not_picked":["champ:CrownThrow+1","champ:SwordThrow+1"],"picked":"champ:LastStand","floor":33},{"not_picked":["champ:RageSigil+1","champ:FanOfKnives+1","champ:PerfectedStrike+1"],"picked":"SKIP","floor":36},{"not_picked":["champ:StanceDance","champ:ShieldSigil","champ:EnragedBash+1"],"picked":"SKIP","floor":37},{"not_picked":["champ:BerserkersShout+1","champ:FocusedBerserking+1"],"picked":"champ:ArenaPreparation+1","floor":38},{"not_picked":["champ:BringItOn+1","champ:ArenaPreparation","champ:IronFortress"],"picked":"SKIP","floor":39},{"not_picked":["champ:TornadoPunch+1","champ:BerserkersShout+1","champ:RageSigil+1"],"picked":"SKIP","floor":40},{"not_picked":["champ:VampiricStrike+1","champ:PerfectedStrike+1"],"picked":"champ:Aggression+1","floor":44},{"not_picked":["champ:DefensiveShout+1","champ:FanOfKnives+1","champ:RageSigil+1"],"picked":"SKIP","floor":46},{"not_picked":["expansioncontent:DarkVoid+1","expansioncontent:PolyBeam+1"],"picked":"expansioncontent:DecasProtection","floor":47},{"not_picked":["champ:Backstep","champ:CrookedStrike+1","champ:ShieldWall"],"picked":"SKIP","floor":49},{"not_picked":["champ:GladiatorsShout+1","champ:Circumvent+1","champ:FlashCut+1"],"picked":"SKIP","floor":52}],"player_experience":314451,"relics_obtained":[{"floor":7,"key":"Molten Egg 2"},{"floor":9,"key":"Blue Candle"},{"floor":14,"key":"Pen Nib"},{"floor":29,"key":"Gambling Chip"},{"floor":38,"key":"Ginger"},{"floor":41,"key":"Mango"},{"floor":43,"key":"Kunai"},{"floor":44,"key":"MealTicket"},{"floor":44,"key":"Whetstone"},{"floor":52,"key":"Unceasing Top"},{"floor":52,"key":"Orichalcum"}],"event_choices":[{"cards_removed":["champ:RecklessLeap"],"damage_healed":0,"gold_gain":0,"player_choice":"Removed Attack","damage_taken":0,"max_hp_gain":0,"max_hp_loss":0,"event_name":"Falling","floor":42,"gold_loss":0}],"is_beta":false,"boss_relics":[{"not_picked":["Tiny House","Busted Crown"],"picked":"downfall:Hecktoplasm"},{"not_picked":["Astrolabe","Runic Pyramid"],"picked":"Black Star"}],"items_purged_floors":[27],"is_endless":false,"potions_floor_spawned":[5,9,10,13,15,20,21,28,29,38,39,40],"ascension_level":0}}