{"host":"rmsq46plbpwfbxcc","time":1608823346,"event":{"mods":["AchievementEnabler","BaseMod","Colored Map","DeckTracker","Minty Spire (QoL Compilation)","Permanent Neow","SuperFastMode"],"gold_per_floor":[114,134,134,154,79,79,105,125,125,160,160,174,206,225,225,298,298,317,317,305,305,315,315,329,363,363,363,382,148,148,118,118,118,118],"floor_reached":33,"playtime":1022,"items_purged":["Defend_G+1"],"score":562,"play_id":"df3d806d-736d-419b-b614-007f6bcfe6f7","local_time":"20201225002226","is_ascension_mode":true,"campfire_choices":[{"data":"Neutralize","floor":6.0,"key":"SMITH"},{"data":"Blade Dance","floor":11.0,"key":"SMITH"},{"data":"Blade Dance","floor":15.0,"key":"SMITH"},{"data":"Burst","floor":23,"key":"SMITH"},{"floor":27,"key":"DIG"},{"data":"Phantasmal Killer","floor":30,"key":"SMITH"},{"data":"Accuracy","floor":32,"key":"SMITH"}],"circlet_count":0,"master_deck":["AscendersBane","Strike_G+1","Strike_G+1","Strike_G+1","Defend_G+1","Defend_G+1","Defend_G+1","Survivor","Neutralize+1","Backstab","Dash","Dagger Spray","Blur","Blade Dance+1","Blade Dance+1","PiercingWail","Burst+1","Acrobatics","Backflip","Phantasmal Killer+1","Accuracy+1"],"relics":["Coffee Dripper","Torii","Pocketwatch","Shovel","Strawberry","Empty Cage","Orichalcum","The Specimen","CeramicFish","PreservedInsect"],"acts_visited":["Exordium","TheCity"],"potions_floor_usage":[22,25,25],"damage_taken":[{"damage":0.0,"enemies":"2 Louse","floor":1.0,"turns":3.0},{"damage":0.0,"enemies":"Jaw Worm","floor":2.0,"turns":4.0},{"damage":0.0,"enemies":"Cultist","floor":4.0,"turns":5.0},{"damage":10.0,"enemies":"Gremlin Nob","floor":7.0,"turns":6.0},{"damage":0.0,"enemies":"Red Slaver","floor":8.0,"turns":3.0},{"damage":0.0,"enemies":"3 Sentries","floor":10.0,"turns":8.0},{"damage":0.0,"enemies":"Large Slime","floor":12.0,"turns":5.0},{"damage":1.0,"enemies":"Lagavulin","floor":13.0,"turns":5.0},{"damage":0.0,"enemies":"3 Louse","floor":14.0,"turns":3.0},{"damage":1.0,"enemies":"Hexaghost","floor":16.0,"turns":11.0},{"damage":7.0,"enemies":"Chosen","floor":18.0,"turns":5.0},{"damage":2,"enemies":"2 Thieves","floor":20,"turns":4},{"damage":0,"enemies":"3 Cultists","floor":22,"turns":4},{"damage":9,"enemies":"Sentry and Sphere","floor":24,"turns":5},{"damage":10,"enemies":"Slavers","floor":25,"turns":7},{"damage":3,"enemies":"Centurion and Healer","floor":28,"turns":7},{"damage":39,"enemies":"Automaton","floor":33,"turns":8}],"seed_played":"964732316853744411","potions_obtained":[{"floor":4.0,"key":"Weak Potion"},{"floor":10.0,"key":"SmokeBomb"},{"floor":12.0,"key":"ColorlessPotion"},{"floor":13.0,"key":"ColorlessPotion"},{"floor":18.0,"key":"Weak Potion"},{"floor":20,"key":"AttackPotion"},{"floor":24,"key":"Ancient Potion"}],"is_trial":false,"path_per_floor":["M","M","?","M","?","R","E","M","T","E","R","M","E","M","R","B",null,"M","?","M","T","M","R","M","E","T","R","M","$","R","$","R","B"],"character_chosen":"THE_SILENT","items_purchased":["Phantasmal Killer","Accuracy"],"campfire_rested":0,"item_purchase_floors":[29,31],"current_hp_per_floor":[59,59,59,59,59,59,49,49,49,49,49,49,55,55,55,54,68,61,61,59,59,59,59,50,40,40,40,37,37,37,37,37,0,0],"gold":118,"neow_bonus":"BOSS_RELIC","is_daily":false,"chose_seed":false,"campfire_upgraded":6,"win_rate":0.0,"timestamp":1608823346,"path_taken":["M","M","?","M","?","R","E","M","T","E","R","M","E","M","R","BOSS","M","?","M","?","M","R","M","E","T","R","?","?","R","$","R","BOSS"],"items_purchased_type":["Card","Card"],"build_version":"2020-12-22","purchased_purges":1,"victory":false,"max_hp_per_floor":[66,66,66,66,66,66,66,66,66,66,66,66,73,73,73,73,73,73,73,73,73,73,73,73,73,73,73,73,73,73,73,73,73,73],"card_choices":[{"not_picked":["Dodge and Roll","Quick Slash"],"picked":"Backstab","floor":1.0},{"not_picked":["Reflex","Infinite Blades","Well Laid Plans"],"picked":"SKIP","floor":2.0},{"not_picked":["Quick Slash","Bane"],"picked":"Dash","floor":4.0},{"not_picked":["Prepared","Slice"],"picked":"Dagger Spray","floor":7.0},{"not_picked":["Outmaneuver","Masterful Stab"],"picked":"Blur","floor":8.0},{"not_picked":["Footwork","Phantasmal Killer"],"picked":"Blade Dance","floor":10.0},{"not_picked":["Deadly Poison","Quick Slash"],"picked":"Blade Dance","floor":12.0},{"not_picked":["Blade Dance","Bane","Backstab"],"picked":"SKIP","floor":13.0},{"not_picked":["Prepared","Blade Dance"],"picked":"PiercingWail","floor":14.0},{"not_picked":["Wraith Form v2","Tools of the Trade"],"picked":"Burst","floor":16.0},{"not_picked":["Setup","Quick Slash"],"picked":"Acrobatics","floor":18.0},{"not_picked":["Caltrops","PiercingWail","Deadly Poison"],"picked":"SKIP","floor":20},{"not_picked":["Dodge and Roll","Skewer","Leg Sweep"],"picked":"SKIP","floor":22},{"not_picked":["Acrobatics","Quick Slash","Infinite Blades"],"picked":"SKIP","floor":24},{"not_picked":["Well Laid Plans","Underhanded Strike"],"picked":"Backflip","floor":25},{"not_picked":["Quick Slash+1","Dagger Throw","Leg Sweep"],"picked":"SKIP","floor":28}],"player_experience":1369532,"relics_obtained":[{"floor":7.0,"key":"Torii"},{"floor":9.0,"key":"Pocketwatch"},{"floor":10.0,"key":"Shovel"},{"floor":13.0,"key":"Strawberry"},{"floor":21,"key":"Orichalcum"},{"floor":25,"key":"The Specimen"},{"floor":26,"key":"CeramicFish"},{"floor":27,"key":"PreservedInsect"}],"event_choices":[{"damage_healed":0.0,"max_hp_gain":0.0,"max_hp_loss":0.0,"gold_gain":0.0,"event_name":"Liars Game","player_choice":"Ignored","floor":3.0,"gold_loss":0.0,"damage_taken":0.0},{"cards_removed":["Strike_G"],"damage_healed":0.0,"max_hp_gain":0.0,"max_hp_loss":0.0,"gold_gain":0.0,"event_name":"The Cleric","player_choice":"Card Removal","floor":5.0,"gold_loss":75.0,"damage_taken":0.0},{"damage_healed":0.0,"max_hp_gain":0.0,"max_hp_loss":0.0,"gold_gain":0.0,"event_name":"Back to Basics","player_choice":"Simplicity","floor":19.0,"gold_loss":0.0,"damage_taken":0.0,"cards_upgraded":["Strike_G","Strike_G","Strike_G","Defend_G","Defend_G","Defend_G","Defend_G"]}],"is_beta":false,"boss_relics":[{"not_picked":["SlaversCollar","Pandora\u0027s Box"],"picked":"Empty Cage"}],"items_purged_floors":[29],"is_endless":false,"potions_floor_spawned":[4,10,12,13,18,20,24],"killed_by":"Automaton","ascension_level":16}}