{"host":"4xikrlo049sozq0n","time":1608780083,"event":{"mods":["AchievementEnabler","BaseMod","BetterRewards","Challenge The Spire","Colored Powertips","Downfall","Energized Spire","Highlight Path","Hubris","Minty Spire (QoL Compilation)","Permanent Neow","Quick Restart","Relic Filter","Relic Sorter","Remove Card Discount Mod","Replay The Spire","StSLib","SuperFastMode","Synergy Search"],"gold_per_floor":[110,121,135,150,150,150,174,17,17,17,17,17,27,27,27],"floor_reached":14,"playtime":587,"items_purged":["Steam","Strike_B","Defend_B"],"score":112,"play_id":"26e96238-698b-4873-bb47-40c83a06ecb5","local_time":"20201223222123","is_ascension_mode":true,"campfire_choices":[{"data":"Capacitor","floor":6,"key":"SMITH"},{"floor":12,"key":"REST"}],"circlet_count":0,"master_deck":["Strike_B","Strike_B","Defend_B","Defend_B","Defend_B","Zap","Dualcast","Coolheaded","White Noise+1","Capacitor+1","Gash"],"relics":["Cracked Core","NeowsBlessing","Odd Mushroom","Sling","Dead Branch"],"acts_visited":["Exordium"],"potions_floor_usage":[7,14],"damage_taken":[{"damage":0,"enemies":"Cultist","floor":1,"turns":1},{"damage":0,"enemies":"Jaw Worm","floor":2,"turns":1},{"damage":0,"enemies":"Small Slimes","floor":3,"turns":1},{"damage":20,"enemies":"Blue Slaver","floor":4,"turns":3},{"damage":25,"enemies":"The Mushroom Lair","floor":7,"turns":5},{"damage":6,"enemies":"Red Slaver","floor":13,"turns":4},{"damage":35,"enemies":"Replay:BlueRogue","floor":14,"turns":7}],"seed_played":"-3366867286914686157","potions_obtained":[{"floor":3,"key":"Adrenaline Potion"},{"floor":13,"key":"Swift Potion"}],"is_trial":false,"path_per_floor":["M","M","M","M","?","R","?","$","T","$","?","R","M","E"],"character_chosen":"DEFECT","items_purchased":["Sling"],"campfire_rested":1,"item_purchase_floors":[8],"current_hp_per_floor":[68,68,68,48,41,41,16,16,16,16,16,38,32,0,0],"gold":27,"neow_bonus":"THREE_ENEMY_KILL","is_daily":false,"chose_seed":false,"campfire_upgraded":1,"win_rate":0.0,"timestamp":1608780083,"path_taken":["M","?","M","M","?","R","?","$","T","$","?","R","M","E"],"items_purchased_type":["Relic"],"build_version":"2020-12-22","purchased_purges":3,"victory":false,"max_hp_per_floor":[75,75,75,75,75,75,75,75,75,75,75,75,75,75,75],"card_choices":[{"not_picked":["Beam Cell","Steam"],"picked":"Coolheaded","floor":1},{"not_picked":["Sunder","Coolheaded"],"picked":"White Noise","floor":2},{"not_picked":["ReplayTheSpireMod:Calculation Training","Lockon"],"picked":"Steam","floor":3},{"not_picked":["Skim","Crystallizer"],"picked":"Capacitor","floor":4},{"not_picked":["Glacier","Rebound"],"picked":"Gash","floor":13}],"player_experience":908515,"relics_obtained":[{"floor":7,"key":"Odd Mushroom"},{"floor":9,"key":"Dead Branch"}],"event_choices":[{"cards_removed":["Strike_B"],"damage_healed":0,"gold_gain":0,"player_choice":"Card Removal","damage_taken":7,"max_hp_gain":0,"max_hp_loss":0,"event_name":"Golden Wing","floor":5,"gold_loss":0},{"damage_healed":0,"gold_gain":0,"player_choice":"Fought Mushrooms","damage_taken":0,"max_hp_gain":0,"max_hp_loss":0,"event_name":"Mushrooms","floor":7,"gold_loss":0},{"damage_healed":0,"gold_gain":0,"player_choice":"Grow","damage_taken":0,"max_hp_gain":0,"max_hp_loss":0,"event_name":"Living Wall","floor":11,"gold_loss":0,"cards_upgraded":["White Noise"]}],"is_beta":false,"boss_relics":[],"items_purged_floors":[8,8,8],"is_endless":false,"potions_floor_spawned":[3,13],"killed_by":"Replay:BlueRogue","ascension_level":8}}