{"host":"g8cjtrzc5lau3ahr","time":1608779569,"event":{"mods":["2.2 Compatiblity","AchievementEnabler","Act Like it!","BaseMod","Bestiary","BetterRewards","CapriCore","Card Forge","ChefMod","Colored Map","Downfall","Friendly Minions","GifTheSpireLib","HexUI Lib","Infinite Spire","Ironclad Rager","Jedi Mod","Minty Spire (QoL Compilation)","Relic Stats","Retaliation","Robot Space Explorer","Shop Mod","StSLib","Stuff the Spire","The Dragon Tamer"],"gold_per_floor":[115,115,115,135,153,153,186,186,186,186,200,227,242,261,261,360,360,371,371],"floor_reached":18,"playtime":1393,"items_purged":[],"score":249,"play_id":"f77c2f7f-5436-4eed-a6cd-8f0c1334afa1","local_time":"20201223211249","is_ascension_mode":false,"campfire_choices":[{"floor":6,"key":"RECALL"},{"floor":10,"key":"REST"},{"floor":15,"key":"REST"}],"circlet_count":0,"master_deck":["chefmod:QuickChop+1","chefmod:CapreseSalad+1","chefmod:VegetableTart+1","chefmod:ZaruSoba+1","chefmod:TonkotsuRamen+1","chefmod:SpaghettiCarbonara+1","chefmod:RisingDough+1","chefmod:RaidPantry+1","chefmod:QuickThaw+1","chefmod:QuickChop+1","chefmod:OrderUp+1","chefmod:LiquidNitrogen+1","chefmod:Leftovers+1","chefmod:Julienne+1","chefmod:IcePick+1","chefmod:Gelato+1","chefmod:Granita+1","chefmod:FrozenTuna+1","chefmod:FreezerBurn+1","chefmod:FreezeSolid+1","chefmod:Fillet+1","chefmod:DoubleChop+1","chefmod:CleanHouse+1","chefmod:Chop+1","chefmod:AlooGobi+1"],"relics":["chefmod:TrustyPot","Hammer of Thor","Seething Fire","Anvil of the Gods","NeowsBlessing","Pantograph","StuffTheSpire:Gunfinga","Happy Flower","StuffTheSpire:RedRose","infinitespire:BottledMercury","StuffTheSpire:Rhapsscallions","Black Star"],"acts_visited":["Exordium","TheCity"],"potions_floor_usage":[],"damage_taken":[{"damage":0,"enemies":"Small Slimes","floor":1,"turns":1},{"damage":0,"enemies":"2 Louse","floor":4,"turns":1},{"damage":0,"enemies":"Cultist","floor":5,"turns":1},{"damage":17,"enemies":"3 Sentries","floor":7,"turns":8},{"damage":0,"enemies":"Blue Slaver","floor":11,"turns":1},{"damage":0,"enemies":"Lagavulin","floor":12,"turns":6},{"damage":5,"enemies":"Exordium Thugs","floor":13,"turns":1},{"damage":2,"enemies":"3 Louse","floor":14,"turns":3},{"damage":0,"enemies":"Slime Boss","floor":16,"turns":7},{"damage":5,"enemies":"3 Byrds","floor":18,"turns":3}],"seed_played":"-1830632525419437685","potions_obtained":[{"floor":5,"key":"SteroidPotion"},{"floor":11,"key":"Fire Potion"},{"floor":14,"key":"champ:CounterPotion"},{"floor":16,"key":"DuplicationPotion"}],"is_trial":false,"path_per_floor":["M","?","?","M","M","R","E","?","T","R","M","E","M","M","R","B",null,"M"],"character_chosen":"THE_CHEF","items_purchased":[],"campfire_rested":2,"item_purchase_floors":[],"current_hp_per_floor":[76,76,73,73,73,73,56,56,56,76,76,81,76,74,81,81,81,76,76],"gold":371,"neow_bonus":"THREE_ENEMY_KILL","is_daily":false,"chose_seed":false,"campfire_upgraded":0,"win_rate":0.0,"timestamp":1608779569,"path_taken":["M","?","?","M","M","R","E","?","T","R","?","E","M","M","R","BOSS","M"],"items_purchased_type":[],"build_version":"2020-12-22","purchased_purges":0,"victory":false,"max_hp_per_floor":[76,76,76,76,76,76,76,76,76,76,76,81,81,81,81,81,81,81,81],"relic_stats":{"Happy Flower":[7],"counters":[10,32],"Pantograph":0,"Black Star":0,"obtain_stats":[{"chefmod:TrustyPot":0,"infinitespire:BottledMercury":9,"StuffTheSpire:Gunfinga":3,"NeowsBlessing":0,"Happy Flower":7,"Anvil of the Gods":0,"StuffTheSpire:Rhapsscallions":12,"Pantograph":2,"Hammer of Thor":0,"Black Star":17,"Seething Fire":0,"StuffTheSpire:RedRose":8},{"chefmod:TrustyPot":0,"infinitespire:BottledMercury":4,"StuffTheSpire:Gunfinga":1,"NeowsBlessing":0,"Happy Flower":4,"Anvil of the Gods":0,"StuffTheSpire:Rhapsscallions":6,"Pantograph":1,"Hammer of Thor":0,"Black Star":9,"Seething Fire":0,"StuffTheSpire:RedRose":4},{"chefmod:TrustyPot":0,"infinitespire:BottledMercury":11,"StuffTheSpire:Gunfinga":1,"NeowsBlessing":0,"Happy Flower":11,"Anvil of the Gods":0,"StuffTheSpire:Rhapsscallions":18,"Pantograph":1,"Hammer of Thor":0,"Black Star":29,"Seething Fire":0,"StuffTheSpire:RedRose":11}]},"card_choices":[{"not_picked":["chefmod:Ratatouille","chefmod:DinoKale"],"picked":"chefmod:SearedScallops","floor":1},{"not_picked":["chefmod:FireUp","chefmod:FreezeSolid"],"picked":"chefmod:FreshProduce","floor":4},{"not_picked":["chefmod:Gelato","chefmod:BaoBuns"],"picked":"chefmod:CapreseSalad","floor":5},{"not_picked":["chefmod:NoSoupForYou","chefmod:BaoBuns"],"picked":"chefmod:QuickChop","floor":7},{"not_picked":["chefmod:Defrost","chefmod:Ratatouille"],"picked":"chefmod:HotSoup","floor":11},{"not_picked":["chefmod:Julienne","chefmod:GroceryDelivery"],"picked":"chefmod:Leftovers","floor":12},{"not_picked":["chefmod:NewMenu","chefmod:SliceAndDice"],"picked":"chefmod:Granita","floor":13},{"not_picked":["chefmod:Granita","chefmod:Puree"],"picked":"chefmod:Fillet","floor":14},{"not_picked":["chefmod:DeathByChocolate","chefmod:Canape"],"picked":"chefmod:Tenderizer","floor":16},{"not_picked":["chefmod:BaoBuns","chefmod:Gelato+1","chefmod:SliceAndDice"],"picked":"SKIP","floor":18}],"player_experience":448769,"relics_obtained":[{"floor":7,"key":"Happy Flower"},{"floor":9,"key":"infinitespire:BottledMercury"},{"floor":12,"key":"StuffTheSpire:Rhapsscallions"}],"event_choices":[{"damage_healed":0,"gold_gain":0,"player_choice":"Box","damage_taken":0,"relics_obtained":["Pantograph"],"max_hp_gain":0,"max_hp_loss":0,"event_name":"Big Fish","floor":2,"gold_loss":0,"cards_obtained":["Regret"]},{"damage_healed":0,"gold_gain":0,"player_choice":"Success","damage_taken":3,"relics_obtained":["StuffTheSpire:Gunfinga"],"max_hp_gain":0,"max_hp_loss":0,"event_name":"Scrap Ooze","floor":3,"gold_loss":0}],"is_beta":false,"boss_relics":[{"not_picked":["jedi:battlestandard","Astrolabe"],"picked":"Black Star"}],"items_purged_floors":[],"is_endless":false,"potions_floor_spawned":[5,11,14,16,18],"killed_by":"3 Byrds","ascension_level":0}}