{"host":"wha9hktbkslqvblg","time":1608814922,"event":{"mods":["BaseMod","Colored Map","Minty Spire (QoL Compilation)","Relic Stats","SuperFastMode","everything is the same but u backflip on backflip"],"gold_per_floor":[113,38,38,52,52,52,86,86,86,121,137,167,185,220,220,220,220],"floor_reached":16,"playtime":388,"items_purged":["Strike_R"],"score":306,"play_id":"1450c875-c5d7-4a60-8cd8-34d143574a70","local_time":"20201224220202","is_ascension_mode":true,"campfire_choices":[{"data":"Body Slam","floor":6.0,"key":"SMITH"},{"data":"Power Through","floor":8.0,"key":"SMITH"},{"data":"Flame Barrier","floor":15.0,"key":"SMITH"}],"circlet_count":0,"master_deck":["AscendersBane","Strike_R","Strike_R","Strike_R","Strike_R","Defend_R","Defend_R","Defend_R","Defend_R","Bash","Body Slam+1","Power Through+1","Iron Wave+1","Burning Pact","Pommel Strike+1","Flame Barrier+1","Dark Embrace"],"relics":["Burning Blood","NeowsBlessing","Molten Egg 2","Lizard Tail","Letter Opener","Shuriken","Bottled Flame"],"acts_visited":["Exordium"],"potions_floor_usage":[16],"damage_taken":[{"damage":0.0,"enemies":"Jaw Worm","floor":1.0,"turns":1.0},{"damage":1.0,"enemies":"2 Louse","floor":4.0,"turns":2.0},{"damage":0.0,"enemies":"Lagavulin","floor":7.0,"turns":1.0},{"damage":13.0,"enemies":"3 Sentries","floor":10.0,"turns":12.0},{"damage":0.0,"enemies":"Cultist","floor":11.0,"turns":4.0},{"damage":32.0,"enemies":"Gremlin Nob","floor":12.0,"turns":4.0},{"damage":0.0,"enemies":"Blue Slaver","floor":13.0,"turns":3.0},{"damage":21.0,"enemies":"Lagavulin","floor":14.0,"turns":5.0},{"damage":65,"enemies":"Hexaghost","floor":16,"turns":11}],"seed_played":"-8562230594737874324","potions_obtained":[{"floor":4.0,"key":"Swift Potion"},{"floor":5.0,"key":"LiquidMemories"},{"floor":10.0,"key":"Strength Potion"},{"floor":11.0,"key":"Swift Potion"},{"floor":13.0,"key":"FairyPotion"},{"floor":14.0,"key":"SpeedPotion"}],"is_trial":false,"path_per_floor":["M","$","?","M","?","R","E","R","T","E","M","E","M","E","R","B"],"character_chosen":"IRONCLAD","items_purchased":[],"campfire_rested":0,"item_purchase_floors":[],"current_hp_per_floor":[74,74,74,75,75,75,75,75,75,68,74,48,54,39,39,37,37],"gold":220,"neow_bonus":"THREE_ENEMY_KILL","is_daily":false,"chose_seed":false,"campfire_upgraded":3,"win_rate":0.0,"timestamp":1608814922,"path_taken":["M","$","?","M","?","R","E","R","T","E","M","E","?","E","R","BOSS"],"items_purchased_type":[],"build_version":"2020-12-22","purchased_purges":1,"victory":false,"max_hp_per_floor":[75,75,75,75,75,75,75,75,75,75,75,75,75,75,75,75,75],"relic_stats":{"Lizard Tail":37,"counters":[9,43],"Shuriken":[4],"Letter Opener":[0],"obtain_stats":[{"Lizard Tail":9,"Bottled Flame":14,"NeowsBlessing":0,"Shuriken":12,"Molten Egg 2":7,"Letter Opener":10,"Burning Blood":0},{"Lizard Tail":3,"Bottled Flame":8,"NeowsBlessing":0,"Shuriken":6,"Molten Egg 2":3,"Letter Opener":4,"Burning Blood":0},{"Lizard Tail":4,"Bottled Flame":32,"NeowsBlessing":0,"Shuriken":24,"Molten Egg 2":4,"Letter Opener":16,"Burning Blood":0}],"Burning Blood":38},"card_choices":[{"not_picked":["Cleave","Shrug It Off"],"picked":"Body Slam","floor":1.0},{"not_picked":["Dark Embrace","Feel No Pain"],"picked":"Power Through","floor":4.0},{"not_picked":["Headbutt+1","Shockwave"],"picked":"Iron Wave+1","floor":7.0},{"not_picked":["Disarm","Heavy Blade+1"],"picked":"Burning Pact","floor":10.0},{"not_picked":["Anger+1","Armaments"],"picked":"Pommel Strike+1","floor":11.0},{"not_picked":["True Grit","Searing Blow+1"],"picked":"Flame Barrier","floor":12.0},{"not_picked":["Thunderclap+1","True Grit","Twin Strike+1"],"picked":"SKIP","floor":13.0},{"not_picked":["Whirlwind+1","Demon Form"],"picked":"Dark Embrace","floor":14.0}],"player_experience":887200,"relics_obtained":[{"floor":7.0,"key":"Molten Egg 2"},{"floor":9.0,"key":"Lizard Tail"},{"floor":10.0,"key":"Letter Opener"},{"floor":12.0,"key":"Shuriken"},{"floor":14.0,"key":"Bottled Flame"}],"event_choices":[{"damage_healed":0.0,"max_hp_gain":0.0,"max_hp_loss":0.0,"gold_gain":0.0,"event_name":"Liars Game","player_choice":"Ignored","floor":3.0,"gold_loss":0.0,"damage_taken":0.0},{"damage_healed":0.0,"max_hp_gain":0.0,"max_hp_loss":0.0,"gold_gain":0.0,"event_name":"Lab","player_choice":"Got Potions","floor":5.0,"gold_loss":0.0,"damage_taken":0.0}],"is_beta":false,"boss_relics":[],"items_purged_floors":[2],"is_endless":false,"potions_floor_spawned":[4,10,11,13,14],"killed_by":"Hexaghost","ascension_level":20}}