{"host":"2qdrd1k0srhz2le1","time":1608784584,"event":{"mods":["ATMod(阿瑾Mod)","BaseMod","Better Vampires","Colored Powertips","Conspire","Lobotomy","Marisa（F雨　魔理沙）","Minty Spire (QoL Compilation)","MostiFishMod","Relic Stats","Replay The Spire","Robot Space Explorer","SOS（斯巴达之子）","Shop Mod","Spicy Shops","StSLib","TestMod","The Edgeheg","【东方二次创作】八云紫mod","【功能Mod】聪明的最终Boss","篝火指南"],"gold_per_floor":[111,111,111,131,150,183,11,11,65,115,140,160,178,210,17,91,91,105,105,105,118,118,118,118,148,148,179,65,85,85,115,115,186,186,206,206,219,235,248,273,273,304,331,331,43,43,57,71,71,71,71,71,71,106,106],"floor_reached":56,"playtime":2415,"items_purged":["Strike_B","Pain"],"score":2664,"play_id":"22cb2c9c-2237-4113-b230-d1e81adf3a1f","local_time":"20201224123624","is_ascension_mode":true,"campfire_choices":[{"data":"ReplayTheSpireMod:Fabricate Wheel","floor":8.0,"key":"SMITH"},{"data":"Coolheaded","floor":23,"key":"SMITH"},{"data":"Storm","floor":30,"key":"SMITH"},{"data":"Creative AI","floor":32,"key":"SMITH"},{"data":"MostiFishMod:GatherIntelligence","floor":41,"key":"SMITH"},{"floor":44,"key":"RECALL"},{"data":"AT_StudyProgram","floor":49,"key":"SMITH"},{"data":"Heatsinks","floor":52,"key":"SMITH"}],"circlet_count":0,"master_deck":["AscendersBane","Defend_B","Defend_B","Zap","Dualcast","AT_StudyProgram+1","Glacier","Genetic Algorithm","Skim+1","Static Discharge","Heatsinks+1","MostiFishMod:TalkingToTheRain","Defragment","ReplayTheSpireMod:Calculation Training","FIFO Queue","MostiFishMod:GatherIntelligence","Creative AI","testmod-PainDetonator","Creative AI+1","Double Energy+1","MostiFishMod:TalkingToTheRain+1","Reinforced Body+1","AT_HeatAcrobatics","Coolheaded+1","Aggregate+1","AT_ThunderBolt","Turbo","Storm+1","Consume","Self Repair","Wellcheers","Fission","Capacitor","Recycle","MostiFishMod:GatherIntelligence+1","AT_EMC2","Loop+1","Coolheaded"],"relics":["Cracked Core","testmod-TestBox","AT_ATBox","DaveBox","RhineSuit","testmod-HarvestTotem","CogitoBucket","SynthV:TestCard","Whetstone","DataDisk","SynthV:C4","Prayer Wheel","Mercury Hourglass","testmod-LifeArmor","Replay:Grab Bag","Coffee Dripper","Sozu","testmod-NegativeEmotionEnhancer","Astrolabe","ResearcherNote","Art of War","AT_ForceNature","Pet Ghost","ReplayTheSpireMod:CursedCoin","AT_EbonyIvory","ReplayTheSpireMod:Shallot","FeatherPendant","AtMidnight","Theresia","Bag of Marbles","Replay:Antivirus Software","testmod-Hope","Replay:Baseball","testmod-CrystalShield"],"acts_visited":["Exordium","TheCity","TheBeyond","TheEnding"],"potions_floor_usage":[],"damage_taken":[{"damage":0.0,"enemies":"2 Louse","floor":1.0,"turns":2.0},{"damage":0.0,"enemies":"Small Slimes","floor":4.0,"turns":4.0},{"damage":0.0,"enemies":"Cultist","floor":5.0,"turns":5.0},{"damage":0.0,"enemies":"Lagavulin","floor":6.0,"turns":9.0},{"damage":7.0,"enemies":"3 Sentries","floor":11.0,"turns":6.0},{"damage":0.0,"enemies":"Gremlin Gang","floor":12.0,"turns":3.0},{"damage":12.0,"enemies":"2 Fungi Beasts","floor":13.0,"turns":3.0},{"damage":14,"enemies":"Lagavulin","floor":14,"turns":6},{"damage":32,"enemies":"Slime Boss","floor":16,"turns":8},{"damage":9,"enemies":"Shell Parasite","floor":18,"turns":3},{"damage":38,"enemies":"Chosen","floor":19,"turns":3},{"damage":26,"enemies":"Centurion and Healer","floor":21,"turns":4},{"damage":25,"enemies":"Slavers","floor":25,"turns":3},{"damage":0,"enemies":"Gremlin Leader","floor":27,"turns":5},{"damage":11,"enemies":"Shelled Parasite and Fungi","floor":29,"turns":3},{"damage":17,"enemies":"Slavers","floor":31,"turns":2},{"damage":0,"enemies":"conspire:MysteriousRune","floor":33,"turns":3},{"damage":0,"enemies":"3 Darklings","floor":35,"turns":2},{"damage":0,"enemies":"Orb Walker","floor":37,"turns":1},{"damage":0,"enemies":"Writhing Mass","floor":38,"turns":2},{"damage":0,"enemies":"4 Shapes","floor":39,"turns":1},{"damage":28,"enemies":"R_Hoarder","floor":40,"turns":3},{"damage":0,"enemies":"Reptomancer","floor":42,"turns":2},{"damage":0,"enemies":"Jaw Worm Horde","floor":47,"turns":1},{"damage":0,"enemies":"Sphere and 2 Shapes","floor":48,"turns":1},{"damage":30,"enemies":"Replay:Hell Engine","floor":50,"turns":3},{"damage":0,"enemies":"Shield and Spear","floor":54,"turns":1},{"damage":0,"enemies":"The Heart","floor":55,"turns":4}],"seed_played":"-7459848549051254262","potions_obtained":[{"floor":1.0,"key":"SteroidPotion"},{"floor":6.0,"key":"AttackPotion"}],"is_trial":false,"path_per_floor":["M","?","?","M","M","E","$","R","T","?","E","M","M","E","R","B",null,"M","M","$","M","?","R","?","E","T","E","$","M","R","E","R","B",null,"M","?","M","M","M","E","R","E","T","R","$","?","M","M","R","B",null,"R","$","E","B",null],"character_chosen":"DEFECT","items_purchased":["DataDisk","testmod-PainDetonator","ReplayTheSpireMod:CursedCoin","AT_EbonyIvory","testmod-Hope"],"campfire_rested":0,"item_purchase_floors":[7,15,28,28,45],"current_hp_per_floor":[135,135,135,135,135,135,135,135,135,135,128,128,116,102,102,70,142,139,121,121,103,103,103,103,88,88,102,102,99,99,92,92,112,158,160,156,162,164,166,158,158,170,170,170,170,170,172,174,174,150,176,176,176,178,180],"gold":106,"neow_bonus":"","is_daily":false,"chose_seed":false,"campfire_upgraded":7,"win_rate":0.0,"timestamp":1608784584,"path_taken":["M","?","?","M","M","E","$","R","T","?","E","M","?","E","R","BOSS","M","M","$","M","?","R","?","E","T","E","$","M","R","E","R","BOSS","M","?","M","M","M","E","R","E","T","R","$","?","?","M","R","BOSS","R","$","E","BOSS"],"items_purchased_type":["Relic","Card","Relic","Relic","Relic"],"build_version":"2020-12-22","purchased_purges":2,"victory":true,"max_hp_per_floor":[142,142,142,142,142,142,142,142,142,142,142,142,142,142,142,142,142,144,146,146,148,148,148,148,150,150,152,152,154,154,156,156,158,158,160,160,162,164,166,168,168,170,170,170,170,170,172,174,174,176,176,176,176,178,180],"relic_stats":{"Sozu":8,"counters":[32,94],"Astrolabe":["Double Energy","MostiFishMod:TalkingToTheRain","Reinforced Body"],"Prayer Wheel":14,"Art of War":[16],"Whetstone":["Strike_B","Strike_B"],"obtain_stats":[{"AT_ATBox":0,"DaveBox":0,"RhineSuit":0,"ResearcherNote":19,"testmod-LifeArmor":14,"testmod-NegativeEmotionEnhancer":17,"Whetstone":6,"SynthV:C4":9,"Pet Ghost":27,"Sozu":17,"CogitoBucket":0,"testmod-CrystalShield":54,"Prayer Wheel":11,"Replay:Antivirus Software":42,"Cracked Core":0,"AT_ForceNature":26,"testmod-TestBox":0,"ReplayTheSpireMod:CursedCoin":28,"Replay:Grab Bag":17,"Astrolabe":17,"AT_EbonyIvory":28,"testmod-HarvestTotem":0,"Mercury Hourglass":11,"DataDisk":7,"Replay:Baseball":46,"SynthV:TestCard":1,"ReplayTheSpireMod:Shallot":31,"FeatherPendant":34,"AtMidnight":35,"testmod-Hope":45,"Coffee Dripper":17,"Art of War":25,"Bag of Marbles":40,"Theresia":35},{"AT_ATBox":0,"DaveBox":0,"RhineSuit":0,"ResearcherNote":13,"testmod-LifeArmor":9,"testmod-NegativeEmotionEnhancer":10,"Whetstone":4,"SynthV:C4":4,"Pet Ghost":16,"Sozu":10,"CogitoBucket":0,"testmod-CrystalShield":31,"Prayer Wheel":5,"Replay:Antivirus Software":26,"Cracked Core":0,"AT_ForceNature":15,"testmod-TestBox":0,"ReplayTheSpireMod:CursedCoin":16,"Replay:Grab Bag":10,"Astrolabe":10,"AT_EbonyIvory":16,"testmod-HarvestTotem":0,"Mercury Hourglass":5,"DataDisk":4,"Replay:Baseball":26,"SynthV:TestCard":1,"ReplayTheSpireMod:Shallot":18,"FeatherPendant":19,"AtMidnight":21,"testmod-Hope":26,"Coffee Dripper":10,"Art of War":15,"Bag of Marbles":25,"Theresia":21},{"AT_ATBox":0,"DaveBox":0,"RhineSuit":0,"ResearcherNote":52,"testmod-LifeArmor":38,"testmod-NegativeEmotionEnhancer":45,"Whetstone":20,"SynthV:C4":20,"Pet Ghost":64,"Sozu":45,"CogitoBucket":0,"testmod-CrystalShield":91,"Prayer Wheel":23,"Replay:Antivirus Software":84,"Cracked Core":0,"AT_ForceNature":59,"testmod-TestBox":0,"ReplayTheSpireMod:CursedCoin":64,"Replay:Grab Bag":45,"Astrolabe":45,"AT_EbonyIvory":64,"testmod-HarvestTotem":0,"Mercury Hourglass":26,"DataDisk":20,"Replay:Baseball":84,"SynthV:TestCard":2,"ReplayTheSpireMod:Shallot":69,"FeatherPendant":72,"AtMidnight":75,"testmod-Hope":84,"Coffee Dripper":45,"Art of War":59,"Bag of Marbles":82,"Theresia":75}],"Mercury Hourglass":[317]},"card_choices":[{"not_picked":["FIFO Queue","AT_ThunderBolt"],"picked":"Glacier","floor":1.0},{"not_picked":["Chill","Barrage","Coolheaded","Steam"],"picked":"Static Discharge","floor":4.0},{"not_picked":["BasicCrystalCard","Beam Cell","AT_ThreeBodyProblem","MostiFishMod:PushDownKick"],"picked":"Heatsinks","floor":5.0},{"not_picked":["Recycle","MostiFishMod:Culaccino","Ball Lightning","Compile Driver"],"picked":"ReplayTheSpireMod:Fabricate Wheel","floor":6.0},{"not_picked":["Beam Cell","Compile Driver","Go for the Eyes","AT_EMC2"],"picked":"Defragment","floor":11.0},{"not_picked":["Sweeping Beam","AT_WarpDrive","ReplayTheSpireMod:Dual Polarity","Redo"],"picked":"ReplayTheSpireMod:Calculation Training","floor":12.0},{"not_picked":["Redo","AT_EMC2","Ball Lightning","Thunder Strike"],"picked":"FIFO Queue","floor":12.0},{"not_picked":["Barrage","Turbo","Echo Form","Rebound"],"picked":"MostiFishMod:GatherIntelligence","floor":13},{"not_picked":["AT_HeatAcrobatics","Hologram","Streamline","FTL","Ball Lightning"],"picked":"SKIP","floor":13},{"not_picked":["MostiFishMod:LinkProtocol","Beam Cell","Ball Lightning","Go for the Eyes"],"picked":"Creative AI","floor":14},{"not_picked":["PunishingBird","OSAHOGD"],"picked":"CENSORED","floor":16},{"not_picked":["MostiFishMod:SeaWaves","MostiFishMod:Hijack","MostiFishMod:DawningShadow","Core Surge"],"picked":"Creative AI","floor":16},{"not_picked":["Reprogram","Steam","Tempest","Sweeping Beam","Rip and Tear"],"picked":"SKIP","floor":18},{"not_picked":["Sweeping Beam","Ball Lightning","BootSequence","Leap","Gash"],"picked":"SKIP","floor":18},{"not_picked":["BasicCrystalCard","Redo","Time Bomb","ReplayTheSpireMod:Omega Cannon"],"picked":"AT_HeatAcrobatics","floor":19},{"not_picked":["Conserve Battery","BasicCrystalCard","Redo+1","Cold Snap","BootSequence+1"],"picked":"SKIP","floor":19},{"not_picked":["Leap","Go for the Eyes","Skim","Ball Lightning"],"picked":"Coolheaded","floor":21},{"not_picked":["Hello World","ReplayTheSpireMod:Dual Polarity","Barrage","Steam"],"picked":"Aggregate+1","floor":21},{"not_picked":["ReplayTheSpireMod:Reroute Power","FIFO Queue","Beam Cell","Hologram"],"picked":"Turbo","floor":25},{"not_picked":["Gash","ReplayGash","Ball Lightning+1","Lockon"],"picked":"Storm","floor":27},{"not_picked":["Rebound","Barrage","BootSequence","Redo"],"picked":"Consume","floor":29},{"not_picked":["BasicCrystalCard","Ball Lightning","MostiFishMod:FluxCapactior","Steam","Hologram"],"picked":"SKIP","floor":29},{"not_picked":["AT_RobotInSpace","ReplayGash","Hologram","Stack"],"picked":"Self Repair","floor":31},{"not_picked":["Murderer","Variant"],"picked":"Wellcheers","floor":33},{"not_picked":["MostiFishMod:TalkingToTheRain","MostiFishMod:GoodWordForIt","Thunder Strike","MostiFishMod:Prepare"],"picked":"Fission","floor":33},{"not_picked":["FIFO Queue","AT_ThreeBodyProblem","AT_ThunderBolt","Ball Lightning","Steam"],"picked":"SKIP","floor":35},{"not_picked":["ReplayTheSpireMod:Reroute Power","Stack","Compile Driver","AT_ThunderBolt+1","FTL"],"picked":"SKIP","floor":35},{"not_picked":["Turbo","Stack","Steam","Consume"],"picked":"Capacitor","floor":37},{"not_picked":["Sunder+1","Barrage+1","BasicCrystalCard","Go for the Eyes"],"picked":"Recycle","floor":37},{"not_picked":["AT_HeatAcrobatics","Cold Snap","Ball Lightning","Rebound","Coolheaded"],"picked":"SKIP","floor":38},{"not_picked":["Fusion","Steam","Hyperbeam","Double Energy","conspire:SharedLibrary"],"picked":"SKIP","floor":38},{"not_picked":["Compile Driver","Rebound","Barrage","Leap","Coolheaded+1"],"picked":"SKIP","floor":39},{"not_picked":["MostiFishMod:InterfaceCompatibility","Panic Button","BootSequence","Scrape+1","Hello World"],"picked":"SKIP","floor":39},{"not_picked":["Skim","Beam Cell","Meteor Strike","ReplayTheSpireMod:Repulse"],"picked":"MostiFishMod:GatherIntelligence","floor":40},{"not_picked":["Sweeping Beam+1","Conserve Battery+1","Leap","Undo","Steam"],"picked":"SKIP","floor":42},{"not_picked":["Panic Button+1","Compile Driver","Rainbow","Coolheaded"],"picked":"AT_EMC2","floor":47},{"not_picked":["AT_EMC2","Steam+1","Stack","AT_StudyProgram","AT_HeatAcrobatics"],"picked":"SKIP","floor":47},{"not_picked":["MostiFishMod:Culaccino","Crystallizer+1","Steam","Conserve Battery+1"],"picked":"Loop+1","floor":48},{"not_picked":["Panic Button","Conserve Battery","AT_HeatAcrobatics","Capacitor+1"],"picked":"Coolheaded","floor":48},{"not_picked":["Rebound","MostiFishMod:PushDownKick","Double Energy","ReplayTheSpireMod:Fabricate Wheel","Hologram"],"picked":"SKIP","floor":54}],"player_experience":320391,"relics_obtained":[{"floor":1.0,"key":"SynthV:TestCard"},{"floor":6.0,"key":"Whetstone"},{"floor":9.0,"key":"SynthV:C4"},{"floor":11.0,"key":"Mercury Hourglass"},{"floor":14,"key":"testmod-LifeArmor"},{"floor":25,"key":"Art of War"},{"floor":26,"key":"AT_ForceNature"},{"floor":27,"key":"Pet Ghost"},{"floor":31,"key":"ReplayTheSpireMod:Shallot"},{"floor":35,"key":"AtMidnight"},{"floor":40,"key":"Bag of Marbles"},{"floor":42,"key":"Replay:Antivirus Software"},{"floor":54,"key":"testmod-CrystalShield"}],"event_choices":[{"damage_healed":0.0,"max_hp_gain":0.0,"max_hp_loss":0.0,"gold_gain":0.0,"cards_transformed":["Strike_B"],"event_name":"Living Wall","player_choice":"Change","floor":2.0,"gold_loss":0.0,"damage_taken":0.0,"cards_obtained":["Genetic Algorithm"]},{"damage_healed":0.0,"max_hp_gain":0.0,"max_hp_loss":0.0,"gold_gain":50.0,"event_name":"Golden Shrine","player_choice":"Pray","floor":10.0,"gold_loss":0.0,"damage_taken":0.0},{"cards_removed":["Defend_B"],"damage_healed":0,"gold_gain":0,"player_choice":"Elegance","damage_taken":0,"max_hp_gain":0,"max_hp_loss":0,"event_name":"Back to Basics","floor":22,"gold_loss":0},{"damage_healed":0,"gold_gain":0,"player_choice":"Read","damage_taken":0,"max_hp_gain":0,"max_hp_loss":0,"event_name":"The Library","floor":24,"gold_loss":0,"cards_obtained":["AT_ThunderBolt"]},{"damage_healed":0,"gold_gain":0,"player_choice":"Leave","damage_taken":0,"max_hp_gain":0,"max_hp_loss":0,"event_name":"conspire:Investor","floor":36,"gold_loss":0},{"damage_healed":0,"gold_gain":0,"player_choice":"Gave Potion","damage_taken":0,"relics_obtained":["Replay:Baseball"],"max_hp_gain":0,"max_hp_loss":0,"event_name":"WeMeetAgain","floor":46,"gold_loss":0}],"is_beta":false,"boss_relics":[{"not_picked":["testmod-DreamHouse","MostiFishMod:Hod"],"picked":"Replay:Grab Bag"},{"not_picked":["SlaversCollar","Runic Dome"],"picked":"Coffee Dripper"},{"not_picked":["ChewingGum","Philosopher\u0027s Stone"],"picked":"Sozu"},{"not_picked":["SacredBark","Ring of Chaos"],"picked":"testmod-NegativeEmotionEnhancer"},{"not_picked":["Calling Bell","Runic Pyramid"],"picked":"Astrolabe"},{"not_picked":["testmod-Fanaticism","HaiYi:Twilight"],"picked":"FeatherPendant"}],"items_purged_floors":[15,28],"is_endless":false,"potions_floor_spawned":[1,6,11,13,18,19,25,33,38,39,42,47,48],"ascension_level":17}}