{"host":"iphsb0ccnjx0pfn6","time":1608771901,"event":{"mods":["2.2 Compatiblity","AchievementEnabler","BaseMod","Colored Map","DeckTracker","Keyboard Shortcuts","Minty Spire (QoL Compilation)","Permanent Neow","Quick Restart","Relic Stats","StSLib","SuperFastMode","Uncapped","everything is the same but u backflip on backflip"],"gold_per_floor":[114,129,143,68,68,68,68],"floor_reached":6,"playtime":119,"items_purged":["Strike_R"],"score":72,"play_id":"3d91a319-2d87-43bb-b3a3-9cfc4852e3e9","local_time":"20201224100501","is_ascension_mode":true,"campfire_choices":[],"circlet_count":0,"master_deck":["AscendersBane","Strike_R","Strike_R","Strike_R","Defend_R","Defend_R","Defend_R","Defend_R","Bash","Pommel Strike","Havoc"],"relics":["Burning Blood","Unceasing Top"],"acts_visited":["Exordium"],"potions_floor_usage":[6],"damage_taken":[{"damage":2,"enemies":"2 Louse","floor":1,"turns":5},{"damage":6,"enemies":"Cultist","floor":2,"turns":3},{"damage":12,"enemies":"Jaw Worm","floor":3,"turns":3},{"damage":48,"enemies":"Lagavulin","floor":6,"turns":7}],"seed_played":"-879070349071038261","potions_obtained":[{"floor":2,"key":"Dexterity Potion"},{"floor":3,"key":"PowerPotion"}],"is_trial":false,"path_per_floor":["M","M","M","$","?","E"],"character_chosen":"IRONCLAD","items_purchased":[],"campfire_rested":0,"item_purchase_floors":[],"current_hp_per_floor":[54,54,48,48,48,0,0],"gold":68,"neow_bonus":"ONE_RARE_RELIC","is_daily":false,"chose_seed":false,"campfire_upgraded":0,"win_rate":0.0,"timestamp":1608771901,"path_taken":["M","M","M","$","?","E"],"items_purchased_type":[],"build_version":"2020-12-22","purchased_purges":1,"victory":false,"max_hp_per_floor":[75,75,75,75,75,75,75],"relic_stats":{"counters":[4,18],"obtain_stats":[{"Burning Blood":0,"Unceasing Top":0},{"Burning Blood":0,"Unceasing Top":0},{"Burning Blood":0,"Unceasing Top":0}],"Burning Blood":18,"Unceasing Top":[0]},"card_choices":[{"not_picked":["Warcry","Clash","Flex"],"picked":"SKIP","floor":1},{"not_picked":["Infernal Blade","Sword Boomerang"],"picked":"Pommel Strike","floor":2},{"not_picked":["Exhume","Armaments"],"picked":"Havoc","floor":3}],"player_experience":1255403,"relics_obtained":[],"event_choices":[{"cards_removed":["Strike_R"],"damage_healed":0,"gold_gain":0,"player_choice":"Purged","damage_taken":0,"max_hp_gain":0,"max_hp_loss":0,"event_name":"Purifier","floor":5,"gold_loss":0}],"is_beta":false,"boss_relics":[],"items_purged_floors":[4],"is_endless":false,"potions_floor_spawned":[2,3],"killed_by":"Lagavulin","ascension_level":20}}