{"host":"erxdo5czqejbiu49","time":1608846308,"event":{"mods":["Act Like it!","Aspiration","BaseMod","Better Third Choice","Conspire","Downfall-Rebalance","Elementarium","Hermit","Hubris","Minty Spire (QoL Compilation)","Replay The Spire","Shop Mod","StSLib","The Disciple","The Hierophant"],"gold_per_floor":[117,133,151,166,178,178,209,155,205,224,236,256,268,281,281,378,378,392,402,412,425,21,35,67,78,78,38,48,74,97,113,113,212,212,232,142,142,64,82,82,116,136,136,154,166,166,192,192,192,192,192],"floor_reached":50,"playtime":5019,"items_purged":[],"score":658,"play_id":"68eab1b6-8a8d-42c4-90b3-dd4aad14b5df","local_time":"20201224164508","is_ascension_mode":false,"campfire_choices":[{"data":"ReplayReversal","floor":6,"key":"SMITH"},{"data":"Armaments","floor":32,"key":"SMITH"},{"data":"Armaments","floor":40,"key":"SMITH"},{"floor":49,"key":"REST"}],"circlet_count":0,"master_deck":["Strike_R","Strike_R","Strike_R","Strike_R","Strike_R","Defend_R","Defend_R","Defend_R","Defend_R","Bash","Armaments+1","ReplayReversal+1","Body Slam","Shrug It Off","Defy Death","Ghostly Armor","True Grit","True Grit+1","Cleave","Iron Wave","Immolate","Shrug It Off","Impervious","CurseOfTheBell","Spot Weakness+1","Armaments+1","Berserk","Twin Strike","expansioncontent:DashGenerateEvil","Armaments","Juggernaut","conspire:Charge","Armaments","Iron Wave","Disarm+1","Offering","Headbutt+1","Fire Breathing","Seeing Red+1","Replay:Undeath\u0027s Touch+1","Feel No Pain","Metallicize+1","Pommel Strike"],"relics":["Black Blood","m_BurningSludge","Replay:Bottled Steam","Painkiller Herb","Onion Ring","hubris:Spice","MerchantsRug","aspiration:StickyExplosives_weak","Happy Flower","Elementarium:ElementariumTrophy","Pear","Thread and Needle"],"acts_visited":["Exordium","Elementarium:Elementarium","TheBeyond"],"potions_floor_usage":[5,7,12,18,24,47,47,50],"damage_taken":[{"damage":1,"enemies":"Cultist","floor":1,"turns":3},{"damage":6,"enemies":"conspire:RoseBush","floor":2,"turns":2},{"damage":0,"enemies":"Small Slimes","floor":3,"turns":4},{"damage":25,"enemies":"Exordium Thugs","floor":4,"turns":5},{"damage":0,"enemies":"2 Fungi Beasts","floor":5,"turns":3},{"damage":38,"enemies":"Lagavulin","floor":7,"turns":9},{"damage":9,"enemies":"Exordium Wildlife","floor":10,"turns":6},{"damage":0,"enemies":"Blue Slaver","floor":11,"turns":3},{"damage":4,"enemies":"3 Louse","floor":12,"turns":4},{"damage":0,"enemies":"2 Fungi Beasts","floor":13,"turns":3},{"damage":0,"enemies":"Blue Slaver","floor":14,"turns":4},{"damage":19,"enemies":"Fading Forest","floor":16,"turns":11},{"damage":0,"enemies":"Elementarium:2_ELEMENTALS","floor":18,"turns":1},{"damage":20,"enemies":"Elementarium:VoidCorruption","floor":19,"turns":8},{"damage":12,"enemies":"Elementarium:3_ELEMENTALS","floor":20,"turns":4},{"damage":16,"enemies":"Elementarium:CYCLONE_AND_ORB_OF_FIRE","floor":21,"turns":5},{"damage":0,"enemies":"Elementarium:Hydrostalker","floor":23,"turns":5},{"damage":20,"enemies":"Elementarium:FIRE_NOBILITY","floor":24,"turns":6},{"damage":12,"enemies":"Elementarium:VoidBeast","floor":25,"turns":4},{"damage":4,"enemies":"Elementarium:RubyGolem","floor":28,"turns":3},{"damage":26,"enemies":"Elementarium:ElementalPortal","floor":29,"turns":6},{"damage":12,"enemies":"Elementarium:STONE_GOLEMS","floor":31,"turns":3},{"damage":6,"enemies":"Elementarium:GoldenDragon","floor":33,"turns":8},{"damage":0,"enemies":"Orb Walker","floor":35,"turns":2},{"damage":6,"enemies":"3 Darklings","floor":36,"turns":2},{"damage":32,"enemies":"Writhing Mass","floor":39,"turns":5},{"damage":6,"enemies":"Giant Head","floor":41,"turns":6},{"damage":0,"enemies":"Jaw Worm Horde","floor":42,"turns":3},{"damage":6,"enemies":"Transient","floor":44,"turns":5},{"damage":6,"enemies":"Sphere and 2 Shapes","floor":45,"turns":2},{"damage":65,"enemies":"Reptomancer","floor":47,"turns":5},{"damage":57,"enemies":"Awakened One","floor":50,"turns":3}],"seed_played":"2376735667929803942","potions_obtained":[{"floor":3,"key":"Explosive Potion"},{"floor":4,"key":"SpeedPotion"},{"floor":7,"key":"HeartOfIron"},{"floor":11,"key":"Block Potion"},{"floor":12,"key":"Strength Potion"},{"floor":16,"key":"sneckomod:MuddlingPotion"},{"floor":19,"key":"Flashbang"},{"floor":25,"key":"Regen Potion"},{"floor":47,"key":"Swift Potion"}],"is_trial":false,"path_per_floor":["M","M","M","M","M","R","E","$","T","M","M","M","M","M","R","B",null,"?","?","?","?","T","?","E","?","T","T","?","E","T","?","T","B",null,"?","?","?","T","?","T","E","?","T","?","?","?","E","?","T","B"],"character_chosen":"IRONCLAD","items_purchased":["True Grit","MerchantsRug","expansioncontent:DashGenerateEvil","hubris:Spice","Replay:Wax Seal","hubris:Spice","Fire Breathing"],"campfire_rested":1,"item_purchase_floors":[8,22,22,22,27,30,38],"current_hp_per_floor":[80,80,80,61,67,67,35,35,35,32,38,40,46,52,76,63,88,88,80,80,76,84,96,88,88,88,88,96,82,82,82,82,88,80,80,72,72,72,52,52,58,64,74,66,66,66,25,25,42,0,0],"gold":192,"neow_bonus":"NOSTALGIA","is_daily":false,"chose_seed":false,"campfire_upgraded":3,"win_rate":0.0,"timestamp":1608846308,"path_taken":["M","M","M","M","M","R","E","$","T","M","M","M","M","M","R","BOSS","?","?","?","?","T","?","E","?","T","T","?","E","T","?","T","BOSS","?","?","?","T","?","T","E","?","T","?","?","?","E","?","T","BOSS"],"items_purchased_type":["Card","Relic","Card","Relic","Relic","Relic","Card"],"build_version":"2020-12-22","purchased_purges":0,"victory":false,"max_hp_per_floor":[80,80,80,80,80,80,80,80,80,80,80,80,80,80,80,80,88,88,88,88,88,96,96,96,96,96,96,96,96,88,88,88,88,80,80,72,72,72,72,72,64,64,74,66,66,66,66,58,58,58,58],"card_choices":[{"not_picked":["Run Through","Clash"],"picked":"Armaments","floor":1},{"not_picked":["Thunderclap","Heavy Blade"],"picked":"ReplayReversal","floor":2},{"not_picked":["Pommel Strike","Cleave"],"picked":"Body Slam","floor":3},{"not_picked":["conspire:Charge","ReplayTheSpireMod:Strike From Hell"],"picked":"Shrug It Off","floor":4},{"not_picked":["ReplayTheSpireMod:Strike From Hell","Disarm"],"picked":"Defy Death","floor":5},{"not_picked":["Armaments","Cleave"],"picked":"Ghostly Armor","floor":7},{"not_picked":["Anger","Havoc"],"picked":"True Grit","floor":10},{"not_picked":["Infernal Blade","ReplayTheSpireMod:LeadingStrike"],"picked":"Cleave","floor":11},{"not_picked":["Blood for Blood","Flex"],"picked":"Iron Wave","floor":12},{"not_picked":["Run Through","Wild Strike"],"picked":"Immolate","floor":13},{"not_picked":["Sever Soul","Run Through"],"picked":"Shrug It Off","floor":14},{"not_picked":["Replay:Many Hands","Hemogenesis"],"picked":"Impervious","floor":16},{"not_picked":["Reckless Charge","Dual Wield"],"picked":"Spot Weakness+1","floor":18},{"not_picked":["Twin Strike","Headbutt+1"],"picked":"Armaments","floor":19},{"not_picked":["Perfected Strike+1","Dual Wield+1"],"picked":"Berserk","floor":20},{"not_picked":["Clash+1","Heavy Blade"],"picked":"Twin Strike","floor":21},{"not_picked":["Warcry","ReplayTheSpireMod:Strike From Hell+1"],"picked":"Armaments","floor":23},{"not_picked":["Armaments","Clash"],"picked":"Juggernaut","floor":24},{"not_picked":["Flex","Perfected Strike"],"picked":"conspire:Charge","floor":25},{"not_picked":["Inflame","Heavy Blade+1"],"picked":"Armaments","floor":28},{"not_picked":["Whirlwind","Run Through+1"],"picked":"Iron Wave","floor":29},{"not_picked":["Run Through","Pommel Strike"],"picked":"Disarm+1","floor":31},{"not_picked":["Eclipse","Replay:Many Hands"],"picked":"Offering","floor":33},{"not_picked":["Perfected Strike+1","Pommel Strike"],"picked":"Headbutt+1","floor":35},{"not_picked":["Sever Soul","Burning Pact+1"],"picked":"hubris:SpiceAddiction","floor":36},{"not_picked":["Warcry","hubris:SpiceAddiction"],"picked":"Seeing Red+1","floor":39},{"not_picked":["Perfected Strike","Sword Boomerang"],"picked":"Replay:Undeath\u0027s Touch+1","floor":41},{"not_picked":["hubris:SpiceAddiction","Blood for Blood"],"picked":"Feel No Pain","floor":42},{"not_picked":["Reaper","Evolve"],"picked":"hubris:SpiceAddiction","floor":44},{"not_picked":["hubris:SpiceAddiction","hubris:SpiceAddiction"],"picked":"Metallicize+1","floor":45},{"not_picked":["Rampage","Wild Strike"],"picked":"Pommel Strike","floor":47}],"player_experience":397529,"relics_obtained":[{"floor":7,"key":"Replay:Bottled Steam"},{"floor":9,"key":"Bag of Marbles"},{"floor":17,"key":"Onion Ring"},{"floor":17,"key":"Smiling Mask"},{"floor":17,"key":"hubris:Spice"},{"floor":24,"key":"aspiration:StickyExplosives_weak"},{"floor":26,"key":"Happy Flower"},{"floor":29,"key":"Blue Candle"},{"floor":41,"key":"hubris:Spice"},{"floor":43,"key":"Pear"},{"floor":47,"key":"Thread and Needle"},{"floor":48,"key":"hubris:Spice"}],"event_choices":[{"damage_healed":0,"gold_gain":0,"player_choice":"Ignored","damage_taken":0,"max_hp_gain":0,"max_hp_loss":0,"event_name":"Purifier","floor":37,"gold_loss":0},{"damage_healed":0,"gold_gain":0,"player_choice":"Leave","damage_taken":0,"max_hp_gain":0,"max_hp_loss":0,"event_name":"conspire:Investor","floor":46,"gold_loss":0},{"damage_healed":0,"gold_gain":0,"player_choice":"Relic","damage_taken":0,"max_hp_gain":0,"max_hp_loss":0,"event_name":"Wheel of Change","floor":48,"gold_loss":0}],"is_beta":false,"boss_relics":[{"not_picked":["Mark of Pain","conspire:RunicOctahedron"],"picked":"Replay:Grab Bag"},{"not_picked":["hubris:GrandSneckoEye","Electric Blood"],"picked":"conspire:SlowCooker"},{"not_picked":["Replay:Wanted Poster","hubris:CrackedHourglass"],"picked":"Painkiller Herb"},{"not_picked":["Snecko Eye","aspiration:SecretTechniqueScroll"],"picked":"Black Blood"},{"not_picked":["Kintsugi","Runic Cube"],"picked":"Calling Bell"},{"not_picked":["Tiny House","conspire:RoyalGoblet"],"picked":"hubris:Spice"}],"items_purged_floors":[],"is_endless":false,"potions_floor_spawned":[3,4,7,11,12,16,19,21,23,25,35,39,45,47],"killed_by":"Awakened One","ascension_level":0}}