{"host":"2e3z4r48quhw80cc","time":1608850548,"event":{"mods":["BaseMod","Minty Spire (QoL Compilation)","Quick Restart","StSLib","SuperFastMode"],"gold_per_floor":[112,112,131,206,222,222,249,263,263,263,280,294,314,314,314,412,412,425,425,493,347,364,395,395,407,407,407,440,189,189,203,203,303,303,314,314,327,45,45,77,96,112,183,183,199,199,216,247,247,247],"floor_reached":51,"playtime":1908,"items_purged":["Defend_B","Defend_B","Pain"],"score":1218,"play_id":"462b33d2-6002-4d75-85ed-bc5790beaaaf","local_time":"20201225075548","is_ascension_mode":true,"campfire_choices":[{"data":"Zap","floor":6.0,"key":"SMITH"},{"floor":10.0,"key":"REST"},{"data":"Dualcast","floor":15.0,"key":"SMITH"},{"floor":24.0,"key":"REST"},{"floor":27.0,"key":"REST"},{"floor":30.0,"key":"DIG"},{"floor":32.0,"key":"DIG"},{"floor":44.0,"key":"REST"},{"floor":46.0,"key":"REST"},{"floor":49,"key":"DIG"}],"circlet_count":0,"master_deck":["AscendersBane","Strike_B","Defend_B","Zap+1","Dualcast+1","Doom and Gloom","Leap","FTL","Capacitor","Coolheaded","Cold Snap","Creative AI","Steam+1","Chill+1","Seek+1","Barrage+1","Defragment","Capacitor+1","Double Energy+1","Glacier+1","Core Surge","Blizzard+1","Loop","Chaos"],"relics":["FrozenCore","Art of War","Torii","Letter Opener","Astrolabe","Singing Bowl","Shovel","Bottled Tornado","Darkstone Periapt","Lee\u0027s Waffle","Symbiotic Virus","Gremlin Horn","WarpedTongs","Omamori","Potion Belt","Bottled Flame","Toxic Egg 2","Pantograph"],"acts_visited":["Exordium","TheCity","TheBeyond"],"potions_floor_usage":[50,50,50,50,50],"damage_taken":[{"damage":6.0,"enemies":"Small Slimes","floor":1.0,"turns":4.0},{"damage":3.0,"enemies":"2 Louse","floor":3.0,"turns":2.0},{"damage":0.0,"enemies":"Cultist","floor":5.0,"turns":3.0},{"damage":36.0,"enemies":"Gremlin Nob","floor":7.0,"turns":5.0},{"damage":4.0,"enemies":"Red Slaver","floor":8.0,"turns":4.0},{"damage":2.0,"enemies":"Exordium Thugs","floor":11.0,"turns":5.0},{"damage":1.0,"enemies":"Blue Slaver","floor":12.0,"turns":3.0},{"damage":6.0,"enemies":"Lots of Slimes","floor":13.0,"turns":2.0},{"damage":7.0,"enemies":"The Guardian","floor":16.0,"turns":10.0},{"damage":3.0,"enemies":"2 Thieves","floor":18.0,"turns":4.0},{"damage":1.0,"enemies":"Chosen","floor":22.0,"turns":4.0},{"damage":59.0,"enemies":"Gremlin Leader","floor":23.0,"turns":8.0},{"damage":24.0,"enemies":"Shelled Parasite and Fungi","floor":25.0,"turns":6.0},{"damage":32.0,"enemies":"Book of Stabbing","floor":28.0,"turns":6.0},{"damage":10.0,"enemies":"Centurion and Healer","floor":31.0,"turns":5.0},{"damage":38.0,"enemies":"Automaton","floor":33.0,"turns":8.0},{"damage":10.0,"enemies":"Orb Walker","floor":35.0,"turns":3.0},{"damage":22.0,"enemies":"3 Darklings","floor":37.0,"turns":8.0},{"damage":2.0,"enemies":"Reptomancer","floor":40.0,"turns":7.0},{"damage":37.0,"enemies":"Transient","floor":41.0,"turns":5.0},{"damage":1.0,"enemies":"Jaw Worm Horde","floor":42.0,"turns":4.0},{"damage":17.0,"enemies":"Sphere and 2 Shapes","floor":45.0,"turns":4.0},{"damage":1,"enemies":"4 Shapes","floor":47,"turns":3},{"damage":36,"enemies":"Nemesis","floor":48,"turns":9},{"damage":22,"enemies":"Time Eater","floor":50,"turns":10}],"seed_played":"620125534057340530","potions_obtained":[{"floor":5.0,"key":"EssenceOfDarkness"},{"floor":11.0,"key":"PotionOfCapacity"},{"floor":16.0,"key":"Regen Potion"},{"floor":18.0,"key":"Regen Potion"},{"floor":25.0,"key":"ColorlessPotion"},{"floor":33.0,"key":"BlessingOfTheForge"},{"floor":37.0,"key":"Strength Potion"},{"floor":42.0,"key":"EntropicBrew"},{"floor":47,"key":"SpeedPotion"}],"is_trial":false,"path_per_floor":["M","?","M","?","M","R","E","M","T","R","M","M","M","T","R","B",null,"M","?","T","$","M","E","R","M","T","R","E","$","R","M","R","B",null,"M","?","M","$","?","E","M","M","T","R","M","R","M","E","R","B",null],"character_chosen":"DEFECT","items_purchased":["Defragment","Lee\u0027s Waffle","Omamori"],"campfire_rested":5,"item_purchase_floors":[21,29,38],"current_hp_per_floor":[62,67,64,56,56,56,20,16,16,40,38,37,31,31,31,24,66,63,48,48,48,74,15,40,16,16,41,11,94,94,86,86,48,84,76,82,62,62,62,60,23,24,24,56,39,71,72,38,38,41],"gold":247,"neow_bonus":"RANDOM_COMMON_RELIC","is_daily":false,"chose_seed":false,"campfire_upgraded":2,"win_rate":0.0,"timestamp":1608850548,"path_taken":["M","?","M","?","?","R","E","M","T","R","M","?","M","?","R","BOSS","M","?","?","$","?","E","R","M","T","R","E","?","R","M","R","BOSS","M","?","?","$","?","E","M","?","T","R","M","R","M","E","R","BOSS"],"items_purchased_type":["Card","Relic","Relic"],"build_version":"2020-12-22","purchased_purges":3,"victory":true,"max_hp_per_floor":[75,80,80,80,80,80,80,80,80,80,80,80,80,80,80,80,80,80,85,85,85,85,85,85,85,85,85,87,94,94,96,96,96,96,98,104,106,106,106,106,106,108,108,108,108,108,110,112,112,112],"card_choices":[{"not_picked":["Cold Snap","Aggregate"],"picked":"Doom and Gloom","floor":1.0},{"not_picked":["Go for the Eyes","Steam"],"picked":"Leap","floor":3.0},{"not_picked":["Ball Lightning","Hello World"],"picked":"FTL","floor":5.0},{"not_picked":["Hologram","Core Surge"],"picked":"Capacitor","floor":7.0},{"not_picked":["Beam Cell","Gash"],"picked":"Coolheaded","floor":8.0},{"not_picked":["Compile Driver","Beam Cell"],"picked":"Cold Snap","floor":11.0},{"not_picked":["Go for the Eyes","Redo","Coolheaded"],"picked":"SKIP","floor":12.0},{"not_picked":["Steam Power","Multi-Cast","Beam Cell"],"picked":"SKIP","floor":13.0},{"not_picked":["Rainbow","Core Surge"],"picked":"Creative AI","floor":16.0},{"not_picked":["Genetic Algorithm","Go for the Eyes"],"picked":"Barrage+1","floor":18.0},{"not_picked":["Force Field","Hologram"],"picked":"Capacitor+1","floor":22.0},{"not_picked":["Hologram","Leap"],"picked":"Double Energy+1","floor":23.0},{"not_picked":["Stack","Tempest"],"picked":"Glacier+1","floor":25.0},{"not_picked":["Reinforced Body","Hologram","Streamline"],"picked":"Singing Bowl","floor":28.0},{"not_picked":["Beam Cell","BootSequence","Hologram+1"],"picked":"Singing Bowl","floor":31.0},{"not_picked":["Biased Cognition","Thunder Strike"],"picked":"Core Surge","floor":33.0},{"not_picked":["Hologram","Reinforced Body","Steam"],"picked":"Singing Bowl","floor":35.0},{"not_picked":["Barrage","Scrape+1","Blizzard"],"picked":"Singing Bowl","floor":37.0},{"not_picked":["Sweeping Beam","Steam"],"picked":"Blizzard+1","floor":40.0},{"not_picked":["Streamline","Sweeping Beam"],"picked":"Loop","floor":41.0},{"not_picked":["Cold Snap","Barrage","Aggregate"],"picked":"Singing Bowl","floor":42.0},{"not_picked":["Barrage+1","Rebound"],"picked":"Chaos","floor":45.0},{"not_picked":["Rebound","Sweeping Beam+1","Conserve Battery+1"],"picked":"Singing Bowl","floor":47},{"not_picked":["Coolheaded+1","Lockon+1","Go for the Eyes"],"picked":"Singing Bowl","floor":48}],"player_experience":85249,"relics_obtained":[{"floor":9.0,"key":"Torii"},{"floor":14.0,"key":"Letter Opener"},{"floor":20.0,"key":"Singing Bowl"},{"floor":23.0,"key":"Shovel"},{"floor":26.0,"key":"Bottled Tornado"},{"floor":28.0,"key":"Darkstone Periapt"},{"floor":30.0,"key":"Symbiotic Virus"},{"floor":32.0,"key":"Gremlin Horn"},{"floor":40.0,"key":"Potion Belt"},{"floor":43.0,"key":"Bottled Flame"},{"floor":48,"key":"Toxic Egg 2"},{"floor":49,"key":"Pantograph"}],"event_choices":[{"damage_healed":0.0,"max_hp_gain":5.0,"max_hp_loss":0.0,"gold_gain":0.0,"event_name":"Big Fish","player_choice":"Donut","floor":2.0,"gold_loss":0.0,"damage_taken":0.0},{"damage_healed":0.0,"max_hp_gain":0.0,"max_hp_loss":0.0,"gold_gain":75.0,"event_name":"FaceTrader","player_choice":"Touch","floor":4.0,"gold_loss":0.0,"damage_taken":8.0},{"damage_healed":0.0,"max_hp_gain":5.0,"max_hp_loss":0.0,"gold_gain":0.0,"event_name":"Forgotten Altar","player_choice":"Shed Blood","floor":19.0,"gold_loss":0.0,"damage_taken":20.0},{"damage_healed":0.0,"max_hp_gain":0.0,"max_hp_loss":0.0,"gold_gain":0.0,"event_name":"Accursed Blacksmith","player_choice":"Rummage","floor":36.0,"gold_loss":0.0,"damage_taken":0.0,"relics_obtained":["WarpedTongs"],"cards_obtained":["Pain"]},{"cards_removed":["Strike_B"],"damage_healed":0.0,"max_hp_gain":0.0,"max_hp_loss":0.0,"gold_gain":0.0,"event_name":"Wheel of Change","player_choice":"Card Removal","floor":39.0,"gold_loss":0.0,"damage_taken":0.0}],"is_beta":false,"boss_relics":[{"not_picked":["Ectoplasm","SlaversCollar"],"picked":"Astrolabe"},{"not_picked":["Calling Bell","Coffee Dripper"],"picked":"FrozenCore"}],"items_purged_floors":[21,29,38],"is_endless":false,"potions_floor_spawned":[5,11,12,16,18,25,33,37,42,47,48],"ascension_level":12}}