{"host":"h8l1uc7c2i19r904","time":1608781338,"event":{"mods":["AchievementEnabler","BaseMod","Colored Map","Colored Powertips","Downfall","Minty Spire (QoL Compilation)","Quick Restart","Replay The Spire","StSLib","SuperFastMode"],"gold_per_floor":[114,114,129,129,57,68,68,102,129,160,160,231,306,323,323,425,425,444,146,160,160,175,202,202,221,221,136,136,136,136],"floor_reached":29,"playtime":975,"items_purged":[],"score":301,"play_id":"e446df41-6f7d-46ca-91fa-e1ba16b454d9","local_time":"20201223194218","is_ascension_mode":false,"campfire_choices":[{"floor":7,"key":"RECALL"},{"data":"ConjureBlade","floor":11,"key":"SMITH"},{"floor":15,"key":"REST"},{"data":"Pot Of Greed","floor":28,"key":"SMITH"}],"circlet_count":0,"master_deck":["Strike_P","Strike_P","Strike_P","Strike_P","Defend_P","Defend_P","Defend_P","Eruption+1","Vigilance","Prostrate","FollowUp","ConjureBlade+1","ConjureBlade+1","Replay:AtTheReady","ClearTheMind","Tantrum","Sickly","Pot Of Greed+1","Pot Of Greed"],"relics":["PureWater","NeowsBlessing","Ancient Tea Set","Replay:Purple Gloves","Quantum Egg","Cursed Key","Guide Book","Replay:Baseball","MutagenicStrength","Nunchaku","Grinning Jar","BranchBurnRelic"],"acts_visited":["Exordium","TheCity"],"potions_floor_usage":[8,16,16,20,22,22,23,23,29],"damage_taken":[{"damage":0,"enemies":"Small Slimes","floor":1,"turns":1},{"damage":0,"enemies":"Cultist","floor":3,"turns":1},{"damage":0,"enemies":"Jaw Worm","floor":6,"turns":1},{"damage":16,"enemies":"Lagavulin","floor":8,"turns":5},{"damage":25,"enemies":"Gremlin Nob","floor":10,"turns":5},{"damage":3,"enemies":"Exordium Wildlife","floor":14,"turns":3},{"damage":0,"enemies":"Slime Boss","floor":16,"turns":3},{"damage":0,"enemies":"Spheric Guardian","floor":18,"turns":3},{"damage":13,"enemies":"3 Byrds","floor":20,"turns":5},{"damage":0,"enemies":"Snake Plant","floor":22,"turns":2},{"damage":20,"enemies":"Book of Stabbing","floor":23,"turns":4},{"damage":7,"enemies":"Snecko","floor":25,"turns":3},{"damage":45,"enemies":"Slavers","floor":29,"turns":3}],"seed_played":"6211628232792506560","potions_obtained":[{"floor":6,"key":"Weak Potion"},{"floor":10,"key":"ColorlessPotion"},{"floor":14,"key":"Strength Potion"},{"floor":20,"key":"EntropicBrew"},{"floor":22,"key":"DuplicationPotion"},{"floor":23,"key":"Guardian:BlockOnCardUsePotion"}],"is_trial":false,"path_per_floor":["M","?","M","?","$","M","R","E","T","E","R","T","?","M","R","B",null,"M","$","M","?","M","E","?","M","T","?","R","E"],"character_chosen":"WATCHER","items_purchased":["ConjureBlade","Guide Book","Replay:Baseball"],"campfire_rested":1,"item_purchase_floors":[5,19,19],"current_hp_per_floor":[72,72,72,65,65,65,65,49,49,24,24,24,13,10,31,31,72,72,72,59,59,59,39,39,32,32,32,32,0,0],"gold":136,"neow_bonus":"THREE_ENEMY_KILL","is_daily":false,"chose_seed":false,"campfire_upgraded":2,"win_rate":0.0,"timestamp":1608781338,"path_taken":["M","?","?","?","$","M","R","E","T","E","R","?","?","M","R","BOSS","M","$","M","?","M","E","?","?","T","?","R","E"],"items_purchased_type":["Card","Relic","Relic"],"build_version":"2020-12-22","purchased_purges":0,"victory":false,"max_hp_per_floor":[72,72,72,72,72,72,72,72,72,72,72,72,72,72,72,72,72,72,72,72,72,72,72,72,72,72,72,72,72,72],"card_choices":[{"not_picked":["CrushJoints","Nirvana"],"picked":"Prostrate","floor":1},{"not_picked":["MentalFortress","Prostrate"],"picked":"FollowUp","floor":3},{"not_picked":["PathToVictory","MentalFortress","EmptyBody"],"picked":"SKIP","floor":6},{"not_picked":["PathToVictory","MentalFortress","EmptyBody"],"picked":"SKIP","floor":6},{"not_picked":["Pray","PathToVictory"],"picked":"DeceiveReality","floor":8},{"not_picked":["Study","Sanctity","WaveOfTheHand"],"picked":"SKIP","floor":10},{"not_picked":["Crescendo","CutThroughFate","Evaluate"],"picked":"SKIP","floor":14},{"not_picked":["Devotion","Establishment"],"picked":"ConjureBlade","floor":16},{"not_picked":["Protect","Consecrate","FlyingSleeves+1"],"picked":"SKIP","floor":18},{"not_picked":["Evaluate","EmptyBody","SandsOfTime"],"picked":"SKIP","floor":20},{"not_picked":["Nirvana","EmptyFist+1"],"picked":"Replay:AtTheReady","floor":22},{"not_picked":["CarveReality","JustLucky","PathToVictory+1"],"picked":"SKIP","floor":23},{"not_picked":["Perseverance","FollowUp"],"picked":"Tantrum","floor":25}],"player_experience":133604,"relics_obtained":[{"floor":8,"key":"Ancient Tea Set"},{"floor":10,"key":"Replay:Purple Gloves"},{"floor":12,"key":"Quantum Egg"},{"floor":23,"key":"Nunchaku"},{"floor":26,"key":"Grinning Jar"}],"event_choices":[{"damage_healed":0,"gold_gain":0,"player_choice":"Upgraded","damage_taken":0,"max_hp_gain":0,"max_hp_loss":0,"event_name":"Upgrade Shrine","floor":2,"gold_loss":0,"cards_upgraded":["Eruption"]},{"cards_removed":["Defend_P"],"damage_healed":0,"gold_gain":0,"player_choice":"Card Removal","damage_taken":7,"max_hp_gain":0,"max_hp_loss":0,"event_name":"Golden Wing","floor":4,"gold_loss":0},{"damage_healed":0,"gold_gain":75,"player_choice":"Gather Gold","damage_taken":11,"max_hp_gain":0,"max_hp_loss":0,"event_name":"World of Goop","floor":13,"gold_loss":0},{"damage_healed":0,"gold_gain":0,"player_choice":"Inject Mutagens","damage_taken":0,"relics_obtained":["MutagenicStrength"],"max_hp_gain":0,"max_hp_loss":0,"event_name":"Drug Dealer","floor":21,"gold_loss":0},{"damage_healed":0,"gold_gain":0,"cards_transformed":["DeceiveReality"],"player_choice":"Transformed","damage_taken":0,"max_hp_gain":0,"max_hp_loss":0,"event_name":"Transmorgrifier","floor":24,"gold_loss":0,"cards_obtained":["ClearTheMind"]},{"damage_healed":0,"gold_gain":0,"player_choice":"Obtained Relic","damage_taken":0,"relics_obtained":["Dead Branch"],"max_hp_gain":0,"max_hp_loss":0,"event_name":"Addict","floor":27,"gold_loss":85}],"is_beta":false,"boss_relics":[{"not_picked":["Runic Pyramid","Calling Bell"],"picked":"Cursed Key"}],"items_purged_floors":[],"is_endless":false,"potions_floor_spawned":[6,10,14,20,22,23],"killed_by":"Slavers","ascension_level":0}}