{"host":"Fun","time":1608844350,"event":{"mods":["BaseMod","Colored Map","Filter the Spire","Minty Spire (QoL Compilation)","Relic Stats","StSLib"],"gold_per_floor":[119,194,194,210,210,210,225,267,267,9,9,9,9,28,28,28,28],"floor_reached":16,"playtime":334,"items_purged":[],"score":172,"play_id":"6ad0623f-17bb-43d0-84de-d1b81cda0307","local_time":"20201224161230","is_ascension_mode":true,"campfire_choices":[{"data":"Phantasmal Killer","floor":6,"key":"SMITH"},{"data":"Noxious Fumes","floor":11,"key":"SMITH"},{"data":"Footwork","floor":13,"key":"SMITH"},{"data":"Neutralize","floor":15,"key":"SMITH"}],"circlet_count":0,"master_deck":["AscendersBane","Strike_G","Strike_G","Strike_G","Strike_G","Defend_G","Defend_G","Defend_G","Defend_G","Defend_G","Survivor","Neutralize+1","Phantasmal Killer+1","Dagger Spray","Footwork+1","Flying Knee","Noxious Fumes+1","Bouncing Flask"],"relics":["Ring of the Snake","WarpedTongs","CeramicFish","Ornamental Fan","Meat on the Bone"],"acts_visited":["Exordium"],"potions_floor_usage":[8,14],"damage_taken":[{"damage":0,"enemies":"Small Slimes","floor":1,"turns":3},{"damage":4,"enemies":"Jaw Worm","floor":4,"turns":3},{"damage":0,"enemies":"Cultist","floor":7,"turns":3},{"damage":15,"enemies":"3 Sentries","floor":8,"turns":8},{"damage":3,"enemies":"Exordium Thugs","floor":14,"turns":4},{"damage":34,"enemies":"The Guardian","floor":16,"turns":8}],"seed_played":"4424915529894640062","potions_obtained":[{"floor":7,"key":"Regen Potion"},{"floor":8,"key":"AttackPotion"}],"is_trial":false,"path_per_floor":["M","?","?","M","?","R","M","E","T","$","R","$","R","M","R","B"],"character_chosen":"THE_SILENT","items_purchased":["Meat on the Bone"],"campfire_rested":0,"item_purchase_floors":[10],"current_hp_per_floor":[59,48,41,37,37,37,37,37,37,37,37,37,37,34,34,0,0],"gold":28,"neow_bonus":"ONE_RANDOM_RARE_CARD","is_daily":false,"chose_seed":false,"campfire_upgraded":4,"win_rate":0.0,"timestamp":1608844350,"path_taken":["M","?","?","M","?","R","M","E","T","$","R","?","R","M","R","BOSS"],"items_purchased_type":["Relic"],"build_version":"2020-12-18","purchased_purges":0,"victory":false,"max_hp_per_floor":[66,66,66,66,66,66,66,66,66,66,66,66,66,66,66,66,66],"relic_stats":{"counters":[6,29],"Ornamental Fan":[16],"CeramicFish":18,"obtain_stats":[{"Ornamental Fan":9,"CeramicFish":8,"Ring of the Snake":0,"WarpedTongs":1,"Meat on the Bone":10},{"Ornamental Fan":4,"CeramicFish":4,"Ring of the Snake":0,"WarpedTongs":1,"Meat on the Bone":4},{"Ornamental Fan":17,"CeramicFish":17,"Ring of the Snake":0,"WarpedTongs":1,"Meat on the Bone":17}],"Ring of the Snake":[12],"WarpedTongs":[28],"Meat on the Bone":0},"card_choices":[{"not_picked":["Dodge and Roll","PiercingWail"],"picked":"Dagger Spray","floor":1},{"not_picked":["Calculated Gamble","Eviscerate"],"picked":"Footwork","floor":4},{"not_picked":["Quick Slash","Bane"],"picked":"Flying Knee","floor":7},{"not_picked":["Burst","Poisoned Stab"],"picked":"Noxious Fumes","floor":8},{"not_picked":["Underhanded Strike","Acrobatics"],"picked":"Bouncing Flask","floor":14}],"player_experience":108038,"relics_obtained":[{"floor":8,"key":"CeramicFish"},{"floor":9,"key":"Ornamental Fan"}],"event_choices":[{"damage_healed":0,"gold_gain":75,"player_choice":"Gather Gold","damage_taken":11,"max_hp_gain":0,"max_hp_loss":0,"event_name":"World of Goop","floor":2,"gold_loss":0},{"cards_removed":["Strike_G"],"damage_healed":0,"gold_gain":0,"player_choice":"Card Removal","damage_taken":7,"max_hp_gain":0,"max_hp_loss":0,"event_name":"Golden Wing","floor":3,"gold_loss":0},{"damage_healed":0,"gold_gain":0,"player_choice":"Ignored","damage_taken":0,"max_hp_gain":0,"max_hp_loss":0,"event_name":"Liars Game","floor":5,"gold_loss":0}],"is_beta":true,"boss_relics":[],"items_purged_floors":[],"is_endless":false,"potions_floor_spawned":[7,8],"killed_by":"The Guardian","ascension_level":15}}