{"host":"uuxww4b5od0o4ivw","time":1608799957,"event":{"mods":["BaseMod","Downfall","Minty Spire (QoL Compilation)","StSLib","The Necromancer"],"gold_per_floor":[113,127,207,172,184,214,60,60,60,72,82,108,126,143,143,242,242,262,262,272,362,379,379,410,43,119,119,119,119,133,153,153,254,254,268,568,119,134,144,144,144,144],"floor_reached":41,"playtime":1391,"items_purged":[],"score":493,"play_id":"4b4454b8-f0c2-4d57-b483-9bf51c9324d3","local_time":"20201223225237","is_ascension_mode":true,"campfire_choices":[{"data":"Blade Dance","floor":8,"key":"SMITH"},{"floor":15,"key":"REST"},{"floor":23,"key":"REST"},{"floor":27,"key":"REST"},{"floor":29,"key":"REST"},{"floor":32,"key":"REST"},{"floor":40,"key":"REST"}],"circlet_count":0,"master_deck":["Strike_G","Strike_G","Strike_G","Strike_G","Strike_G","Defend_G","Defend_G","Defend_G","Defend_G","Defend_G","Survivor","Neutralize","Backstab","Dagger Spray","Blade Dance+1","Caltrops","Choke","Noxious Fumes","Cloak And Dagger","Die Die Die","Adrenaline","Deflect+1","Accuracy","Deflect","Infinite Blades","Deflect","Finisher","Adrenaline","Backstab"],"relics":["Ring of the Snake","White Beast Statue","Gremlin Horn","Darkstone Periapt","WristBlade","Ornamental Fan","Bird Faced Urn","Ninja Scroll","Busted Crown","Old Coin","ClockworkSouvenir","Oddly Smooth Stone","Potion Belt"],"acts_visited":["Exordium","TheCity","TheBeyond"],"potions_floor_usage":[16,33,33,33,41,41,41],"damage_taken":[{"damage":0,"enemies":"Small Slimes","floor":1,"turns":5},{"damage":8,"enemies":"Jaw Worm","floor":2,"turns":7},{"damage":0,"enemies":"Cultist","floor":5,"turns":3},{"damage":13,"enemies":"3 Sentries","floor":6,"turns":8},{"damage":3,"enemies":"Large Slime","floor":10,"turns":4},{"damage":10,"enemies":"Red Slaver","floor":11,"turns":2},{"damage":15,"enemies":"Gremlin Nob","floor":12,"turns":4},{"damage":0,"enemies":"Lots of Slimes","floor":13,"turns":3},{"damage":0,"enemies":"3 Louse","floor":14,"turns":1},{"damage":47,"enemies":"The Guardian","floor":16,"turns":11},{"damage":15,"enemies":"Spheric Guardian","floor":18,"turns":4},{"damage":3,"enemies":"Shell Parasite","floor":20,"turns":2},{"damage":41,"enemies":"Cultist and Chosen","floor":22,"turns":6},{"damage":20,"enemies":"Book of Stabbing","floor":24,"turns":5},{"damage":9,"enemies":"Centurion and Healer","floor":30,"turns":4},{"damage":0,"enemies":"Chosen and Byrds","floor":31,"turns":4},{"damage":24,"enemies":"Collector","floor":33,"turns":5},{"damage":0,"enemies":"Orb Walker","floor":35,"turns":3},{"damage":49,"enemies":"3 Darklings","floor":38,"turns":4},{"damage":5,"enemies":"Jaw Worm Horde","floor":39,"turns":4},{"damage":85,"enemies":"Reptomancer","floor":41,"turns":3}],"seed_played":"-7237386982779810433","potions_obtained":[{"floor":1,"key":"sneckomod:MuddlingPotion"},{"floor":10,"key":"Poison Potion"},{"floor":11,"key":"Regen Potion"},{"floor":12,"key":"Energy Potion"},{"floor":13,"key":"BlessingOfTheForge"},{"floor":16,"key":"Weak Potion"},{"floor":20,"key":"CunningPotion"},{"floor":33,"key":"LiquidBronze"},{"floor":35,"key":"FearPotion"},{"floor":38,"key":"BlessingOfTheForge"},{"floor":39,"key":"ColorlessPotion"}],"is_trial":false,"path_per_floor":["M","M","?","?","M","E","$","R","T","M","M","E","M","M","R","B",null,"M","?","M","?","M","R","E","$","T","R","?","R","M","M","R","B",null,"M","?","$","M","M","R","E"],"character_chosen":"THE_SILENT","items_purchased":["Choke","Noxious Fumes","Bird Faced Urn","Infinite Blades","ClockworkSouvenir","Oddly Smooth Stone","Potion Belt"],"campfire_rested":6,"item_purchase_floors":[7,7,25,25,37,37,37],"current_hp_per_floor":[77,69,69,77,77,64,64,64,64,61,51,36,36,36,59,27,77,62,62,59,47,6,29,9,9,9,32,32,55,52,56,77,55,77,77,77,77,30,33,56,0,0],"gold":144,"neow_bonus":"TEN_PERCENT_HP_BONUS","is_daily":false,"chose_seed":false,"campfire_upgraded":1,"win_rate":0.0,"timestamp":1608799957,"path_taken":["M","M","?","?","M","E","?","R","T","M","M","E","M","M","R","BOSS","M","?","M","?","?","R","E","$","T","R","?","R","M","M","R","BOSS","M","?","$","?","?","R","E"],"items_purchased_type":["Card","Card","Relic","Card","Relic","Relic","Relic"],"build_version":"2020-12-22","purchased_purges":0,"victory":false,"max_hp_per_floor":[77,77,77,77,77,77,77,77,77,77,77,77,77,77,77,77,77,77,77,77,77,77,77,77,77,77,77,77,77,77,77,77,77,77,77,77,77,77,77,77,77,77],"card_choices":[{"not_picked":["Escape Plan","Sucker Punch"],"picked":"Backstab","floor":1},{"not_picked":["All Out Attack","Dagger Throw"],"picked":"Dagger Spray","floor":2},{"not_picked":["Flying Knee","Underhanded Strike"],"picked":"Blade Dance","floor":5},{"not_picked":["Well Laid Plans","Flying Knee"],"picked":"Caltrops","floor":6},{"not_picked":["Footwork","Acrobatics","Outmaneuver"],"picked":"SKIP","floor":10},{"not_picked":["Prepared","Footwork"],"picked":"Cloak And Dagger","floor":11},{"not_picked":["Distraction","Well Laid Plans","Outmaneuver"],"picked":"SKIP","floor":12},{"not_picked":["PiercingWail","Deadly Poison"],"picked":"Die Die Die","floor":13},{"not_picked":["Setup","Flechettes","PiercingWail"],"picked":"SKIP","floor":14},{"not_picked":["After Image","Corpse Explosion"],"picked":"Adrenaline","floor":16},{"not_picked":["Sucker Punch+1","Flying Knee+1"],"picked":"Deflect+1","floor":18},{"not_picked":["Flying Knee","Dagger Spray"],"picked":"Accuracy","floor":20},{"not_picked":["Distraction+1","Outmaneuver","Deadly Poison"],"picked":"SKIP","floor":22},{"not_picked":["Malaise","Caltrops"],"picked":"Deflect","floor":24},{"not_picked":["Deadly Poison","Acrobatics"],"picked":"Deflect","floor":30},{"not_picked":["Dagger Throw","Catalyst"],"picked":"Finisher","floor":31},{"not_picked":["Night Terror","A Thousand Cuts"],"picked":"Adrenaline","floor":33},{"not_picked":["Leg Sweep+1"],"picked":"SKIP","floor":35},{"not_picked":[],"picked":"Backstab","floor":38},{"not_picked":["Deadly Poison"],"picked":"SKIP","floor":39}],"player_experience":67098,"relics_obtained":[{"floor":6,"key":"White Beast Statue"},{"floor":9,"key":"Gremlin Horn"},{"floor":12,"key":"Darkstone Periapt"},{"floor":24,"key":"Ornamental Fan"},{"floor":26,"key":"Ninja Scroll"}],"event_choices":[{"damage_healed":0,"gold_gain":80,"player_choice":"Gained Gold","damage_taken":0,"max_hp_gain":0,"max_hp_loss":0,"event_name":"Golden Wing","floor":3,"gold_loss":0},{"damage_healed":19,"gold_gain":0,"player_choice":"Healed","damage_taken":0,"max_hp_gain":0,"max_hp_loss":0,"event_name":"The Cleric","floor":4,"gold_loss":35},{"damage_healed":0,"gold_gain":0,"player_choice":"Ignored","damage_taken":0,"max_hp_gain":0,"max_hp_loss":0,"event_name":"The Mausoleum","floor":19,"gold_loss":0},{"damage_healed":0,"gold_gain":90,"player_choice":"GOLD ","damage_taken":12,"max_hp_gain":0,"max_hp_loss":0,"event_name":"Knowing Skull","floor":21,"potions_obtained":[],"gold_loss":0,"cards_obtained":[]},{"damage_healed":0,"gold_gain":0,"player_choice":"Gave Potion","damage_taken":0,"relics_obtained":["Old Coin"],"max_hp_gain":0,"max_hp_loss":0,"event_name":"WeMeetAgain","floor":36,"gold_loss":0}],"is_beta":false,"boss_relics":[{"not_picked":["HoveringKite","Astrolabe"],"picked":"WristBlade"},{"not_picked":["Cursed Key","Black Star"],"picked":"Busted Crown"}],"items_purged_floors":[],"is_endless":false,"potions_floor_spawned":[1,10,11,12,13,14,16,18,20,22,24,30,31,33,35,38,39],"killed_by":"Reptomancer","ascension_level":2}}