{"host":"dg7tq0lxa83e07bl","time":1608808482,"event":{"mods":["Ascension Reborn","Aspiration","BaseMod","Hermit","Minty Spire (QoL Compilation)","Replay The Spire","Reworked Bosses","Ryuuou龙王","StSLib","【遗物卡牌】REMEMod","篝火指南"],"gold_per_floor":[113,129,149,149,149,149,179,123,123,142,173,42,59,97,97,217,217,248,248,262,382,405,442,442,71,101,136,160,180,193,206,206,324,324,341,391,391,408,427,465,465,493,522,522,542,602,640,686,686,692],"floor_reached":51,"playtime":2284,"items_purged":["Strike_B+1","Strike_B+1","Strike_B+1"],"score":150,"play_id":"b3761357-c054-4252-8e54-f7900841db02","local_time":"20201224191442","is_ascension_mode":true,"campfire_choices":[{"data":"Creative AI","floor":6,"key":"SMITH"},{"data":"Defragment","floor":15,"key":"SMITH"},{"data":"REME_PuzzleBox","floor":24,"key":"SMITH"},{"data":"Buffer","floor":24,"key":"SMITH"},{"floor":32,"key":"REST"},{"floor":44,"key":"DIG"},{"floor":49,"key":"DIG"}],"circlet_count":0,"master_deck":["Strike_B+1","Defend_B+2","Defend_B+1","Defend_B+1","Defend_B+2","Zap+1","Dualcast+1","REME_PuzzleBox+1","Creative AI+1","Ball Lightning","aspiration:Polymerization","Electrodynamics","Electrodynamics","Buffer+1","Defragment+1","Reboot+1","Conserve Battery+1","Thunder Strike+1","Loop+1","Chill+1","Specialist+1","Cold Snap+1","CurseOfTheBell","Panache+1","REME_SelfUpgrade+1","Capacitor","Static Discharge+1","Double Energy+1"],"relics":["Cracked Core","REME_ComplimentaryCards","aspiration:BabyByrd","Replay:Bottled Steam","Gremlin Horn","Orichalcum","Golden Egg","Replay:Arrowhead","REME_ChargedStone","Prayer Wheel","Toxic Egg 2","Bag of Preparation","Snack Pack","aspiration:FaultyCoupler","Blue Doll","aspiration:ChemicalBlood","PreservedInsect","Calipers","Replay:Grab Bag","Coffee Dripper","Sozu","SacredBark","Calling Bell","Lantern","Cables","Shovel","Replay:Bandana","Boot","Vajra","Simple Rune","HornCleat","Pondfish Scales","Juzu Bracelet","aspiration:MysteriousAuxiliaryCore","Prayer Wheel"],"acts_visited":["Exordium","TheCity","TheBeyond"],"potions_floor_usage":[33,33],"damage_taken":[{"damage":0,"enemies":"Small Slimes","floor":1,"turns":1},{"damage":0,"enemies":"2 Louse","floor":2,"turns":2},{"damage":0,"enemies":"Jaw Worm","floor":3,"turns":1},{"damage":12,"enemies":"Lagavulin","floor":7,"turns":5},{"damage":0,"enemies":"Exordium Thugs","floor":10,"turns":2},{"damage":0,"enemies":"3 Sentries","floor":11,"turns":2},{"damage":0,"enemies":"Large Slime","floor":13,"turns":2},{"damage":0,"enemies":"Gremlin Nob","floor":14,"turns":1},{"damage":0,"enemies":"Slime Boss","floor":16,"turns":3},{"damage":10,"enemies":"2 Thieves","floor":18,"turns":3},{"damage":8,"enemies":"Shell Parasite","floor":20,"turns":3},{"damage":15,"enemies":"Shelled Parasite and Fungi","floor":22,"turns":3},{"damage":5,"enemies":"Book of Stabbing","floor":23,"turns":3},{"damage":21,"enemies":"REME_1_Revenger","floor":27,"turns":3},{"damage":0,"enemies":"Centurion and Healer","floor":28,"turns":2},{"damage":0,"enemies":"Snake Plant","floor":29,"turns":3},{"damage":0,"enemies":"3 Cultists","floor":30,"turns":1},{"damage":0,"enemies":"Shelled Parasite and Fungi","floor":31,"turns":3},{"damage":4,"enemies":"bossMod:newChamp","floor":33,"turns":4},{"damage":0,"enemies":"3 Shapes","floor":35,"turns":2},{"damage":0,"enemies":"3 Darklings","floor":36,"turns":1},{"damage":0,"enemies":"Jaw Worm Horde","floor":38,"turns":2},{"damage":0,"enemies":"Writhing Mass","floor":39,"turns":2},{"damage":0,"enemies":"Giant Head","floor":40,"turns":4},{"damage":0,"enemies":"4 Shapes","floor":42,"turns":3},{"damage":0,"enemies":"Jaw Worm Horde","floor":45,"turns":2},{"damage":0,"enemies":"2 Orb Walkers","floor":46,"turns":3},{"damage":0,"enemies":"Maw","floor":47,"turns":4},{"damage":0,"enemies":"R_Hoarder","floor":48,"turns":3},{"damage":2,"enemies":"bossMod:newAwakened","floor":50,"turns":6}],"seed_played":"-7337159012145789250","potions_obtained":[{"floor":1,"key":"Explosive Potion"},{"floor":2,"key":"Languid Potion"},{"floor":2,"key":"SteroidPotion"},{"floor":13,"key":"Block Potion"},{"floor":33,"key":"GamblersBrew"},{"floor":33,"key":"SpeedPotion"}],"is_trial":false,"path_per_floor":["M","M","M","?","?","R","E","$","T","M","E","$","M","E","R","B",null,"M","?","M","?","M","E","R","$","T","E","M","M","M","M","R","B",null,"M","M","?","M","M","E","?","M","T","R","M","?","M","E","R","B",null],"character_chosen":"DEFECT","items_purchased":["Defragment","Specialist","aspiration:FaultyCoupler","Cold Snap"],"campfire_rested":1,"item_purchase_floors":[12,25,25,25],"current_hp_per_floor":[79,79,79,84,84,84,72,72,72,72,72,72,72,72,72,78,88,78,88,80,45,30,25,25,25,25,4,4,4,7,7,43,48,92,92,92,92,92,92,92,92,92,92,92,92,92,92,92,92,96],"gold":692,"neow_bonus":"ONE_RANDOM_RARE_CARD","is_daily":false,"chose_seed":false,"campfire_upgraded":4,"win_rate":0.0,"timestamp":1608808482,"path_taken":["M","M","M","?","?","R","E","$","T","M","E","$","M","E","R","BOSS","M","?","M","?","M","E","R","$","T","E","M","?","M","M","R","BOSS","M","M","?","M","M","E","?","M","T","R","M","?","M","E","R","BOSS"],"items_purchased_type":["Card","Card","Relic","Card"],"build_version":"2020-12-22","purchased_purges":3,"victory":true,"max_hp_per_floor":[79,79,79,84,84,84,84,84,84,84,84,84,84,84,84,88,88,88,88,88,88,88,88,88,88,88,88,88,88,88,88,88,92,92,92,92,92,92,92,92,92,92,92,92,92,92,92,92,92,96],"card_choices":[{"not_picked":["Panic Button","Fusion"],"picked":"Ball Lightning","floor":1},{"not_picked":["REME_Compress","Streamline","Turbo"],"picked":"SKIP","floor":2},{"not_picked":["ReplaySort","Meteor Strike"],"picked":"aspiration:Polymerization","floor":3},{"not_picked":["ReplayTheSpireMod:Reroute Power+1","Ball Lightning"],"picked":"Electrodynamics","floor":7},{"not_picked":["Streamline","BasicCrystalCard","Consume"],"picked":"SKIP","floor":7},{"not_picked":["Rebound","aspiration:Polymerization+1","Redo"],"picked":"SKIP","floor":10},{"not_picked":["Coolheaded","Redo"],"picked":"Electrodynamics","floor":11},{"not_picked":["Hologram","Gash"],"picked":"Buffer","floor":11},{"not_picked":["REME_DataAnalysis","Go for the Eyes","Steam"],"picked":"SKIP","floor":13},{"not_picked":["Undo","Cold Snap","Steam"],"picked":"SKIP","floor":14},{"not_picked":["ReplaySolidLightProjector","Beam Cell+1","ReplayTheSpireMod:System Scan"],"picked":"SKIP","floor":14},{"not_picked":["Reboot","Meteor Strike"],"picked":"ReplayTheSpireMod:Fabricate Wheel","floor":16},{"not_picked":["Stack+1","Crystallizer"],"picked":"Conserve Battery+1","floor":18},{"not_picked":["Go for the Eyes+1","Coolheaded+1","Conserve Battery+1"],"picked":"SKIP","floor":18},{"not_picked":["ReplayGash+1","Cold Snap"],"picked":"Thunder Strike","floor":20},{"not_picked":["Coolheaded+1","Sweeping Beam","BasicCrystalCard+1"],"picked":"SKIP","floor":20},{"not_picked":["Stack+1","Panic Button+1"],"picked":"Loop+1","floor":21},{"not_picked":["Steam+1","Tempest+1","Hologram+1"],"picked":"SKIP","floor":22},{"not_picked":["ReplayTheSpireMod:Repulse+1","Hologram+1","Beam Cell"],"picked":"SKIP","floor":22},{"not_picked":["Sweeping Beam+1","ReplayTheSpireMod:Omega Cannon"],"picked":"Chill+1","floor":23},{"not_picked":["Heatsinks","Hologram+1","Barrage+1"],"picked":"SKIP","floor":27},{"not_picked":["Ball Lightning+1","Hologram+1","Static Discharge+1"],"picked":"SKIP","floor":28},{"not_picked":["Sweeping Beam","Machine Learning","Stack+1"],"picked":"SKIP","floor":28},{"not_picked":["Steam+1","Barrage+1","Panic Button+1"],"picked":"SKIP","floor":29},{"not_picked":["ReplayTheSpireMod:Reroute Power+1","BasicCrystalCard+1","Doom and Gloom+1"],"picked":"SKIP","floor":29},{"not_picked":["Steam+1","Static Discharge","Cold Snap+1"],"picked":"SKIP","floor":30},{"not_picked":["Hologram+1","Compile Driver+1","BootSequence+1"],"picked":"SKIP","floor":30},{"not_picked":["ReplayTheSpireMod:Repulse+1","REME_SelfUpgrade","Leap+1"],"picked":"SKIP","floor":31},{"not_picked":["Ball Lightning","ReplaySort+1","Compile Driver+1"],"picked":"SKIP","floor":31},{"not_picked":["Steam+1","Barrage+1","Hologram+1"],"picked":"SKIP","floor":35},{"not_picked":["Cold Snap+1","Time Bomb+1","aspiration:Polymerization+1"],"picked":"SKIP","floor":35},{"not_picked":["Thunder Strike","Hologram+1","Compile Driver+1"],"picked":"SKIP","floor":36},{"not_picked":["ReplayTheSpireMod:GoodbyeWorld","Sweeping Beam+1","Scrape+1"],"picked":"SKIP","floor":36},{"not_picked":["Finesse+1","REME_ShortnessOfBreath+1"],"picked":"Panache","floor":37},{"not_picked":["Compile Driver+1","Steam+1","Static Discharge+1"],"picked":"SKIP","floor":38},{"not_picked":["Hologram+1","Stack+1","Compile Driver+1"],"picked":"SKIP","floor":38},{"not_picked":["Go for the Eyes","Chill+1"],"picked":"REME_SelfUpgrade+1","floor":39},{"not_picked":["Ball Lightning","Coolheaded+1","Tempest+1"],"picked":"SKIP","floor":39},{"not_picked":["aspiration:Polymerization+1","Force Field+1","Echo Form","Redo+1","Sweeping Beam"],"picked":"Capacitor","floor":40},{"not_picked":["Genetic Algorithm+1","Redo+1","Conserve Battery+1","ReplaySolidLightProjector+1"],"picked":"Static Discharge+1","floor":42},{"not_picked":["Ball Lightning","REME_SelfUpgrade+1","Stack+1","REME_Compress+1","Storm+1"],"picked":"SKIP","floor":42},{"not_picked":["Barrage","Leap+1","Compile Driver"],"picked":"SKIP","floor":45},{"not_picked":["Time Bomb+1","ReplayTheSpireMod:Repulse+1","REME_DataAnalysis+1"],"picked":"SKIP","floor":45},{"not_picked":["Barrage+1","Compile Driver","Crystallizer+1","Panic Button+1"],"picked":"Double Energy+1","floor":46},{"not_picked":["REME_Shoggoth","Panic Button+1","Rip and Tear","Cold Snap+1","Rebound","Beam Cell+1"],"picked":"SKIP","floor":47},{"not_picked":["White Noise+1","Panic Button+1","Ball Lightning+1","Rebound+1","Conserve Battery+1","Cold Snap+1"],"picked":"SKIP","floor":47},{"not_picked":["Sweeping Beam","Recycle+1","Ball Lightning+1"],"picked":"SKIP","floor":48}],"player_experience":82356,"relics_obtained":[{"floor":7,"key":"Replay:Bottled Steam"},{"floor":9,"key":"Gremlin Horn"},{"floor":11,"key":"Orichalcum"},{"floor":14,"key":"Golden Egg"},{"floor":16,"key":"Replay:Arrowhead"},{"floor":18,"key":"Toxic Egg 2"},{"floor":21,"key":"Bag of Preparation"},{"floor":23,"key":"Snack Pack"},{"floor":26,"key":"Blue Doll"},{"floor":26,"key":"aspiration:ChemicalBlood"},{"floor":27,"key":"PreservedInsect"},{"floor":33,"key":"Calipers"},{"floor":34,"key":"Lantern"},{"floor":34,"key":"Cables"},{"floor":34,"key":"Shovel"},{"floor":40,"key":"Replay:Bandana"},{"floor":43,"key":"Boot"},{"floor":43,"key":"Vajra"},{"floor":44,"key":"Simple Rune"},{"floor":45,"key":"HornCleat"},{"floor":46,"key":"Pondfish Scales"},{"floor":48,"key":"Juzu Bracelet"},{"floor":49,"key":"aspiration:MysteriousAuxiliaryCore"}],"event_choices":[{"damage_healed":0,"gold_gain":0,"player_choice":"Donut","damage_taken":0,"max_hp_gain":5,"max_hp_loss":0,"event_name":"Big Fish","floor":4,"gold_loss":0},{"damage_healed":0,"gold_gain":0,"player_choice":"Memory 1","damage_taken":0,"max_hp_gain":0,"max_hp_loss":0,"event_name":"SensoryStone","floor":37,"gold_loss":0},{"damage_healed":0,"gold_gain":0,"player_choice":"Ignored","damage_taken":0,"max_hp_gain":0,"max_hp_loss":0,"event_name":"Tomb of Lord Red Mask","floor":41,"gold_loss":0},{"damage_healed":0,"gold_gain":0,"player_choice":"Fight","damage_taken":0,"max_hp_gain":0,"max_hp_loss":0,"event_name":"Mysterious Sphere","floor":46,"gold_loss":0}],"is_beta":false,"boss_relics":[{"not_picked":["aspiration:SecretTechniqueScroll","Replay:Bronze Core"],"picked":"REME_ChargedStone"},{"not_picked":["Nuclear Battery","aspiration:BursterCore"],"picked":"Replay:Grab Bag"},{"not_picked":["Fusion Hammer","Velvet Choker"],"picked":"Coffee Dripper"},{"not_picked":["Runic Dome","Cursed Key"],"picked":"Sozu"},{"not_picked":["REME_DemonsWealth","Ring of Chaos"],"picked":"SacredBark"},{"not_picked":["Snecko Eye","aspiration:RunicSpoon"],"picked":"Calling Bell"}],"items_purged_floors":[8,12,25],"is_endless":false,"potions_floor_spawned":[2,10,13,16,22,28,29,33,39,40,42,45,46,48],"ascension_level":-20}}