{"host":"yb1yv0i4ygq2c9jc","time":1608848823,"event":{"mods":["2.2 Compatiblity","AchievementEnabler","Act Like it!","Alarm Clock","Aspiration","BaseMod","Bestiary","Better Altar","Better Match","Better Note","Better Sensory Stone","Better Skull","Better Third Choice","CCEM","CapriCore","ChefMod","Colored Powertips","Displayed Cursed Tome","Elementarium","Energized Spire","Fiend Mod","GifTheSpireLib","Hallownest","Hermit","Infinite Spire","JesterMod","Luminous","Magitek Elite","Marisa????????","Marked Mod","Mimic Mod","Minty Spire (QoL Compilation)","Pale of the Ancients","Puzzle Mod","Rare Cards Sparkle","Relic Stats","Remilia??????","Replay The Spire","Robot Space Explorer","SOS???????","Shade Mod","Slumbering Mod","Spicy Shops","StSLib","The Animator","The Clintock","The Dragon Tamer","The Edgeheg","The Elementalist","The Forsaken","The Hayseed","The Immortal","The Marked","The Necromancer","The Problem Sleuth","The Runesmith","The Senshi","The Servant 0.9.4","TheArtist","TheBandit","TheFirefly","TheVacant","Thieving Mod","Wandering Minibosses"],"gold_per_floor":[113,128,2,2,2,34,34,34,61,61,61,79,98,109,109,206,206,224,224,244,244,262,262,282,282,309,54,54,81,81,81,81,185,185,204,204,224,149,149,149,179,179,226,226,246,246,263,280,280,280,280,280,139,166,166,166],"floor_reached":55,"playtime":3478,"items_purged":["Shade:Strike_Shade","Shade:Strike_Shade"],"score":638,"play_id":"76dfa635-ff8f-48af-8c03-b1b535e51a13","local_time":"20201224142703","is_ascension_mode":false,"campfire_choices":[{"data":"Shade:OpenGraves","floor":8.0,"key":"SMITH"},{"data":"Shade:Bonestorm","floor":15.0,"key":"SMITH"},{"data":"Shade:AuraOfUnlife","floor":23.0,"key":"SMITH"},{"data":"Shade:PressTheAttack","floor":25.0,"key":"SMITH"},{"data":"Shade:UnbarTheGrave","floor":32.0,"key":"SMITH"},{"floor":40.0,"key":"RECALL"},{"data":"Shade:WallOfFlesh","floor":44.0,"key":"SMITH"},{"data":"Shade:LichForm","floor":46,"key":"SMITH"},{"data":"Elementarium:IceblessedBlade","floor":49,"key":"SMITH"},{"data":"Shade:Coordination","floor":52,"key":"SMITH"}],"circlet_count":0,"master_deck":["Shade:Defend_Shade","Shade:Defend_Shade","Shade:Defend_Shade","Shade:Defend_Shade","Shade:AnimateDead+1","Shade:CarefulCut+1","Shade:Bonestorm+1","Shade:OpenGraves+1","Shade:WallOfFlesh+1","Pot Of Greed","Pot Of Greed","Shade:AblativeArmor","Replay:Bootleg Shield Generator+1","Shade:PressTheAttack+1","Shade:CoffinDance+1","Shade:PressTheAttack+1","ReplayTheSpireMod:Private Reserves+1","Shade:UnbarTheGrave+1","Shade:AuraOfUnlife+1","Shade:GraveStillness","Shade:Bite_Shade+1","Shade:CallWraith+1","Pot Of Greed","Elementarium:IceblessedBlade+1","Shade:LichForm+1","Shade:Brains+1","Specialist+1","Shade:FuneraryArmor","Shade:Coordination+1","Shade:OpenGraves","Finesse","Mayhem","Shade:CallWraith","Pot Of Greed"],"relics":["Shade:YorickSkull","Grinning Jar","Prayer Wheel","Replay:Wax Seal","CCEMRelics:FestiveHat","Velvet Choker","Whetstone","Toy Ornithopter","ReplayFunnel","Elementarium:ElementariumTrophy","Empty Cage","CCEMRelics:OverlyComfyChair","CCEMRelics:SpiritsEdge","Tintinnabulum","wanderingMiniBosses:OtherGremlinHorn","ReplayTheSpireMod:ShopPack","Orichalcum"],"acts_visited":["Exordium","Exordium","TheBeyond","TheEnding"],"potions_floor_usage":[52,55,55],"damage_taken":[{"damage":0.0,"enemies":"Cultist","floor":1.0,"turns":3.0},{"damage":0.0,"enemies":"2 Louse","floor":2.0,"turns":2.0},{"damage":0.0,"enemies":"Lagavulin","floor":6.0,"turns":8.0},{"damage":2.0,"enemies":"Jaw Worm","floor":12.0,"turns":3.0},{"damage":1.0,"enemies":"Looter","floor":13.0,"turns":7.0},{"damage":5.0,"enemies":"Exordium Wildlife","floor":14.0,"turns":3.0},{"damage":3.0,"enemies":"The Guardian","floor":16.0,"turns":11.0},{"damage":0.0,"enemies":"Elementarium:2_ELEMENTALS","floor":18.0,"turns":3.0},{"damage":4.0,"enemies":"Elementarium:MUD_AND_TAR_GOLEMS","floor":20.0,"turns":5.0},{"damage":19.0,"enemies":"Elementarium:3_ELEMENTALS","floor":22.0,"turns":7.0},{"damage":2.0,"enemies":"Elementarium:VOID_CORRUPTION_AND_TAR_GOLEM","floor":24.0,"turns":7.0},{"damage":18.0,"enemies":"Elementarium:WarGolem","floor":29.0,"turns":7.0},{"damage":0.0,"enemies":"Elementarium:GolemEmperor","floor":33.0,"turns":12.0},{"damage":14.0,"enemies":"3 Darklings","floor":35.0,"turns":6.0},{"damage":0.0,"enemies":"3 Shapes","floor":37.0,"turns":4.0},{"damage":30.0,"enemies":"Nemesis","floor":41.0,"turns":7.0},{"damage":4.0,"enemies":"Maw","floor":45.0,"turns":6.0},{"damage":0,"enemies":"Writhing Mass","floor":47,"turns":4},{"damage":0,"enemies":"Spire Growth","floor":48,"turns":4},{"damage":5,"enemies":"Replay:Hell Engine","floor":50,"turns":10},{"damage":16,"enemies":"Shield and Spear","floor":54,"turns":7},{"damage":69,"enemies":"The Heart","floor":55,"turns":6}],"seed_played":"8375311241161920324","potions_obtained":[{"floor":1.0,"key":"Flashbang"},{"floor":6.0,"key":"SteroidPotion"},{"floor":13.0,"key":"ColorlessPotion"},{"floor":24.0,"key":"Fire Potion"},{"floor":29.0,"key":"Regen Potion"},{"floor":35.0,"key":"Languid Potion"},{"floor":41.0,"key":"Fruit Juice"},{"floor":54,"key":"Toxic Potion"}],"is_trial":false,"path_per_floor":["M","M","$","?","$","E","?","R","T","$","?","M","M","M","R","B",null,"M","?","M","?","M","R","M","R","T","$","?","E","$","?","R","B",null,"M","T","M","?","?","R","E","?","T","R","M","R","M","M","R","B",null,"R","$","E","B"],"character_chosen":"SHADE","items_purchased":["Shade:WallOfFlesh","Whetstone","Shade:OpenGraves","ReplayTheSpireMod:ShopPack"],"campfire_rested":0,"item_purchase_floors":[3,27,53,53],"current_hp_per_floor":[65,65,65,62,62,62,62,62,62,62,61,59,58,53,53,50,65,65,65,61,61,48,48,49,49,49,49,49,37,37,12,12,44,65,54,54,58,58,58,58,34,34,34,35,40,41,46,52,53,55,62,67,67,57,0,0],"gold":166,"neow_bonus":"UPGRADE_CARD","is_daily":false,"chose_seed":false,"campfire_upgraded":9,"win_rate":0.0,"timestamp":1608848823,"path_taken":["M","M","?","?","$","E","?","R","T","$","?","M","M","M","R","BOSS","M","?","M","?","M","R","?","R","T","?","?","E","$","?","R","BOSS","M","?","M","?","?","R","E","?","T","R","M","R","?","M","R","BOSS","R","$","E","BOSS"],"items_purchased_type":["Card","Relic","Card","Relic"],"build_version":"2020-12-22","purchased_purges":2,"victory":false,"max_hp_per_floor":[65,65,65,65,65,65,65,65,65,65,65,65,65,65,65,65,65,65,65,65,65,65,65,65,65,65,65,65,65,65,65,65,65,65,65,65,65,65,62,62,62,62,62,62,62,62,62,62,62,62,62,67,67,67,67,67],"relic_stats":{"counters":[22,132],"Prayer Wheel":12,"Whetstone":["Shade:PressTheAttack","Shade:CarefulCut"],"Orichalcum":[6],"obtain_stats":[{"ReplayFunnel":31,"Shade:YorickSkull":0,"Velvet Choker":17,"Whetstone":27,"wanderingMiniBosses:OtherGremlinHorn":45,"Orichalcum":54,"Empty Cage":34,"CCEMRelics:SpiritsEdge":41,"CCEMRelics:FestiveHat":11,"Elementarium:ElementariumTrophy":33,"CCEMRelics:OverlyComfyChair":36,"Tintinnabulum":43,"Prayer Wheel":6,"Grinning Jar":4,"Replay:Wax Seal":9,"Toy Ornithopter":29,"ReplayTheSpireMod:ShopPack":53},{"ReplayFunnel":12,"Shade:YorickSkull":0,"Velvet Choker":7,"Whetstone":11,"wanderingMiniBosses:OtherGremlinHorn":17,"Orichalcum":21,"Empty Cage":13,"CCEMRelics:SpiritsEdge":16,"CCEMRelics:FestiveHat":3,"Elementarium:ElementariumTrophy":13,"CCEMRelics:OverlyComfyChair":14,"Tintinnabulum":16,"Prayer Wheel":3,"Grinning Jar":2,"Replay:Wax Seal":3,"Toy Ornithopter":12,"ReplayTheSpireMod:ShopPack":20},{"ReplayFunnel":66,"Shade:YorickSkull":0,"Velvet Choker":37,"Whetstone":59,"wanderingMiniBosses:OtherGremlinHorn":101,"Orichalcum":126,"Empty Cage":78,"CCEMRelics:SpiritsEdge":95,"CCEMRelics:FestiveHat":13,"Elementarium:ElementariumTrophy":78,"CCEMRelics:OverlyComfyChair":84,"Tintinnabulum":95,"Prayer Wheel":13,"Grinning Jar":5,"Replay:Wax Seal":13,"Toy Ornithopter":66,"ReplayTheSpireMod:ShopPack":119}],"Toy Ornithopter":19},"card_choices":[{"not_picked":["Shade:Bite_Shade","Shade:Carnophage"],"picked":"Shade:Bonestorm","floor":1.0},{"not_picked":["Shade:GoDigging","Shade:ScuttlingHand"],"picked":"Shade:OpenGraves","floor":2.0},{"not_picked":["Shade:Frenzy","Shade:PressTheAttack"],"picked":"Shade:AblativeArmor","floor":6.0},{"not_picked":["Impatience+1","Master of Strategy+1"],"picked":"Replay:Bootleg Shield Generator+1","floor":12.0},{"not_picked":["Shade:FeralStrike","Shade:FuneraryArmor"],"picked":"Shade:PressTheAttack","floor":12.0},{"not_picked":["Shade:CommandSoldier","Shade:Doomsay"],"picked":"Shade:CoffinDance","floor":12.0},{"not_picked":["Shade:FeralStrike","Shade:Frenzy"],"picked":"Shade:PressTheAttack","floor":13.0},{"not_picked":["Panache+1","Madness+1","theEdgeheg:GoldKatana+1"],"picked":"SKIP","floor":13.0},{"not_picked":["Shade:SkeletonHug","Shade:RavenousHorde","Shade:Brains"],"picked":"SKIP","floor":13.0},{"not_picked":["Panache+1","theSlumbering:BombToss+1"],"picked":"ReplayTheSpireMod:Private Reserves+1","floor":14.0},{"not_picked":["Shade:Carnophage","Shade:FleshLikeOak","Shade:DangerousRitual"],"picked":"SKIP","floor":14.0},{"not_picked":["Shade:BoneShards","Shade:Awaken","Shade:FleshLikeOak"],"picked":"SKIP","floor":14.0},{"not_picked":["Shade:MadHubris","Shade:OfferingToTheBeyond"],"picked":"Shade:UnbarTheGrave","floor":16.0},{"not_picked":["Shade:RavenousHorde","Shade:OpenGraves"],"picked":"Shade:AuraOfUnlife","floor":18.0},{"not_picked":["Shade:SkeletonHug+1","Shade:CallWraith"],"picked":"Shade:GraveStillness","floor":18.0},{"not_picked":["Shade:FingerOfDeath","Shade:Premonition"],"picked":"Shade:Bite_Shade+1","floor":20.0},{"not_picked":["Shade:GraveStillness","Shade:CallWraith","Shade:Doomsay"],"picked":"SKIP","floor":20.0},{"not_picked":["Shade:SpontaneousRitual+1","Shade:SoulToxin+1"],"picked":"Shade:CallWraith+1","floor":21.0},{"not_picked":["Shade:FingerOfDeath+1","Shade:FreshBones","Shade:GreyBargain"],"picked":"SKIP","floor":22.0},{"not_picked":["Shade:GoDigging","Shade:CommandSoldier","Shade:CallOfTheGrave"],"picked":"SKIP","floor":22.0},{"not_picked":["Shade:LastGasp","Shade:Bonestorm","Shade:AuraOfUnlife"],"picked":"SKIP","floor":24.0},{"not_picked":["Shade:Bite_Shade","Shade:ClawBack","Shade:RitualOffering"],"picked":"SKIP","floor":24.0},{"not_picked":["Shade:AncientSpear","Shade:PoundOfFlesh","Shade:ClawBack"],"picked":"SKIP","floor":29.0},{"not_picked":["Shade:OminousRitual","Shade:SoulPierce"],"picked":"Shade:LichForm","floor":33.0},{"not_picked":["Shade:Trample+1","Shade:FreshBones"],"picked":"Shade:Brains+1","floor":35.0},{"not_picked":["Shade:CallWraith+1","Shade:FreshBones","Shade:SpontaneousRitual+1"],"picked":"SKIP","floor":35.0},{"not_picked":["Shade:WallOfFlesh","Shade:FingerOfDeath+1","Shade:Doomsay"],"picked":"SKIP","floor":37.0},{"not_picked":["Shade:ClawBack","Shade:TouchOfTheGrave","Shade:Frenzy"],"picked":"SKIP","floor":37.0},{"not_picked":["Survey Options+1","Dramatic Entrance+1"],"picked":"Specialist+1","floor":38.0},{"not_picked":["Shade:FeralStrike","Shade:FleshOffering"],"picked":"Shade:FuneraryArmor","floor":41.0},{"not_picked":["Shade:MadHubris","Shade:SpontaneousRitual","Shade:GraveStillness+1"],"picked":"SKIP","floor":45.0},{"not_picked":["Shade:FeralStrike+1","Shade:Bonestorm","Shade:FingerOfDeath"],"picked":"SKIP","floor":45.0},{"not_picked":["Shade:BoneShards","Shade:CoffinDance","Shade:SpontaneousRitual+1"],"picked":"SKIP","floor":47},{"not_picked":["Shade:SpectralStrikes","Shade:FeralStrike+1","Shade:Excise"],"picked":"SKIP","floor":47},{"not_picked":["Shade:GreyBargain+1","Shade:StitchTogether+1"],"picked":"Shade:Coordination","floor":48},{"not_picked":["Shade:CommandSoldier+1","Shade:SkeletonHug","Shade:Excise"],"picked":"SKIP","floor":48},{"not_picked":["theSlumbering:BombToss","Swift Strike"],"picked":"Finesse","floor":53},{"not_picked":["Transmutation","Panache"],"picked":"Mayhem","floor":53},{"not_picked":["Shade:PotionOfRestlessness+1","Shade:CallOfTheGrave+1"],"picked":"Shade:CallWraith","floor":54}],"player_experience":481197,"relics_obtained":[{"floor":6.0,"key":"Prayer Wheel"},{"floor":9.0,"key":"Replay:Wax Seal"},{"floor":29.0,"key":"Toy Ornithopter"},{"floor":36.0,"key":"CCEMRelics:OverlyComfyChair"},{"floor":41.0,"key":"CCEMRelics:SpiritsEdge"},{"floor":43.0,"key":"Tintinnabulum"},{"floor":45.0,"key":"wanderingMiniBosses:OtherGremlinHorn"},{"floor":54,"key":"Orichalcum"}],"event_choices":[{"damage_healed":0.0,"max_hp_gain":0.0,"max_hp_loss":0.0,"gold_gain":0.0,"event_name":"betterThird:BetterScrap","player_choice":"Relic ","floor":4.0,"gold_loss":0.0,"damage_taken":3.0,"cards_obtained":["Sever Soul"]},{"damage_healed":0.0,"max_hp_gain":0.0,"max_hp_loss":0.0,"gold_gain":0.0,"event_name":"betterMatch:BetterMatch","player_choice":"2","floor":21.0,"gold_loss":0.0,"damage_taken":0.0,"cards_obtained":["betterMatch:UncommonCard"]},{"damage_healed":0.0,"max_hp_gain":0.0,"max_hp_loss":0.0,"gold_gain":0.0,"event_name":"Elementarium:BladeSeller","player_choice":"Take","floor":28.0,"gold_loss":0.0,"damage_taken":0.0,"cards_obtained":["Elementarium:IceblessedBlade"]},{"damage_healed":0.0,"max_hp_gain":0.0,"max_hp_loss":0.0,"gold_gain":0.0,"event_name":"betterSkull:BetterSkull","player_choice":"RE UP ","floor":31.0,"gold_loss":0.0,"damage_taken":29.0,"cards_upgraded":["Shade:CoffinDance"],"relics_obtained":["ReplayFunnel"]},{"damage_healed":0.0,"max_hp_gain":0.0,"max_hp_loss":0.0,"gold_gain":0.0,"event_name":"betterMatch:BetterMatch","player_choice":"2","floor":38.0,"gold_loss":0.0,"damage_taken":0.0,"cards_obtained":["betterMatch:ColorlessUncommonCard"]},{"damage_healed":0.0,"max_hp_gain":0.0,"max_hp_loss":3.0,"gold_gain":0.0,"event_name":"Winding Halls","player_choice":"Max HP","floor":39.0,"gold_loss":0.0,"damage_taken":0.0},{"damage_healed":0.0,"max_hp_gain":0.0,"max_hp_loss":0.0,"gold_gain":0.0,"event_name":"Elementarium:ChestOfTheGoldenMirage","player_choice":"Ignored","floor":42.0,"gold_loss":0.0,"damage_taken":0.0}],"is_beta":false,"boss_relics":[{"not_picked":["CCEMRelics:GreenEgg","Fusion Hammer"],"picked":"Velvet Choker"},{"not_picked":["aspiration:DefectSkillbook","aspiration:MobileForge"],"picked":"Empty Cage"}],"items_purged_floors":[3,27],"is_endless":false,"potions_floor_spawned":[1,6,13,16,24,29,35,41,54],"killed_by":"The Heart","ascension_level":0}}