{"host":"fkig9nrckec4xsh0","time":1608846450,"event":{"mods":["BaseMod","Colored Map","Minty Spire (QoL Compilation)","Quick Restart","Replay The Spire","StSLib"],"gold_per_floor":[109,109,126,126,126,156,166,192,192,192,223,234,248,282,282,282,282],"floor_reached":16,"playtime":464,"items_purged":[],"score":233,"play_id":"d93b9d2f-29b1-4689-bb72-5e36bda704d2","local_time":"20201224164730","is_ascension_mode":true,"campfire_choices":[{"data":"Go for the Eyes","floor":10,"key":"SMITH"},{"floor":15,"key":"REST"}],"circlet_count":0,"master_deck":["AscendersBane","Strike_B","Strike_B","Strike_B","Strike_B","Defend_B","Defend_B","Defend_B","Defend_B","Zap","Dualcast","FTL","FTL","Go for the Eyes+1","Ball Lightning","ReplayTheSpireMod:Omega Cannon","Capacitor","Genetic Algorithm"],"relics":["Cracked Core","NeowsBlessing","Omamori","Replay:Bottled Snecko","DataDisk","Juzu Bracelet","Art of War","Peace Pipe"],"acts_visited":["Exordium"],"potions_floor_usage":[14],"damage_taken":[{"damage":0,"enemies":"Small Slimes","floor":1,"turns":1},{"damage":0,"enemies":"2 Louse","floor":3,"turns":1},{"damage":0,"enemies":"Lagavulin","floor":6,"turns":1},{"damage":1,"enemies":"Cultist","floor":7,"turns":3},{"damage":17,"enemies":"Gremlin Nob","floor":8,"turns":4},{"damage":20,"enemies":"Lagavulin","floor":11,"turns":4},{"damage":13,"enemies":"Large Slime","floor":12,"turns":3},{"damage":0,"enemies":"2 Fungi Beasts","floor":13,"turns":2},{"damage":8,"enemies":"Gremlin Nob","floor":14,"turns":3},{"damage":35,"enemies":"The Guardian","floor":16,"turns":5}],"seed_played":"-8634133631562128253","potions_obtained":[{"floor":3,"key":"Strength Potion"},{"floor":6,"key":"Strength Potion"},{"floor":11,"key":"Fire Potion"},{"floor":14,"key":"PotionOfCapacity"}],"is_trial":false,"path_per_floor":["M","?","M","?","?","E","M","E","T","R","E","M","M","E","R","B"],"character_chosen":"DEFECT","items_purchased":[],"campfire_rested":1,"item_purchase_floors":[],"current_hp_per_floor":[68,68,68,68,68,68,67,50,50,50,30,17,17,9,31,0,0],"gold":282,"neow_bonus":"THREE_ENEMY_KILL","is_daily":false,"chose_seed":false,"campfire_upgraded":1,"win_rate":0.0,"timestamp":1608846450,"path_taken":["M","?","M","?","?","E","M","E","T","R","E","M","M","E","R","BOSS"],"items_purchased_type":[],"build_version":"2020-12-22","purchased_purges":0,"victory":false,"max_hp_per_floor":[75,75,75,75,75,75,75,75,75,75,75,75,75,75,75,75,75],"card_choices":[{"not_picked":["Compile Driver","Leap"],"picked":"FTL","floor":1},{"not_picked":["Panic Button","Hologram"],"picked":"FTL","floor":3},{"not_picked":["Panic Button","Seek"],"picked":"Go for the Eyes","floor":6},{"not_picked":["Compile Driver","ReplayTheSpireMod:System Scan","Reprogram"],"picked":"SKIP","floor":7},{"not_picked":["Hello World","Coolheaded"],"picked":"Ball Lightning","floor":8},{"not_picked":["Turbo","ReplaySolidLightProjector","Hologram"],"picked":"SKIP","floor":11},{"not_picked":["Compile Driver","Hologram"],"picked":"ReplayTheSpireMod:Omega Cannon","floor":12},{"not_picked":["ReplayTheSpireMod:Repulse","Go for the Eyes"],"picked":"Capacitor","floor":13},{"not_picked":["Coolheaded","Heatsinks"],"picked":"Genetic Algorithm","floor":14}],"player_experience":278603,"relics_obtained":[{"floor":6,"key":"Replay:Bottled Snecko"},{"floor":8,"key":"DataDisk"},{"floor":9,"key":"Juzu Bracelet"},{"floor":11,"key":"Art of War"},{"floor":14,"key":"Peace Pipe"}],"event_choices":[{"damage_healed":0,"gold_gain":0,"player_choice":"Box","damage_taken":0,"relics_obtained":["Omamori"],"max_hp_gain":0,"max_hp_loss":0,"event_name":"Big Fish","floor":2,"gold_loss":0,"cards_obtained":["Regret"]},{"cards_removed":["Regret"],"damage_healed":0,"gold_gain":0,"player_choice":"Forget","damage_taken":0,"max_hp_gain":0,"max_hp_loss":0,"event_name":"Living Wall","floor":4,"gold_loss":0},{"damage_healed":0,"gold_gain":0,"player_choice":"Bought 0 Potions","damage_taken":0,"max_hp_gain":0,"max_hp_loss":0,"event_name":"The Woman in Blue","floor":5,"gold_loss":0}],"is_beta":false,"boss_relics":[],"items_purged_floors":[],"is_endless":false,"potions_floor_spawned":[3,6,11,14],"killed_by":"The Guardian","ascension_level":10}}