{"host":"h8l1uc7c2i19r904","time":1608769804,"event":{"mods":["AchievementEnabler","BaseMod","Colored Map","Colored Powertips","Downfall","Minty Spire (QoL Compilation)","Quick Restart","Replay The Spire","StSLib","SuperFastMode"],"gold_per_floor":[117,212,9,9,26,61,61,86,86,3,14,24,24,24,24,125,125,144,75,75,75,92,92,92],"floor_reached":23,"playtime":737,"items_purged":[],"score":272,"play_id":"1dcf5d6f-70f6-473b-97c2-1e5255b9ef54","local_time":"20201223163004","is_ascension_mode":false,"campfire_choices":[{"data":"Deep Breath","floor":13,"key":"SMITH"},{"data":"Demonic Infusion","floor":15,"key":"SMITH"}],"circlet_count":0,"master_deck":["Strike_R","Strike_R","Strike_R","Strike_R","Strike_R+1","Defend_R","Defend_R","Defend_R","Defend_R","Bash","Seeing Red","Seeing Red+1","Clash","Cleave","Inflame+1","Heavy Blade","ReplayTheSpireMod:Limb From Limb","Demonic Infusion+1","Deep Breath+1","Flex","Fiend Fire","Flex","Pummel","Hallucinations","Slimebound:CheckThePlaybook","Massacre"],"relics":["Burning Blood","NeowsBlessing","Brimstone","Matryoshka","Replay:Wax Seal","Ancient Tea Set","Mercury Hourglass","BranchBurnRelic","Mark of Pain","ReplayTheSpireMod:Ring of Exchange","Ring of Peace"],"acts_visited":["Exordium","TheCity"],"potions_floor_usage":[22,22,22,23],"damage_taken":[{"damage":0,"enemies":"2 Louse","floor":1,"turns":1},{"damage":0,"enemies":"Small Slimes","floor":5,"turns":2},{"damage":0,"enemies":"3 Sentries","floor":6,"turns":2},{"damage":6,"enemies":"Gremlin Nob","floor":8,"turns":3},{"damage":2,"enemies":"Jaw Worm","floor":11,"turns":2},{"damage":17,"enemies":"Gremlin Gang","floor":12,"turns":3},{"damage":0,"enemies":"Slime Boss","floor":16,"turns":2},{"damage":29,"enemies":"Shell Parasite","floor":18,"turns":4},{"damage":45,"enemies":"3 Byrds","floor":22,"turns":4},{"damage":21,"enemies":"Book of Stabbing","floor":23,"turns":3}],"seed_played":"4708939179564997949","potions_obtained":[{"floor":1,"key":"champ:CounterPotion"},{"floor":6,"key":"Adrenaline Potion"},{"floor":11,"key":"ColorlessPotion"},{"floor":22,"key":"Strength Potion"}],"is_trial":false,"path_per_floor":["M","?","$","?","M","E","?","E","T","$","M","M","R","?","R","B",null,"M","$","?","?","M","E"],"character_chosen":"IRONCLAD","items_purchased":["Brimstone","Inflame+1","Deep Breath","Pummel"],"campfire_rested":0,"item_purchase_floors":[3,3,10,19],"current_hp_per_floor":[80,80,80,80,80,80,80,80,80,80,80,69,69,62,62,73,80,57,57,57,57,18,0,0],"gold":92,"neow_bonus":"THREE_ENEMY_KILL","is_daily":false,"chose_seed":false,"campfire_upgraded":2,"win_rate":0.0,"timestamp":1608769804,"path_taken":["M","?","$","?","M","E","?","E","T","?","?","?","R","?","R","BOSS","M","$","?","?","M","E"],"items_purchased_type":["Relic","Card","Card","Card"],"build_version":"2020-12-22","purchased_purges":0,"victory":false,"max_hp_per_floor":[80,80,80,80,80,80,80,80,80,80,80,80,80,80,80,80,80,80,80,80,72,72,72,72],"card_choices":[{"not_picked":["Armaments","Warcry"],"picked":"Seeing Red","floor":1},{"not_picked":["Replay:Undeath\u0027s Touch","Clothesline"],"picked":"Seeing Red","floor":2},{"not_picked":["Run Through","Anger"],"picked":"Clash","floor":2},{"not_picked":["Havoc","Sword Boomerang"],"picked":"Cleave","floor":2},{"not_picked":["Headbutt","Hemokinesis"],"picked":"Heavy Blade","floor":5},{"not_picked":["Metallicize","Pommel Strike"],"picked":"ReplayTheSpireMod:Limb From Limb","floor":6},{"not_picked":["Headbutt","Sword Boomerang"],"picked":"Demonic Infusion","floor":8},{"not_picked":["ReplayTheSpireMod:Corrosion Curse","Sword Boomerang"],"picked":"Flex","floor":11},{"not_picked":["Warcry","Body Slam","Rupture"],"picked":"SKIP","floor":12},{"not_picked":["Reaper","Replay:Many Hands"],"picked":"Fiend Fire","floor":16},{"not_picked":["Anger","Armaments+1"],"picked":"Flex","floor":18},{"not_picked":["Blood for Blood","Clothesline"],"picked":"Massacre","floor":22}],"player_experience":124926,"relics_obtained":[{"floor":6,"key":"Matryoshka"},{"floor":8,"key":"Replay:Wax Seal"},{"floor":9,"key":"Ancient Tea Set"},{"floor":9,"key":"Mercury Hourglass"},{"floor":20,"key":"ReplayTheSpireMod:Ring of Exchange"},{"floor":20,"key":"Ring of Peace"}],"event_choices":[{"damage_healed":0,"gold_gain":0,"player_choice":"Grow","damage_taken":0,"max_hp_gain":0,"max_hp_loss":0,"event_name":"Living Wall","floor":4,"gold_loss":0,"cards_upgraded":["Seeing Red"]},{"damage_healed":0,"gold_gain":0,"player_choice":"Success","damage_taken":7,"relics_obtained":["Dead Branch"],"max_hp_gain":0,"max_hp_loss":0,"event_name":"Scrap Ooze","floor":14,"gold_loss":0}],"is_beta":false,"boss_relics":[{"not_picked":["Velvet Choker","Runic Cube"],"picked":"Mark of Pain"}],"items_purged_floors":[],"is_endless":false,"potions_floor_spawned":[1,6,11,12,18,22],"killed_by":"Book of Stabbing","ascension_level":0}}