{"host":"Charlie","time":1608777996,"event":{"mods":["Aspiration","BaseMod","Better Match","Better Skull","Better Third Choice","BetterRewards","ChefMod","Colored Map","Colored Powertips","Conspire","Curses Come First","Downfall","Ekko","Friendly Minions","Halation","Hermit","Hubris","Infinite Spire","Luminous","Melee Mod","Minty Spire (QoL Compilation)","Quick Restart","Rare Cards Sparkle","Relic Stats","Robot Space Explorer","Shade Mod","Spicy Shops","StSLib","SuperFastMode","Synergy Search","The Animator","The Blue Laboratory","The Cursed","The Dragon Tamer","The Factory","The Gatherer","The Jungle","The Marked","The Necromancer","Unceasing Turn Reminder","vexMod"],"gold_per_floor":[19,19,19,31,44,44,44,75,75,102,114,114,147,147,147,147,147],"floor_reached":16,"playtime":697,"items_purged":[],"score":124,"play_id":"8b398e16-6f6c-4cd0-b9c8-c3b72233a5e8","local_time":"20201223184636","is_ascension_mode":true,"campfire_choices":[{"data":"Luminous:Freud_Wisdom1_Luminous","floor":6,"key":"SMITH"},{"floor":12,"key":"REST"},{"floor":15,"key":"REST"}],"circlet_count":0,"master_deck":["Luminous:Light_Flash_Shower+1","Luminous:Light_Flash_Shower","Luminous:Light_Flash_Shower","Luminous:Dark_Abyssal_Drop+1","Luminous:Dark_Abyssal_Drop","Luminous:Dark_Abyssal_Drop","Luminous:Defend_Luminous","Luminous:Defend_Luminous","Luminous:Defend_Luminous","Luminous:Defend_Luminous","Luminous:Switch_Luminous","Luminous:Freud_Wisdom1_Luminous+1","Pain","Luminous:Lunar_Tide_Luminous","Luminous:Accumulation_Luminous","Luminous:Arcane_Rage_Luminous"],"relics":["Luminous:MirrorRelic","hubris:Towel","WarpedTongs","Luminous:BlackBlessingRelic","PreservedInsect","hubris:BottledRain","infinitespire:Lucky Rock"],"acts_visited":["Exordium"],"potions_floor_usage":[8,13,16],"damage_taken":[{"damage":0,"enemies":"Small Slimes","floor":1,"turns":4},{"damage":0,"enemies":"2 Louse","floor":4,"turns":2},{"damage":9,"enemies":"Cultist","floor":5,"turns":4},{"damage":24,"enemies":"3 Sentries","floor":8,"turns":7},{"damage":21,"enemies":"Lagavulin","floor":10,"turns":5},{"damage":6,"enemies":"Exordium Wildlife","floor":11,"turns":4},{"damage":31,"enemies":"Gremlin Nob","floor":13,"turns":4},{"damage":34,"enemies":"Slime Boss","floor":16,"turns":6}],"seed_played":"-9223183794104891659","potions_obtained":[{"floor":5,"key":"CultistPotion"},{"floor":10,"key":"DistilledChaos"},{"floor":13,"key":"blueLaboratory:FruitPunch"}],"is_trial":false,"path_per_floor":["M","?","?","M","M","R","?","E","T","E","M","R","E","?","R","B"],"character_chosen":"LuminousClass","items_purchased":[],"campfire_rested":2,"item_purchase_floors":[],"current_hp_per_floor":[75,75,75,75,72,72,57,39,39,22,16,38,11,4,26,0,0],"gold":147,"neow_bonus":"THREE_RARE_CARDS","is_daily":false,"chose_seed":false,"campfire_upgraded":1,"win_rate":0.0,"timestamp":1608777996,"path_taken":["M","?","?","M","?","R","?","E","T","E","M","R","E","?","R","BOSS"],"items_purchased_type":[],"build_version":"2020-12-18","purchased_purges":0,"victory":false,"max_hp_per_floor":[75,75,75,75,75,75,75,75,75,75,75,75,75,75,75,77,77],"relic_stats":{"counters":[8,36],"PreservedInsect":49,"obtain_stats":[{"Luminous:BlackBlessingRelic":8,"PreservedInsect":9,"Luminous:MirrorRelic":0,"infinitespire:Lucky Rock":13,"hubris:Towel":2,"WarpedTongs":3,"hubris:BottledRain":10},{"Luminous:BlackBlessingRelic":4,"PreservedInsect":4,"Luminous:MirrorRelic":0,"infinitespire:Lucky Rock":7,"hubris:Towel":1,"WarpedTongs":1,"hubris:BottledRain":5},{"Luminous:BlackBlessingRelic":17,"PreservedInsect":17,"Luminous:MirrorRelic":0,"infinitespire:Lucky Rock":30,"hubris:Towel":4,"WarpedTongs":4,"hubris:BottledRain":22}],"WarpedTongs":[32]},"card_choices":[{"not_picked":["Luminous:Erosion_Luminous","Luminous:Balance_Baptism"],"picked":"Luminous:Freud_Wisdom1_Luminous","floor":0},{"not_picked":["Luminous:Light_Disperse","Luminous:Hero_Will_Luminous","Luminous:Dark_Dim_Erosion"],"picked":"SKIP","floor":1},{"not_picked":["Luminous:Light_Disperse","Luminous:Light_Glare","Luminous:Blinding_Pillar_Luminous"],"picked":"SKIP","floor":4},{"not_picked":["Luminous:Accumulation_Luminous","Luminous:Light_Wash_Luminous"],"picked":"Luminous:Lunar_Tide_Luminous","floor":5},{"not_picked":["Luminous:Dark_Pressure_Void","Luminous:Hero_Will_Luminous","Luminous:Tune_Luminous"],"picked":"SKIP","floor":8},{"not_picked":["Luminous:Mana_Overload_Luminous","Luminous:Blinding_Pillar_Luminous"],"picked":"Luminous:Accumulation_Luminous","floor":10},{"not_picked":["Luminous:Accumulation_Luminous","Luminous:Fast_Spell_Luminous","Luminous:Light_Gather"],"picked":"SKIP","floor":11},{"not_picked":["Luminous:Light_Disperse","Luminous:Mana_Overload_Luminous"],"picked":"Luminous:Arcane_Rage_Luminous","floor":13}],"player_experience":437659,"relics_obtained":[{"floor":8,"key":"Luminous:BlackBlessingRelic"},{"floor":9,"key":"PreservedInsect"},{"floor":10,"key":"hubris:BottledRain"},{"floor":13,"key":"infinitespire:Lucky Rock"}],"event_choices":[{"damage_healed":0,"gold_gain":0,"player_choice":"Rummage","damage_taken":0,"relics_obtained":["WarpedTongs"],"max_hp_gain":0,"max_hp_loss":0,"event_name":"Accursed Blacksmith","floor":3,"gold_loss":0,"cards_obtained":["Pain"]},{"damage_healed":72,"gold_gain":0,"player_choice":"Upgrade","damage_taken":15,"max_hp_gain":0,"max_hp_loss":75,"event_name":"betterThird:BetterShining","floor":7,"gold_loss":0,"cards_upgraded":["Luminous:Light_Flash_Shower","Luminous:Dark_Abyssal_Drop"]},{"damage_healed":0,"gold_gain":0,"player_choice":"LEAVE","damage_taken":7,"max_hp_gain":0,"max_hp_loss":0,"event_name":"betterThird:BetterScrap","floor":14,"gold_loss":0,"cards_obtained":["Chill"]}],"is_beta":true,"boss_relics":[],"items_purged_floors":[],"is_endless":false,"potions_floor_spawned":[5,10,13],"killed_by":"Slime Boss","ascension_level":1}}