{"host":"xj1vcaj0kpg926bu","time":1608815004,"event":{"mods":["2.2 Compatiblity","Act Like it!","BaseMod","Friendly Minions","Minty Spire (QoL Compilation)","Prisma Mod","StSLib","The Animator","TheWitcher"],"gold_per_floor":[127,53,53,83,83,119,147,147,219,239,270,306,88,113,113,210,210,231,41,54,83,94,94,125,140,166,166,166,166,186,186,186,291,291,307,154,169,219,219,219,249,277,351,351,351],"floor_reached":44,"playtime":2402,"items_purged":[],"score":501,"play_id":"201a678c-f9cc-45fa-8d57-c4523a81c171","local_time":"20201224210324","is_ascension_mode":false,"campfire_choices":[{"data":"SnafuTest:SwordDance","floor":8,"key":"SMITH"},{"data":"SnafuTest:Offering","floor":15,"key":"SMITH"},{"data":"Apotheosis","floor":23,"key":"SMITH"},{"floor":29,"key":"REST"},{"floor":32,"key":"REST"},{"floor":40,"key":"REST"}],"circlet_count":0,"master_deck":["SnafuTest:DefaultCommonAttack","SnafuTest:DefaultCommonAttack","SnafuTest:DefaultCommonAttack","SnafuTest:BountyHunt","SnafuTest:DefaultCommonSkill","SnafuTest:DefaultCommonSkill","SnafuTest:DefaultCommonSkill+1","SnafuTest:SignQuen","SnafuTest:ExcessiveLevies+1","SnafuTest:PowerEquilibrium","SnafuTest:SwordDance+1","SnafuTest:Offering+1","SnafuTest:FlashingRaid","SnafuTest:SpellLifeDrain","SnafuTest:PowerLadyOfLake","Apotheosis+1","SnafuTest:Shooting","Writhe","SnafuTest:QueensGuard","SnafuTest:Awake","SnafuTest:BattleCry+1","Parasite"],"relics":["SnafuTest:PlaceholderRelic","NeowsBlessing","Oddly Smooth Stone","MealTicket","Bottled Tornado","Pocketwatch","Blood Vial","Sozu","Happy Flower","Mummified Hand","SnafuTest:EnergyMutagenRelic","Sling","Ginger","Darkstone Periapt"],"acts_visited":["Exordium","TheCity","TheBeyond"],"potions_floor_usage":[],"damage_taken":[{"damage":0,"enemies":"Small Slimes","floor":1,"turns":1},{"damage":0,"enemies":"Jaw Worm","floor":4,"turns":1},{"damage":0,"enemies":"3 Sentries","floor":6,"turns":2},{"damage":0,"enemies":"Cultist","floor":7,"turns":4},{"damage":9,"enemies":"Blue Slaver","floor":10,"turns":6},{"damage":12,"enemies":"Lagavulin","floor":11,"turns":6},{"damage":10,"enemies":"Large Slime","floor":12,"turns":6},{"damage":13,"enemies":"Exordium Wildlife","floor":14,"turns":5},{"damage":11,"enemies":"Hexaghost","floor":16,"turns":11},{"damage":9,"enemies":"Shell Parasite","floor":18,"turns":6},{"damage":19,"enemies":"2 Thieves","floor":20,"turns":4},{"damage":21,"enemies":"Snake Plant","floor":21,"turns":6},{"damage":12,"enemies":"Cultist and Chosen","floor":22,"turns":7},{"damage":19,"enemies":"3 Cultists","floor":24,"turns":5},{"damage":4,"enemies":"Chosen and Byrds","floor":25,"turns":5},{"damage":21,"enemies":"Shelled Parasite and Fungi","floor":30,"turns":5},{"damage":0,"enemies":"Champ","floor":33,"turns":12},{"damage":22,"enemies":"Orb Walker","floor":35,"turns":5},{"damage":28,"enemies":"3 Darklings","floor":37,"turns":7},{"damage":8,"enemies":"Mind Bloom Boss Battle","floor":38,"turns":7},{"damage":6,"enemies":"Writhing Mass","floor":41,"turns":6},{"damage":28,"enemies":"Jaw Worm Horde","floor":42,"turns":4},{"damage":18,"enemies":"Maw","floor":44,"turns":8}],"seed_played":"-3248525066068038865","potions_obtained":[{"floor":1,"key":"AttackPotion"},{"floor":11,"key":"DuplicationPotion"},{"floor":12,"key":"GamblersBrew"}],"is_trial":false,"path_per_floor":["M","$","?","M","?","E","M","R","T","M","E","M","$","M","R","B",null,"M","$","M","M","M","R","M","M","T","?","?","R","M","$","R","B",null,"M","$","M","?","?","R","M","M","T","M"],"character_chosen":"THE_WITCHER","items_purchased":["SnafuTest:PowerEquilibrium","SnafuTest:SpellLifeDrain","Blood Vial","Apotheosis","Sling"],"campfire_rested":3,"item_purchase_floors":[2,13,13,19,36],"current_hp_per_floor":[75,75,60,60,53,53,53,53,53,44,32,22,37,26,26,17,75,66,75,56,37,27,27,10,8,8,8,8,30,11,26,48,50,75,53,68,42,36,36,57,53,27,27,11,11],"gold":351,"neow_bonus":"THREE_ENEMY_KILL","is_daily":false,"chose_seed":false,"campfire_upgraded":3,"win_rate":0.0,"timestamp":1608815004,"path_taken":["M","$","?","M","?","E","M","R","T","M","E","M","?","M","R","BOSS","M","$","M","M","?","R","M","M","T","?","?","R","M","?","R","BOSS","M","$","M","?","?","R","M","M","T","M"],"items_purchased_type":["Card","Card","Relic","Card","Relic"],"build_version":"2020-12-22","purchased_purges":0,"victory":false,"max_hp_per_floor":[75,75,75,75,75,75,75,75,75,75,75,75,75,75,75,75,75,75,75,75,75,75,75,75,75,75,75,75,75,75,75,75,75,75,75,75,75,75,71,71,71,71,71,71,71],"card_choices":[{"not_picked":["SnafuTest:PowerProbingFeint","SnafuTest:MCSuccubusSeduction"],"picked":"SnafuTest:ExcessiveLevies","floor":1},{"not_picked":["SnafuTest:SpellTortoise","SnafuTest:BombNorthernWind","SnafuTest:WorldMap"],"picked":"SKIP","floor":4},{"not_picked":["SnafuTest:SmashingSlash","SnafuTest:UnpredictablePuncture"],"picked":"SnafuTest:SwordDance","floor":6},{"not_picked":["SnafuTest:SpellBlindFury","SnafuTest:NoPass","SnafuTest:PowerCounterAttack"],"picked":"SKIP","floor":7},{"not_picked":["SnafuTest:BombDimeritium","SnafuTest:WeddingDance"],"picked":"SnafuTest:Offering","floor":10},{"not_picked":["SnafuTest:ScholarsIntrigue","SnafuTest:ShoulderSlam"],"picked":"SnafuTest:FlashingRaid","floor":11},{"not_picked":["SnafuTest:ShoulderSlam","SnafuTest:SpellBlindFury","SnafuTest:PaySmithWorkshop"],"picked":"SKIP","floor":12},{"not_picked":["SnafuTest:AncestralRitual","SnafuTest:Siege","SnafuTest:PowerHangmenTree"],"picked":"SKIP","floor":14},{"not_picked":["SnafuTest:MagePersecution","SnafuTest:SpellIthlinneProphecy"],"picked":"SnafuTest:PowerLadyOfLake","floor":16},{"not_picked":["SnafuTest:DesperateRemediation","SnafuTest:BattleCry+1","SnafuTest:ArmoredSortie"],"picked":"SKIP","floor":18},{"not_picked":["SnafuTest:PayHappyHour","SnafuTest:PayWeaponSmith","SnafuTest:SpellButterflyIllusion"],"picked":"SKIP","floor":20},{"not_picked":["SnafuTest:SpellHellfire","SnafuTest:FeignDeath"],"picked":"SnafuTest:Shooting","floor":21},{"not_picked":["SnafuTest:SignAxii","SnafuTest:BattleCry","SnafuTest:SpellBlindFury+1"],"picked":"SKIP","floor":22},{"not_picked":["SnafuTest:NoPass","SnafuTest:PowerBloodLust+1","SnafuTest:SpellLivingArmor"],"picked":"SKIP","floor":24},{"not_picked":["SnafuTest:SpellIncendiaryShower","SnafuTest:PowerEternalFlame","SnafuTest:GetPaid"],"picked":"SKIP","floor":25},{"not_picked":["SnafuTest:PowerMartialMagical","SnafuTest:WorldMap"],"picked":"SnafuTest:QueensGuard","floor":30},{"not_picked":["SnafuTest:PayExoticTreasure","SnafuTest:SpellCalcinedMetamorphism"],"picked":"SnafuTest:Awake","floor":33},{"not_picked":["SnafuTest:PaySmithWorkshop+1","SnafuTest:Offering","SnafuTest:MercilessReaper+1"],"picked":"SKIP","floor":35},{"not_picked":["SnafuTest:SpellBlindFury+1","SnafuTest:BlackSunRise","SnafuTest:DesperateRemediation"],"picked":"SKIP","floor":37},{"not_picked":["SnafuTest:PayWeaponSmith+1","SnafuTest:BombDancingStar"],"picked":"SnafuTest:BattleCry+1","floor":38},{"not_picked":["SnafuTest:BombDancingStar","SnafuTest:Oriole","SnafuTest:SpellArcaneDomain+1"],"picked":"SKIP","floor":41},{"not_picked":["SnafuTest:FlashingEvasion+1","SnafuTest:SwiftAssault+1","SnafuTest:PowerAlwaysAWay+1"],"picked":"SKIP","floor":42},{"not_picked":["SnafuTest:AncestralRitual+1","SnafuTest:PayWeaponSmith","SnafuTest:SignAard+1"],"picked":"SKIP","floor":44}],"player_experience":591158,"relics_obtained":[{"floor":6,"key":"MealTicket"},{"floor":9,"key":"Bottled Tornado"},{"floor":11,"key":"Pocketwatch"},{"floor":26,"key":"Happy Flower"},{"floor":38,"key":"Ginger"},{"floor":43,"key":"Darkstone Periapt"}],"event_choices":[{"damage_healed":0,"gold_gain":0,"player_choice":"Entered Light","damage_taken":15,"max_hp_gain":0,"max_hp_loss":0,"event_name":"Shining Light","floor":3,"gold_loss":0,"cards_upgraded":["SnafuTest:DefaultCommonSkill","SnafuTest:ExcessiveLevies"]},{"damage_healed":0,"gold_gain":0,"player_choice":"Success","damage_taken":7,"relics_obtained":["Oddly Smooth Stone"],"max_hp_gain":0,"max_hp_loss":0,"event_name":"Scrap Ooze","floor":5,"gold_loss":0},{"damage_healed":0,"gold_gain":0,"player_choice":"Opened","damage_taken":0,"relics_obtained":["Mummified Hand"],"max_hp_gain":0,"max_hp_loss":0,"event_name":"The Mausoleum","floor":27,"gold_loss":0,"cards_obtained":["Writhe"]},{"damage_healed":0,"gold_gain":0,"player_choice":"Ignored","damage_taken":0,"max_hp_gain":0,"max_hp_loss":0,"event_name":"Vampires","floor":28,"gold_loss":0},{"damage_healed":0,"gold_gain":0,"player_choice":"Fight","damage_taken":0,"max_hp_gain":0,"max_hp_loss":0,"event_name":"MindBloom","floor":38,"gold_loss":0},{"damage_healed":0,"gold_gain":0,"player_choice":"Max HP","damage_taken":0,"max_hp_gain":0,"max_hp_loss":4,"event_name":"Winding Halls","floor":39,"gold_loss":0}],"is_beta":false,"boss_relics":[{"not_picked":["SlaversCollar","Philosopher\u0027s Stone"],"picked":"Sozu"},{"not_picked":["Snecko Eye","Fusion Hammer"],"picked":"SnafuTest:EnergyMutagenRelic"}],"items_purged_floors":[],"is_endless":false,"potions_floor_spawned":[1,11,12,18,20,21,30,35,37,44],"killed_by":"Maw","ascension_level":0}}