{"host":"o54aw4mfims5m8ve","time":1608825331,"event":{"mods":["BaseMod","Downfall","Minty Spire (QoL Compilation)","StSLib","The Cursed","The Saiyan","The Senshi"],"gold_per_floor":[90,15,30,40,51,84,84,34,34,45,60,60,15,15,15,113,113,132,9,9,22,0,0,31,31,54,71,71,170,170,190,190,293,293,308,408,426,57,72,72,72],"floor_reached":40,"playtime":4343,"items_purged":["Saiyan:SAIYA_Strike","Saiyan:SAIYA_Defend","Saiyan:TheBomb"],"score":456,"play_id":"fb7d2f93-1ac9-4b71-a4b7-230589531f49","local_time":"20201224155531","is_ascension_mode":false,"campfire_choices":[{"data":"Saiyan:SuperSaiyanForm","floor":7,"key":"SMITH"},{"data":"Saiyan:Afterimage","floor":15,"key":"SMITH"},{"floor":23,"key":"REST"},{"floor":28,"key":"REST"},{"data":"Saiyan:PowerUp","floor":32,"key":"SMITH"}],"circlet_count":0,"master_deck":["Saiyan:SAIYA_Strike","Saiyan:SAIYA_Defend","Saiyan:EnergyBlast","Saiyan:KaioKen","Saiyan:RuthlessBlow","Saiyan:Afterimage+1","Saiyan:BigBangAttack","Saiyan:FinalFlash+1","Saiyan:SuperSaiyanForm+1","Saiyan:Quickening","Saiyan:PowerStance+1","Saiyan:TurtleShell+1","Saiyan:MajinSeal+1","Saiyan:ExpandingShockwave+1","Saiyan:Endure+1","Saiyan:ExtremeSpeed+1","Saiyan:PowerUp+1","Saiyan:KameHameHa","Saiyan:Twize","Saiyan:KiExplosion+1","Saiyan:MindBoom","Saiyan:Overexert+1","Saiyan:Fly+1","expansioncontent:Chronoboost+1","Saiyan:ConcussiveBlow"],"relics":["SaiyanSoul","SaiyanHeart","Pantograph","Frozen Egg 2","Astrolabe","Strawberry","Eternal Feather","Bag of Preparation","Enchiridion","Philosopher\u0027s Stone","Lantern"],"acts_visited":["Exordium","TheCity","TheBeyond"],"potions_floor_usage":[16,16,18,33,39,40],"damage_taken":[{"damage":0,"enemies":"Cultist","floor":1,"turns":3},{"damage":0,"enemies":"Small Slimes","floor":3,"turns":3},{"damage":0,"enemies":"Jaw Worm","floor":4,"turns":3},{"damage":0,"enemies":"2 Fungi Beasts","floor":5,"turns":3},{"damage":15,"enemies":"3 Sentries","floor":6,"turns":7},{"damage":7,"enemies":"Exordium Wildlife","floor":10,"turns":5},{"damage":0,"enemies":"Blue Slaver","floor":11,"turns":4},{"damage":20,"enemies":"The Guardian","floor":16,"turns":6},{"damage":59,"enemies":"Chosen","floor":18,"turns":19},{"damage":14,"enemies":"Shell Parasite","floor":21,"turns":7},{"damage":36,"enemies":"Slavers","floor":24,"turns":7},{"damage":3,"enemies":"Snecko","floor":27,"turns":7},{"damage":0,"enemies":"3 Cultists","floor":31,"turns":5},{"damage":28,"enemies":"Automaton","floor":33,"turns":11},{"damage":8,"enemies":"3 Darklings","floor":35,"turns":5},{"damage":1,"enemies":"3 Shapes","floor":37,"turns":5},{"damage":17,"enemies":"3 Darklings","floor":39,"turns":4},{"damage":84,"enemies":"Reptomancer","floor":40,"turns":4}],"seed_played":"5998684297759897100","potions_obtained":[{"floor":1,"key":"Dexterity Potion"},{"floor":5,"key":"Guardian:BlockOnCardUsePotion"},{"floor":11,"key":"PowerPotion"},{"floor":18,"key":"champ:CounterPotion"},{"floor":24,"key":"SpeedPotion"},{"floor":33,"key":"LiquidMemories"},{"floor":37,"key":"ColorlessPotion"},{"floor":39,"key":"DuplicationPotion"}],"is_trial":false,"path_per_floor":["M","$","M","M","M","E","R","?","T","M","M","?","$","?","R","B",null,"M","$","?","M","?","R","E","?","T","M","R","?","?","M","R","B",null,"M","?","M","$","M","E"],"character_chosen":"SAIYAJIN","items_purchased":["Saiyan:TurtleShell+1","Saiyan:PowerUp","Lantern","expansioncontent:Chronoboost+1"],"campfire_rested":2,"item_purchase_floors":[13,19,38,38],"current_hp_per_floor":[67,67,69,70,71,57,57,57,57,52,54,54,54,59,59,62,82,31,31,31,18,18,45,12,12,12,9,49,49,33,34,46,45,97,89,89,89,89,73,0,0],"gold":72,"neow_bonus":"TEN_PERCENT_HP_BONUS","is_daily":false,"chose_seed":false,"campfire_upgraded":3,"win_rate":0.0,"timestamp":1608825331,"path_taken":["M","$","M","?","M","E","R","?","T","M","M","?","?","?","R","BOSS","M","$","?","M","?","R","E","?","T","?","R","?","?","M","R","BOSS","M","?","M","$","M","E"],"items_purchased_type":["Card","Card","Relic","Card"],"build_version":"2020-12-22","purchased_purges":3,"victory":false,"max_hp_per_floor":[67,67,69,70,71,72,72,72,72,74,76,76,76,81,81,82,82,90,90,90,91,91,91,94,94,94,94,94,94,94,95,95,97,97,97,97,98,98,99,100,100],"card_choices":[{"not_picked":["Saiyan:Medicine","Saiyan:Fly"],"picked":"Saiyan:DoubleMasenko","floor":1},{"not_picked":["Saiyan:BackAttack","Saiyan:DragonFist"],"picked":"Saiyan:Afterimage","floor":3},{"not_picked":["Saiyan:DragonFist","Saiyan:BackAttack"],"picked":"Saiyan:BigBangAttack","floor":4},{"not_picked":["Saiyan:Endure","Saiyan:MajinSeal"],"picked":"Saiyan:FinalFlash","floor":5},{"not_picked":["Saiyan:PowerStance","Saiyan:TurtleShell"],"picked":"Saiyan:SuperSaiyanForm","floor":6},{"not_picked":["Saiyan:Fly","Saiyan:Teleport"],"picked":"Saiyan:Quickening","floor":10},{"not_picked":["Saiyan:RemoveWeights","Saiyan:DoubleMasenko"],"picked":"Saiyan:PowerStance+1","floor":11},{"not_picked":["Saiyan:SenzuBean","Saiyan:TransfigurationBeam"],"picked":"Saiyan:MajinSeal+1","floor":16},{"not_picked":["Saiyan:KiExplosion","Saiyan:SoulSpice+1"],"picked":"Saiyan:ExtremeSpeed+1","floor":18},{"not_picked":["Saiyan:Quickening+1","Saiyan:Scouter+1"],"picked":"Saiyan:KameHameHa","floor":21},{"not_picked":["Saiyan:PowerPole","Saiyan:DoubleMasenko","Saiyan:FinalFlash+1"],"picked":"SKIP","floor":24},{"not_picked":["Saiyan:LastResort","Saiyan:Teleport"],"picked":"Saiyan:KiExplosion+1","floor":27},{"not_picked":["Saiyan:Scouter","Saiyan:Twize","Saiyan:RemoveWeights"],"picked":"SKIP","floor":31},{"not_picked":["Saiyan:SuperSaiyanThree+1","Saiyan:TransfigurationBeam"],"picked":"Saiyan:MindBoom","floor":33},{"not_picked":["Saiyan:KameHameHa+1","Saiyan:BackAttack+1"],"picked":"Saiyan:Overexert+1","floor":35},{"not_picked":["Saiyan:Planning","Saiyan:LastResort+1"],"picked":"Saiyan:Fly+1","floor":37},{"not_picked":["Saiyan:DoubleMasenko","Saiyan:Honing+1"],"picked":"Saiyan:ConcussiveBlow","floor":39}],"player_experience":137604,"relics_obtained":[{"floor":6,"key":"Pantograph"},{"floor":9,"key":"Frozen Egg 2"},{"floor":18,"key":"Strawberry"},{"floor":24,"key":"Eternal Feather"},{"floor":26,"key":"Bag of Preparation"},{"floor":30,"key":"Enchiridion"}],"event_choices":[{"cards_removed":["Saiyan:SAIYA_Defend"],"damage_healed":0,"gold_gain":0,"player_choice":"Card Removal","damage_taken":0,"max_hp_gain":0,"max_hp_loss":0,"event_name":"The Cleric","floor":8,"gold_loss":50},{"damage_healed":0,"gold_gain":0,"player_choice":"Grow","damage_taken":0,"max_hp_gain":0,"max_hp_loss":0,"event_name":"Living Wall","floor":12,"gold_loss":0,"cards_upgraded":["Saiyan:FinalFlash"]},{"damage_healed":0,"gold_gain":0,"player_choice":"Donut","damage_taken":0,"max_hp_gain":5,"max_hp_loss":0,"event_name":"Big Fish","floor":14,"gold_loss":0},{"damage_healed":0,"gold_gain":0,"cards_transformed":["Saiyan:SenzuBean","Saiyan:DoubleMasenko"],"player_choice":"Became Test Subject","damage_taken":0,"max_hp_gain":0,"max_hp_loss":0,"event_name":"Drug Dealer","floor":20,"gold_loss":0,"cards_obtained":["Saiyan:TheBomb","Saiyan:MajinSeal"]},{"damage_healed":0,"gold_gain":0,"player_choice":"Paid Fearfully","damage_taken":0,"max_hp_gain":0,"max_hp_loss":0,"event_name":"Masked Bandits","floor":22,"gold_loss":22},{"damage_healed":0,"gold_gain":0,"cards_transformed":["Saiyan:MajinSeal"],"player_choice":"Transformed","damage_taken":0,"max_hp_gain":0,"max_hp_loss":0,"event_name":"Transmorgrifier","floor":25,"gold_loss":0,"cards_obtained":["Saiyan:Twize"]},{"damage_healed":0,"gold_gain":99,"player_choice":"Stole From Cult","damage_taken":0,"max_hp_gain":0,"max_hp_loss":0,"event_name":"Nest","floor":29,"gold_loss":0},{"damage_healed":0,"gold_gain":0,"player_choice":"Obtained Book","damage_taken":16,"max_hp_gain":0,"max_hp_loss":0,"event_name":"Cursed Tome","floor":30,"gold_loss":0},{"damage_healed":0,"gold_gain":100,"player_choice":"Pray","damage_taken":0,"max_hp_gain":0,"max_hp_loss":0,"event_name":"Golden Shrine","floor":36,"gold_loss":0}],"is_beta":false,"boss_relics":[{"not_picked":["Sozu","Black Star"],"picked":"Astrolabe"},{"not_picked":["Coffee Dripper","Snecko Eye"],"picked":"Philosopher\u0027s Stone"}],"items_purged_floors":[2,19,38],"is_endless":false,"potions_floor_spawned":[1,5,11,18,24,33,37,39],"killed_by":"Reptomancer","ascension_level":0}}