{"host":"9ndbo4kgsfoemf7y","time":1608803740,"event":{"mods":["AchievementEnabler","BaseMod","Colored Map","DeckTracker","Keyboard Shortcuts","Minty Spire (QoL Compilation)","Permanent Neow","Quick Restart","Relic Stats","StSLib","SuperFastMode"],"gold_per_floor":[110,129,129,145,145,174,174,193,217,230,261,261,274,294,294,366,366,379,262,262,40,40,40],"floor_reached":22,"playtime":545,"items_purged":["Defend_R","Strike_R"],"score":392,"play_id":"a371d208-3632-4c84-ad3a-270d9afb03f6","local_time":"20201224185540","is_ascension_mode":true,"campfire_choices":[{"floor":7.0,"key":"REST"},{"floor":12.0,"key":"REST"},{"floor":15.0,"key":"REST"}],"circlet_count":0,"master_deck":["AscendersBane","Strike_R","Strike_R","Defend_R","Defend_R","Defend_R","Bash","Double Tap","Ghostly Armor","Twin Strike","Rampage","Pommel Strike","Double Tap","Battle Trance","Feed","Inflame"],"relics":["Burning Blood","Oddly Smooth Stone","Bronze Scales","Nunchaku","Runic Pyramid","Membership Card"],"acts_visited":["Exordium","TheCity"],"potions_floor_usage":[16],"damage_taken":[{"damage":1.0,"enemies":"2 Louse","floor":1.0,"turns":3.0},{"damage":11.0,"enemies":"Jaw Worm","floor":2.0,"turns":6.0},{"damage":7.0,"enemies":"Cultist","floor":4.0,"turns":4.0},{"damage":34.0,"enemies":"Lagavulin","floor":6.0,"turns":7.0},{"damage":11.0,"enemies":"Looter","floor":8.0,"turns":3.0},{"damage":20.0,"enemies":"Large Slime","floor":10.0,"turns":6.0},{"damage":25.0,"enemies":"Gremlin Nob","floor":11.0,"turns":4.0},{"damage":3.0,"enemies":"2 Fungi Beasts","floor":13.0,"turns":3.0},{"damage":11.0,"enemies":"Exordium Thugs","floor":14.0,"turns":4.0},{"damage":32,"enemies":"The Guardian","floor":16,"turns":10},{"damage":53,"enemies":"2 Thieves","floor":18,"turns":4},{"damage":9,"enemies":"3 Byrds","floor":22,"turns":2}],"seed_played":"4957573407030604324","potions_obtained":[{"floor":1.0,"key":"Explosive Potion"},{"floor":6.0,"key":"SpeedPotion"},{"floor":14.0,"key":"Strength Potion"}],"is_trial":false,"path_per_floor":["M","M","?","M","?","E","R","M","T","M","E","R","M","M","R","B",null,"M","$","?","$","M"],"character_chosen":"IRONCLAD","items_purchased":["Inflame","Membership Card"],"campfire_rested":3,"item_purchase_floors":[19,21],"current_hp_per_floor":[68,63,63,62,55,27,47,42,42,28,9,29,32,27,47,21,56,12,12,8,8,0,0],"gold":40,"neow_bonus":"THREE_RARE_CARDS","is_daily":false,"chose_seed":false,"campfire_upgraded":0,"win_rate":0.0,"timestamp":1608803740,"path_taken":["M","M","?","M","?","E","R","M","T","M","E","R","M","M","R","BOSS","M","$","?","?","M"],"items_purchased_type":["Card","Relic"],"build_version":"2020-12-22","purchased_purges":2,"victory":false,"max_hp_per_floor":[68,68,68,68,68,68,68,68,68,68,68,68,68,68,68,68,68,71,71,71,71,71,71],"relic_stats":{"Nunchaku":[4],"counters":[12,56],"Bronze Scales":[91],"obtain_stats":[{"Nunchaku":11,"Bronze Scales":9,"Oddly Smooth Stone":6,"Membership Card":21,"Burning Blood":0,"Runic Pyramid":17},{"Nunchaku":7,"Bronze Scales":5,"Oddly Smooth Stone":4,"Membership Card":11,"Burning Blood":0,"Runic Pyramid":10},{"Nunchaku":33,"Bronze Scales":23,"Oddly Smooth Stone":20,"Membership Card":54,"Burning Blood":0,"Runic Pyramid":50}],"Burning Blood":61},"card_choices":[{"not_picked":["Corruption","Berserk"],"picked":"Double Tap","floor":0.0},{"not_picked":["Headbutt","True Grit"],"picked":"Ghostly Armor","floor":1.0},{"not_picked":["Clothesline","Armaments"],"picked":"Twin Strike","floor":2.0},{"not_picked":["Rage","True Grit"],"picked":"Pommel Strike","floor":4.0},{"not_picked":["Heavy Blade","Warcry","Body Slam"],"picked":"SKIP","floor":6.0},{"not_picked":["Pummel","Heavy Blade","Sword Boomerang"],"picked":"SKIP","floor":8.0},{"not_picked":["Power Through","Dual Wield"],"picked":"Double Tap","floor":10.0},{"not_picked":["Entrench","Pommel Strike","Clash"],"picked":"SKIP","floor":11.0},{"not_picked":["Rampage","Searing Blow"],"picked":"Battle Trance","floor":13.0},{"not_picked":["Power Through","Armaments","True Grit"],"picked":"SKIP","floor":14.0},{"not_picked":["Demon Form","Exhume"],"picked":"Feed","floor":16},{"not_picked":["Perfected Strike","Pommel Strike","Rupture"],"picked":"SKIP","floor":18}],"player_experience":737195,"relics_obtained":[{"floor":6.0,"key":"Oddly Smooth Stone"},{"floor":9.0,"key":"Bronze Scales"},{"floor":11.0,"key":"Nunchaku"}],"event_choices":[{"damage_healed":0.0,"max_hp_gain":0.0,"max_hp_loss":0.0,"gold_gain":0.0,"cards_transformed":["Strike_R"],"event_name":"Living Wall","player_choice":"Change","floor":3.0,"gold_loss":0.0,"damage_taken":0.0,"cards_obtained":["Rampage"]},{"cards_removed":["Strike_R"],"damage_healed":0.0,"max_hp_gain":0.0,"max_hp_loss":0.0,"gold_gain":0.0,"event_name":"Golden Wing","player_choice":"Card Removal","floor":5.0,"gold_loss":0.0,"damage_taken":7.0},{"damage_healed":0,"gold_gain":0,"player_choice":"Bought 0 Potions","damage_taken":0,"max_hp_gain":0,"max_hp_loss":0,"event_name":"The Woman in Blue","floor":20,"gold_loss":0}],"is_beta":false,"boss_relics":[{"not_picked":["Snecko Eye","Black Blood"],"picked":"Runic Pyramid"}],"items_purged_floors":[19,21],"is_endless":false,"potions_floor_spawned":[1,6,14],"killed_by":"3 Byrds","ascension_level":20}}