{"host":"6qo42zgaknezulyg","time":1608808858,"event":{"mods":["2.2 Compatiblity","BaseMod","Colored Map","Downfall","Highlight Path","Keyboard Shortcuts","Minty Spire (QoL Compilation)","Permanent Neow","Quick Restart","StSLib","SuperFastMode"],"gold_per_floor":[99,112,112,125,143,154,180,199,225,244,244,271,271,284,299,299,299,299],"floor_reached":16,"playtime":767,"items_purged":[],"score":154,"play_id":"de1efbcd-e113-4fa8-87e1-b12ec2577677","local_time":"20201224202058","is_ascension_mode":true,"campfire_choices":[{"data":"expansioncontent:StudyTheSpire","floor":1.0,"key":"SMITH"},{"data":"champ:Aggression","floor":11,"key":"SMITH"},{"data":"champ:TornadoPunch","floor":13,"key":"SMITH"}],"circlet_count":0,"master_deck":["champ:Strike","champ:Strike","champ:Strike","champ:Strike","champ:Defend","champ:Defend","champ:Defend","champ:Defend","champ:Execute","champ:Taunt","expansioncontent:StudyTheSpire+1","champ:TornadoPunch+1","champ:ArenaPreparation","champ:Aggression+1","champ:ArenaPreparation","champ:Backstep","champ:Duel","champ:Encircle"],"relics":["champ:ChampionCrown","Spirit Poop","Bag of Marbles","PreservedInsect","Dream Catcher"],"acts_visited":["Exordium"],"potions_floor_usage":[],"damage_taken":[{"damage":11.0,"enemies":"Small Slimes","floor":2.0,"turns":5.0},{"damage":9.0,"enemies":"Cultist","floor":4.0,"turns":4.0},{"damage":25.0,"enemies":"Jaw Worm","floor":5.0,"turns":3.0},{"damage":18.0,"enemies":"Gremlin Gang","floor":6.0,"turns":3.0},{"damage":26.0,"enemies":"Exordium Wildlife","floor":8.0,"turns":2.0},{"damage":30,"enemies":"3 Sentries","floor":9,"turns":4},{"damage":12,"enemies":"Blue Slaver","floor":10,"turns":3},{"damage":26,"enemies":"Lagavulin","floor":12,"turns":4},{"damage":29,"enemies":"Gremlin Gang","floor":14,"turns":4},{"damage":12,"enemies":"2 Fungi Beasts","floor":15,"turns":2},{"damage":45,"enemies":"downfall:Watcher","floor":16,"turns":6}],"seed_played":"-8301629499102341722","potions_obtained":[{"floor":2.0,"key":"Fire Potion"},{"floor":4.0,"key":"AttackPotion"},{"floor":8.0,"key":"PowerPotion"},{"floor":9,"key":"SneckoOil"}],"is_trial":false,"path_per_floor":["R","M","?","M","M","M","T","M","E","M","R","E","R","M","M","B"],"character_chosen":"THE_CHAMP","items_purchased":[],"campfire_rested":0,"item_purchase_floors":[],"current_hp_per_floor":[90,84,84,80,65,65,65,58,53,53,53,63,63,49,42,0,0,0],"gold":299,"neow_bonus":"RANDOM_COLORLESS_2","is_daily":false,"chose_seed":false,"campfire_upgraded":3,"win_rate":0.0,"timestamp":1608808858,"path_taken":["R","M","?","M","?","M","T","M","E","M","R","E","R","M","M","BOSS"],"items_purchased_type":[],"build_version":"2020-12-22","purchased_purges":0,"victory":false,"max_hp_per_floor":[90,90,90,90,90,90,90,90,90,90,90,90,90,90,90,90,90,90],"card_choices":[{"not_picked":["Master of Strategy","expansioncontent:Corrupt"],"picked":"expansioncontent:StudyTheSpire","floor":0.0},{"not_picked":["champ:PerfectedStrike","champ:BladeFlurry"],"picked":"champ:TornadoPunch","floor":2.0},{"not_picked":["champ:SwordSigil","champ:Backstep"],"picked":"champ:ArenaPreparation","floor":4.0},{"not_picked":["champ:RageSigil","champ:Backstep"],"picked":"champ:Aggression","floor":5.0},{"not_picked":["champ:Riposte","champ:GladiatorStyle"],"picked":"champ:ArenaPreparation","floor":6.0},{"not_picked":["champ:DefensiveShout","champ:GladiatorsShout"],"picked":"champ:Backstep","floor":8.0},{"not_picked":["champ:BerserkersShout","champ:RecklessLeap"],"picked":"champ:Duel","floor":9},{"not_picked":["champ:DancingMaster","champ:FocusedBerserking","champ:GladiatorsShout"],"picked":"SKIP","floor":10},{"not_picked":["champ:FocusedGladiator","champ:GladiatorsShout","champ:GutPunch"],"picked":"SKIP","floor":12},{"not_picked":["champ:EndlessRage","champ:SwordSigil"],"picked":"champ:Encircle","floor":14},{"not_picked":["champ:PerfectedStrike","champ:BladeFlurry","champ:GladiatorsShout"],"picked":"SKIP","floor":15}],"player_experience":1035265,"relics_obtained":[{"floor":7.0,"key":"Bag of Marbles"},{"floor":9,"key":"PreservedInsect"},{"floor":12,"key":"Dream Catcher"}],"event_choices":[{"cards_removed":["Decay"],"damage_healed":0.0,"max_hp_gain":0.0,"max_hp_loss":0.0,"gold_gain":0.0,"event_name":"Bonfire Elementals","player_choice":"Offered Curse","floor":3.0,"gold_loss":0.0,"damage_taken":0.0,"relics_obtained":["Spirit Poop"]}],"is_beta":false,"boss_relics":[],"items_purged_floors":[],"is_endless":false,"potions_floor_spawned":[2,4,8,9,10],"killed_by":"downfall:Watcher","ascension_level":2}}