{"host":"9tzam4717zt8ei1o","time":1608815492,"event":{"mods":["BaseMod","Colored Map","Keyboard Shortcuts","Minty Spire (QoL Compilation)","Quick Restart","StSLib","SuperFastMode"],"gold_per_floor":[112,187,112,124,34,34,61,61,61,78,78,91,118,129,129,202,202,221,236,236,252,119,119,154,154,154,154,154,187,32,32,32,107,107,126,138,138,193,68,68,87,87,110,137,153,153,168,185,185,185,185,185,185,35,70,70],"floor_reached":57,"playtime":4857,"items_purged":["Headbutt","Bash","Searing Blow+4","Clothesline"],"score":2806,"play_id":"bace2304-0fa5-4770-b5d6-434424f0d360","local_time":"20201224221132","is_ascension_mode":true,"campfire_choices":[{"data":"Searing Blow","floor":6.0,"key":"SMITH"},{"data":"Searing Blow+1","floor":8.0,"key":"SMITH"},{"data":"Searing Blow+2","floor":11.0,"key":"SMITH"},{"data":"Searing Blow+3","floor":15.0,"key":"SMITH"},{"data":"Body Slam","floor":23.0,"key":"SMITH"},{"floor":25.0,"key":"REST"},{"data":"Offering","floor":27.0,"key":"SMITH"},{"data":"Evolve","floor":32.0,"key":"SMITH"},{"data":"Exhume","floor":40.0,"key":"SMITH"},{"floor":49.0,"key":"RECALL"},{"data":"Second Wind","floor":53,"key":"SMITH"}],"circlet_count":0,"master_deck":["AscendersBane","Second Wind+1","Offering+1","Power Through","Shrug It Off","Exhume+1","Feel No Pain","Seeing Red","Body Slam+1","Feel No Pain","Uppercut+1","Feel No Pain+1","Shrug It Off","Evolve+1","Dark Embrace+1","Havoc+1","Shockwave"],"relics":["Burning Blood","NeowsBlessing","Bronze Scales","PreservedInsect","Regal Pillow","Pandora\u0027s Box","Kunai","Pocketwatch","White Beast Statue","MutagenicStrength","Philosopher\u0027s Stone","Ginger","Lantern","CaptainsWheel"],"acts_visited":["Exordium","TheCity","TheBeyond","TheEnding"],"potions_floor_usage":[51,56,56],"damage_taken":[{"damage":0.0,"enemies":"Jaw Worm","floor":1.0,"turns":1.0},{"damage":0.0,"enemies":"2 Louse","floor":4.0,"turns":1.0},{"damage":0.0,"enemies":"Gremlin Nob","floor":7.0,"turns":1.0},{"damage":8.0,"enemies":"Small Slimes","floor":10.0,"turns":3.0},{"damage":11.0,"enemies":"2 Fungi Beasts","floor":12.0,"turns":3.0},{"damage":18.0,"enemies":"3 Sentries","floor":13.0,"turns":5.0},{"damage":6.0,"enemies":"Blue Slaver","floor":14.0,"turns":2.0},{"damage":34.0,"enemies":"Slime Boss","floor":16.0,"turns":7.0},{"damage":6.0,"enemies":"3 Byrds","floor":18.0,"turns":3.0},{"damage":29.0,"enemies":"2 Thieves","floor":19.0,"turns":4.0},{"damage":22.0,"enemies":"Centurion and Healer","floor":21.0,"turns":5.0},{"damage":12.0,"enemies":"Gremlin Leader","floor":24.0,"turns":5.0},{"damage":23.0,"enemies":"Slavers","floor":29.0,"turns":4.0},{"damage":38.0,"enemies":"Collector","floor":33.0,"turns":9.0},{"damage":6.0,"enemies":"Orb Walker","floor":35.0,"turns":3.0},{"damage":6.0,"enemies":"3 Shapes","floor":36.0,"turns":3.0},{"damage":15.0,"enemies":"2 Orb Walkers","floor":38.0,"turns":2.0},{"damage":6.0,"enemies":"Spire Growth","floor":41.0,"turns":2.0},{"damage":8.0,"enemies":"Giant Head","floor":44.0,"turns":2.0},{"damage":35.0,"enemies":"Jaw Worm Horde","floor":45.0,"turns":5.0},{"damage":14.0,"enemies":"3 Darklings","floor":47.0,"turns":3.0},{"damage":6.0,"enemies":"Writhing Mass","floor":48.0,"turns":2.0},{"damage":6,"enemies":"Awakened One","floor":50,"turns":9},{"damage":10,"enemies":"Time Eater","floor":51,"turns":3},{"damage":13,"enemies":"Shield and Spear","floor":55,"turns":2},{"damage":22,"enemies":"The Heart","floor":56,"turns":5}],"seed_played":"-8901173885254275711","potions_obtained":[{"floor":1.0,"key":"DuplicationPotion"},{"floor":7.0,"key":"ColorlessPotion"},{"floor":16.0,"key":"BlessingOfTheForge"},{"floor":19.0,"key":"AttackPotion"},{"floor":24.0,"key":"Energy Potion"},{"floor":33.0,"key":"Block Potion"},{"floor":35.0,"key":"Regen Potion"},{"floor":38.0,"key":"SteroidPotion"},{"floor":41.0,"key":"Swift Potion"},{"floor":45.0,"key":"Dexterity Potion"},{"floor":48.0,"key":"DistilledChaos"},{"floor":55,"key":"LiquidBronze"}],"is_trial":false,"path_per_floor":["M","?","?","M","$","R","E","R","T","M","R","M","E","M","R","B",null,"M","M","?","M","$","R","E","R","T","R","?","E","$","?","R","B",null,"M","M","?","?","$","R","M","?","T","E","M","?","M","M","R","B","B",null,"R","$","E","B",null],"character_chosen":"IRONCLAD","items_purchased":["Offering","Shrug It Off","BloodPotion"],"campfire_rested":1,"item_purchase_floors":[5,22,30],"current_hp_per_floor":[74,63,63,69,69,69,75,75,75,73,73,68,56,56,56,28,63,63,40,40,24,24,24,18,55,55,55,55,38,38,38,38,21,62,62,62,62,53,53,53,53,53,53,51,22,22,14,19,19,19,15,57,57,57,50,34],"gold":70,"neow_bonus":"THREE_ENEMY_KILL","is_daily":false,"chose_seed":false,"campfire_upgraded":9,"win_rate":0.0,"timestamp":1608815492,"path_taken":["M","?","?","M","?","R","E","R","T","M","R","M","E","M","R","BOSS","M","M","?","M","$","R","E","R","T","R","?","E","$","?","R","BOSS","M","M","?","?","$","R","M","?","T","E","M","?","M","?","R","BOSS","BOSS","R","$","E","BOSS"],"items_purchased_type":["Card","Card","Potion"],"build_version":"2020-12-22","purchased_purges":4,"victory":true,"max_hp_per_floor":[75,75,75,75,75,75,75,75,75,75,75,75,75,75,75,75,75,75,75,75,75,75,75,75,75,75,75,75,75,75,75,75,75,75,75,75,75,75,75,75,75,75,75,75,75,71,71,71,71,71,71,71,71,71,71,71],"card_choices":[{"not_picked":["Combust","Armaments"],"picked":"Second Wind","floor":1.0},{"not_picked":["Clothesline","Headbutt"],"picked":"Searing Blow","floor":4.0},{"not_picked":["Twin Strike","Clothesline"],"picked":"Power Through","floor":7.0},{"not_picked":["Headbutt","Berserk","Warcry"],"picked":"SKIP","floor":10.0},{"not_picked":["Wild Strike","Metallicize"],"picked":"Shrug It Off","floor":12.0},{"not_picked":["Cleave","Shrug It Off","Immolate"],"picked":"SKIP","floor":13.0},{"not_picked":["Cleave","Shrug It Off","Immolate"],"picked":"SKIP","floor":13.0},{"not_picked":["Dual Wield","Thunderclap","Pommel Strike"],"picked":"SKIP","floor":14.0},{"not_picked":["Berserk","Double Tap"],"picked":"Exhume","floor":16.0},{"not_picked":["Pommel Strike","Bloodletting","Thunderclap"],"picked":"SKIP","floor":18.0},{"not_picked":["Intimidate","Dual Wield"],"picked":"Uppercut+1","floor":19.0},{"not_picked":["Shrug It Off","Bloodletting"],"picked":"Feel No Pain+1","floor":21.0},{"not_picked":["Headbutt","Clothesline","Searing Blow"],"picked":"SKIP","floor":24.0},{"not_picked":["Berserk","Pommel Strike","Heavy Blade"],"picked":"SKIP","floor":29.0},{"not_picked":["Berserk","Pommel Strike","Heavy Blade"],"picked":"SKIP","floor":29.0},{"not_picked":["Berserk","Pommel Strike","Heavy Blade"],"picked":"SKIP","floor":29.0},{"not_picked":["Cleave","Clash+1"],"picked":"Dark Embrace+1","floor":35.0},{"not_picked":["Clash","Pommel Strike","Perfected Strike"],"picked":"SKIP","floor":36.0},{"not_picked":["Headbutt","Second Wind","Havoc"],"picked":"SKIP","floor":41.0},{"not_picked":["Feel No Pain","Wild Strike","Exhume"],"picked":"SKIP","floor":44.0},{"not_picked":["Anger","Sever Soul+1","Metallicize"],"picked":"SKIP","floor":45.0},{"not_picked":["Carnage","Shrug It Off","Headbutt+1"],"picked":"SKIP","floor":47.0},{"not_picked":["Bloodletting","Ghostly Armor+1"],"picked":"Havoc+1","floor":48.0},{"not_picked":["Pummel","Iron Wave"],"picked":"Shockwave","floor":55}],"player_experience":106742,"relics_obtained":[{"floor":7.0,"key":"Bronze Scales"},{"floor":9.0,"key":"PreservedInsect"},{"floor":13.0,"key":"Regal Pillow"},{"floor":24.0,"key":"Kunai"},{"floor":26.0,"key":"Pocketwatch"},{"floor":29.0,"key":"White Beast Statue"},{"floor":38.0,"key":"Ginger"},{"floor":44.0,"key":"Lantern"},{"floor":55,"key":"CaptainsWheel"}],"event_choices":[{"damage_healed":0.0,"max_hp_gain":0.0,"max_hp_loss":0.0,"gold_gain":75.0,"event_name":"World of Goop","player_choice":"Gather Gold","floor":2.0,"gold_loss":0.0,"damage_taken":11.0},{"cards_removed":["Strike_R"],"damage_healed":0.0,"max_hp_gain":0.0,"max_hp_loss":0.0,"gold_gain":0.0,"event_name":"The Cleric","player_choice":"Card Removal","floor":3.0,"gold_loss":75.0,"damage_taken":0.0},{"cards_removed":["Searing Blow"],"damage_healed":0.0,"max_hp_gain":0.0,"max_hp_loss":0.0,"gold_gain":0.0,"event_name":"Back to Basics","player_choice":"Elegance","floor":20.0,"gold_loss":0.0,"damage_taken":0.0},{"damage_healed":0.0,"max_hp_gain":0.0,"max_hp_loss":0.0,"gold_gain":0.0,"event_name":"The Library","player_choice":"Read","floor":28.0,"gold_loss":0.0,"damage_taken":0.0,"cards_obtained":["Evolve"]},{"damage_healed":0.0,"max_hp_gain":0.0,"max_hp_loss":0.0,"gold_gain":0.0,"event_name":"Drug Dealer","player_choice":"Inject Mutagens","floor":31.0,"gold_loss":0.0,"damage_taken":0.0,"relics_obtained":["MutagenicStrength"]},{"damage_healed":0.0,"max_hp_gain":0.0,"max_hp_loss":0.0,"gold_gain":0.0,"event_name":"Tomb of Lord Red Mask","player_choice":"Ignored","floor":37.0,"gold_loss":0.0,"damage_taken":0.0},{"damage_healed":0.0,"max_hp_gain":0.0,"max_hp_loss":0.0,"gold_gain":0.0,"event_name":"Mysterious Sphere","player_choice":"Fight","floor":38.0,"gold_loss":0.0,"damage_taken":0.0},{"cards_removed":["Reckless Charge"],"damage_healed":0.0,"max_hp_gain":0.0,"max_hp_loss":0.0,"gold_gain":0.0,"event_name":"Falling","player_choice":"Removed Attack","floor":42.0,"gold_loss":0.0,"damage_taken":0.0},{"damage_healed":0.0,"max_hp_gain":0.0,"max_hp_loss":4.0,"gold_gain":0.0,"event_name":"Winding Halls","player_choice":"Max HP","floor":46.0,"gold_loss":0.0,"damage_taken":0.0}],"is_beta":false,"boss_relics":[{"not_picked":["Runic Dome","Black Blood"],"picked":"Pandora\u0027s Box"},{"not_picked":["Mark of Pain","Tiny House"],"picked":"Philosopher\u0027s Stone"}],"items_purged_floors":[22,30,39,54],"is_endless":false,"potions_floor_spawned":[1,7,14,16,19,24,33,35,36,38,41,44,45,47,48,55],"ascension_level":20}}