{"host":"vumwfieg2b2mnrfl","time":1608770655,"event":{"mods":["AchievementEnabler","BaseMod","Minty Spire (QoL Compilation)","Rare Cards Sparkle","Relic Stats"],"gold_per_floor":[159,171,171,346,346,346,379,231,231,231,269,269,13,37,37,133,133,158,108,132,132,206,206,240,255,281,305,326,326,349,362,362,362,362],"floor_reached":33,"playtime":1340,"items_purged":[],"score":454,"play_id":"4c95e8d9-2e8b-424e-8820-45420b10af19","local_time":"20201223184415","is_ascension_mode":true,"campfire_choices":[{"floor":6.0,"key":"REST"},{"floor":10.0,"key":"REST"},{"data":"Crippling Poison","floor":12.0,"key":"SMITH"},{"data":"Neutralize","floor":15.0,"key":"SMITH"},{"data":"Burst","floor":23.0,"key":"SMITH"},{"floor":32,"key":"REST"}],"circlet_count":0,"master_deck":["AscendersBane","Strike_G","Strike_G","Strike_G+1","Defend_G","Defend_G","Defend_G+1","Defend_G","Defend_G","Survivor","Neutralize+1","Blur","Backflip+1","Deadly Poison","Doubt","Dagger Throw","Bane","Crippling Poison+1","Prepared","Terror","Sucker Punch","Backflip","Burst+1","PiercingWail+1","Writhe","Deadly Poison+1","Quick Slash+1","Leg Sweep","After Image","Envenom","Crippling Poison"],"relics":["Tiny House","Golden Idol","Snake Skull","Orrery","Lantern","Happy Flower","Paper Crane","SacredBark","Ninja Scroll","The Courier","Oddly Smooth Stone","Bag of Preparation"],"acts_visited":["Exordium","TheCity"],"potions_floor_usage":[28],"damage_taken":[{"damage":0.0,"enemies":"Small Slimes","floor":1.0,"turns":4.0},{"damage":3.0,"enemies":"Jaw Worm","floor":2.0,"turns":4.0},{"damage":21.0,"enemies":"Gremlin Nob","floor":7.0,"turns":5.0},{"damage":29.0,"enemies":"3 Sentries","floor":11.0,"turns":10.0},{"damage":3.0,"enemies":"Cultist","floor":14.0,"turns":3.0},{"damage":31.0,"enemies":"The Guardian","floor":16.0,"turns":13.0},{"damage":3.0,"enemies":"Shell Parasite","floor":18.0,"turns":4.0},{"damage":2.0,"enemies":"3 Byrds","floor":20.0,"turns":5.0},{"damage":6.0,"enemies":"Slavers","floor":24.0,"turns":4.0},{"damage":14.0,"enemies":"Cultist and Chosen","floor":25.0,"turns":8.0},{"damage":15.0,"enemies":"Centurion and Healer","floor":27.0,"turns":8.0},{"damage":8,"enemies":"3 Cultists","floor":28,"turns":6},{"damage":0,"enemies":"Snake Plant","floor":30,"turns":6},{"damage":3,"enemies":"Sentry and Sphere","floor":31,"turns":8},{"damage":31,"enemies":"Automaton","floor":33,"turns":4}],"seed_played":"2667471978552397438","potions_obtained":[{"floor":0.0,"key":"EssenceOfSteel"},{"floor":2.0,"key":"Fire Potion"},{"floor":14.0,"key":"Regen Potion"},{"floor":20.0,"key":"Dexterity Potion"},{"floor":28,"key":"FearPotion"},{"floor":31,"key":"SpeedPotion"}],"is_trial":false,"path_per_floor":["M","M","?","?","?","R","E","$","T","R","E","R","$","M","R","B",null,"M","?","M","?","T","R","E","M","T","M","M","?","M","M","R","B"],"character_chosen":"THE_SILENT","items_purchased":["Orrery","Paper Crane"],"campfire_rested":3,"item_purchase_floors":[8,13],"current_hp_per_floor":[68,65,47,47,32,54,33,33,33,55,26,26,26,23,23,7,58,55,55,53,53,53,53,47,33,33,18,10,10,10,7,29,0,0],"gold":362,"neow_bonus":"BOSS_RELIC","is_daily":false,"chose_seed":false,"campfire_upgraded":3,"win_rate":0.0,"timestamp":1608770655,"path_taken":["M","M","?","?","?","R","E","$","T","R","E","R","?","M","R","BOSS","M","?","?","?","?","R","E","M","T","?","M","?","M","M","R","BOSS"],"items_purchased_type":["Relic","Relic"],"build_version":"2020-12-22","purchased_purges":0,"victory":false,"max_hp_per_floor":[75,75,75,75,75,75,75,75,75,75,75,75,75,75,75,75,75,75,75,75,75,75,75,75,75,75,75,75,75,75,75,75,75,75],"relic_stats":{"Happy Flower":[23],"counters":[15,92],"Golden Idol":76,"Snake Skull":[49],"Bag of Preparation":[10],"obtain_stats":[{"Lantern":9,"Tiny House":0,"Happy Flower":11,"Golden Idol":3,"SacredBark":17,"Oddly Smooth Stone":24,"Snake Skull":7,"The Courier":22,"Bag of Preparation":26,"Paper Crane":13,"Ninja Scroll":21,"Orrery":8,"Ring of the Snake":0},{"Lantern":3,"Tiny House":0,"Happy Flower":4,"Golden Idol":2,"SacredBark":6,"Oddly Smooth Stone":9,"Snake Skull":3,"The Courier":8,"Bag of Preparation":10,"Paper Crane":4,"Ninja Scroll":8,"Orrery":3,"Ring of the Snake":0},{"Lantern":13,"Tiny House":0,"Happy Flower":23,"Golden Idol":8,"SacredBark":39,"Oddly Smooth Stone":52,"Snake Skull":13,"The Courier":48,"Bag of Preparation":60,"Paper Crane":23,"Ninja Scroll":48,"Orrery":13,"Ring of the Snake":0}]},"card_choices":[{"not_picked":["Flying Knee","Slice"],"picked":"Blur","floor":0.0},{"not_picked":["Catalyst","Flying Knee"],"picked":"Backflip","floor":1.0},{"not_picked":["Setup","Endless Agony"],"picked":"Deadly Poison","floor":2.0},{"not_picked":["A Thousand Cuts","Quick Slash"],"picked":"Dagger Throw","floor":7.0},{"not_picked":["Prepared","Finisher"],"picked":"Bane","floor":8.0},{"not_picked":["Prepared","Backstab"],"picked":"Crippling Poison","floor":8.0},{"not_picked":["Quick Slash","Eviscerate"],"picked":"Prepared","floor":8.0},{"not_picked":["All Out Attack","Acrobatics"],"picked":"Terror","floor":8.0},{"not_picked":["Accuracy","Dagger Throw"],"picked":"Sucker Punch","floor":11.0},{"not_picked":["Night Terror","Prepared"],"picked":"Backflip","floor":14.0},{"not_picked":["Die Die Die","Storm of Steel"],"picked":"Burst","floor":16.0},{"not_picked":["Cloak And Dagger","Prepared","Acrobatics"],"picked":"SKIP","floor":18.0},{"not_picked":["All Out Attack","Concentrate+1"],"picked":"PiercingWail+1","floor":20.0},{"not_picked":["Bane","Blade Dance"],"picked":"Deadly Poison+1","floor":24.0},{"not_picked":["Expertise","Acrobatics"],"picked":"Quick Slash+1","floor":25.0},{"not_picked":["Skewer","Flying Knee","Blade Dance"],"picked":"SKIP","floor":27.0},{"not_picked":["Underhanded Strike","Acrobatics"],"picked":"Leg Sweep","floor":28},{"not_picked":["Cloak And Dagger","Slice"],"picked":"Crippling Poison","floor":30},{"not_picked":["Choke","Caltrops","Acrobatics"],"picked":"SKIP","floor":31}],"player_experience":301963,"relics_obtained":[{"floor":7.0,"key":"Snake Skull"},{"floor":9.0,"key":"Lantern"},{"floor":11.0,"key":"Happy Flower"},{"floor":22.0,"key":"The Courier"},{"floor":24.0,"key":"Oddly Smooth Stone"},{"floor":26.0,"key":"Bag of Preparation"}],"event_choices":[{"damage_healed":0.0,"max_hp_gain":0.0,"max_hp_loss":0.0,"gold_gain":0.0,"event_name":"Golden Idol","player_choice":"Take Damage","floor":3.0,"gold_loss":0.0,"damage_taken":18.0,"relics_obtained":["Golden Idol"]},{"damage_healed":0.0,"max_hp_gain":0.0,"max_hp_loss":0.0,"gold_gain":175.0,"event_name":"Liars Game","player_choice":"AGREE","floor":4.0,"gold_loss":0.0,"damage_taken":0.0,"cards_obtained":["Doubt"]},{"damage_healed":0.0,"max_hp_gain":0.0,"max_hp_loss":0.0,"gold_gain":0.0,"event_name":"Shining Light","player_choice":"Entered Light","floor":5.0,"gold_loss":0.0,"damage_taken":15.0,"cards_upgraded":["Defend_G","Backflip"]},{"damage_healed":0.0,"max_hp_gain":0.0,"max_hp_loss":0.0,"gold_gain":0.0,"event_name":"The Joust","player_choice":"Bet on Owner","floor":19.0,"gold_loss":50.0,"damage_taken":0.0},{"damage_healed":0.0,"max_hp_gain":0.0,"max_hp_loss":0.0,"gold_gain":0.0,"event_name":"The Mausoleum","player_choice":"Opened","floor":21.0,"gold_loss":0.0,"damage_taken":0.0,"relics_obtained":["Ninja Scroll"],"cards_obtained":["Writhe"]},{"damage_healed":0,"gold_gain":0,"cards_transformed":["Strike_G","Strike_G"],"player_choice":"Became Test Subject","damage_taken":0,"max_hp_gain":0,"max_hp_loss":0,"event_name":"Drug Dealer","floor":29,"gold_loss":0,"cards_obtained":["After Image","Envenom"]}],"is_beta":false,"boss_relics":[{"not_picked":["Black Star","Empty Cage"],"picked":"SacredBark"}],"items_purged_floors":[],"is_endless":false,"potions_floor_spawned":[2,14,20,28,31],"killed_by":"Automaton","ascension_level":13}}