{"host":"ds1yr10zonoc6w4a","time":1608841204,"event":{"mods":["2.2 Compatiblity","AchievementEnabler","Act Like it!","BaseMod","Downfall","Elementarium","Gensokyo","Infinite Spire","Jorbs\u0027s Wanderer Trilogy","Koishi","Menagerie","Minty Spire (QoL Compilation)","Pale of the Ancients","StSLib","The Animator","Wandering Minibosses"],"gold_per_floor":[110,110,133,133,21,21,55,79,106,121,121,21,17,45,45,45,45],"floor_reached":16,"playtime":2026,"items_purged":["animator:Strike","animator:Strike"],"score":203,"play_id":"1c2bfca2-9024-40e2-b6d6-610458821997","local_time":"20201224132004","is_ascension_mode":true,"campfire_choices":[{"floor":6,"key":"RECALL"},{"data":"animator:YuiTsuruno","floor":11,"key":"SMITH"},{"data":"animator:ElricAlphonse","floor":15,"key":"SMITH"}],"circlet_count":0,"master_deck":["AscendersBane","animator:Strike_MadokaMagica","animator:Defend_MadokaMagica","animator:Strike","animator:Defend","animator:Defend","animator:Defend","animator:IrohaTamaki","animator:YuiTsuruno+1","animator:ZankiKiguchi","animator:Rimuru","Gensokyo:AllTheWorldsEvil","animator:Yuuichirou","animator:ElricAlphonse+1","animator:KyokoSakura","animator:Ciel","animator:Arpeggio","animator:Lu"],"relics":["Koishi:ImaginaryFriend","animator:TheMissingPiece","animator:PurgingStone","infinitespire:Cubic Diamond","animator:HallowedScabbard","infinitespire:ShieldingShard"],"acts_visited":["Exordium"],"potions_floor_usage":[10,10],"damage_taken":[{"damage":0,"enemies":"Jaw Worm","floor":1,"turns":1},{"damage":0,"enemies":"2 Louse","floor":3,"turns":1},{"damage":0,"enemies":"Gremlin Nob","floor":7,"turns":1},{"damage":4,"enemies":"Cultist","floor":8,"turns":4},{"damage":25,"enemies":"Exordium Thugs","floor":10,"turns":6},{"damage":30,"enemies":"2 Fungi Beasts","floor":13,"turns":5},{"damage":28,"enemies":"Lagavulin","floor":14,"turns":5},{"damage":33,"enemies":"The Guardian","floor":16,"turns":6}],"seed_played":"-7981446489162735384","potions_obtained":[{"floor":1,"key":"SpeedPotion"},{"floor":7,"key":"PowerPotion"},{"floor":13,"key":"FairyPotion"}],"is_trial":false,"path_per_floor":["M","?","M","?","$","R","E","M","T","M","R","$","M","E","R","B"],"character_chosen":"THE_ANIMATOR","items_purchased":["animator:Yuuichirou"],"campfire_rested":0,"item_purchase_floors":[5],"current_hp_per_floor":[59,59,59,59,59,59,59,55,55,39,39,39,18,23,23,0,0],"gold":45,"neow_bonus":"THREE_ENEMY_KILL","is_daily":false,"chose_seed":false,"campfire_upgraded":2,"win_rate":0.0,"timestamp":1608841204,"path_taken":["M","?","M","?","$","R","E","?","T","M","R","$","M","E","R","BOSS"],"items_purchased_type":["Card"],"build_version":"2020-12-22","purchased_purges":2,"victory":false,"max_hp_per_floor":[66,66,66,66,66,66,66,66,66,66,66,66,66,66,66,66,66],"card_choices":[{"not_picked":["animator:Alexander","animator:ChaikaBohdan"],"picked":"animator:ZankiKiguchi","floor":1},{"not_picked":["animator:GuildGirl","animator:Chung"],"picked":"animator:Rimuru","floor":3},{"not_picked":["animator:Mitsurugi","animator:Aqua"],"picked":"animator:ElricAlphonse","floor":7},{"not_picked":["animator:IrohaTamaki","animator:YachiyoNanami"],"picked":"animator:KyokoSakura","floor":8},{"not_picked":["animator:GuildGirl","animator:Emonzaemon"],"picked":"animator:Ciel","floor":10},{"not_picked":["animator:Yoichi","animator:Evileye"],"picked":"animator:Arpeggio","floor":13},{"not_picked":["animator:KrulTepes","animator:Hitei"],"picked":"animator:Lu","floor":14}],"player_experience":520327,"relics_obtained":[{"floor":7,"key":"animator:HallowedScabbard"},{"floor":14,"key":"infinitespire:ShieldingShard"}],"event_choices":[{"damage_healed":0,"gold_gain":0,"player_choice":"1 cards matched","damage_taken":0,"max_hp_gain":0,"max_hp_loss":0,"event_name":"Match and Keep!","floor":4,"gold_loss":0,"cards_obtained":["Gensokyo:AllTheWorldsEvil"]}],"is_beta":false,"boss_relics":[],"items_purged_floors":[5,12],"is_endless":false,"potions_floor_spawned":[1,7,13],"killed_by":"The Guardian","ascension_level":10}}