{"host":"gvhxj4mzhoewha5t","time":1608777307,"event":{"mods":["2.2 Compatiblity","AchievementEnabler","BaseMod","Better Altar","Better Match","Better Note","Better Sensory Stone","Better Skull","Better Third Choice","Better Vampires","BetterRewards","CapriCore","Colored Map","Disable Question Mark Monsters","Downfall","Emptier Cage","GifTheSpireLib","Hermit","Marked Mod","Minty Spire (QoL Compilation)","Quick Restart","Rare Cards Sparkle","Robot Space Explorer","Spicy Shops","StSLib","The Immortal"],"gold_per_floor":[99,99,99,164,164,264,289,321,337,366,366,382,392,406,422,422,422],"floor_reached":16,"playtime":944,"items_purged":[],"score":110,"play_id":"b0b45440-34d2-42cf-b84c-33db8f79ce6d","local_time":"20201223213507","is_ascension_mode":false,"campfire_choices":[{"floor":1,"key":"RECALL"},{"floor":11,"key":"REST"}],"circlet_count":0,"master_deck":["sneckomod:Strike","sneckomod:Strike","sneckomod:Strike","sneckomod:Defend","sneckomod:Defend","sneckomod:Defend","sneckomod:TailWhip","sneckomod:SnekBite","sneckomod:Unknown","sneckomod:Unknown","sneckomod:UnknownClassROBOT_ORANGE_COLOR","sneckomod:UnknownCommonSkill","sneckomod:UnknownUncommonAttack","sneckomod:SoulExchange","sneckomod:UnknownClassPURPLE","sneckomod:UnknownClassTHE_CHAMP_GRAY","hexamod:ThirdSeal","sneckomod:UnknownWeak","sneckomod:DiceCrush","sneckomod:SerpentIdol","sneckomod:UnknownExhaust","sneckomod:UnknownClassSLIMEBOUND"],"relics":["sneckomod:SneckoSoul","downfall:HeartsMalice","CaptainsWheel","Thread and Needle","PreservedInsect","Smiling Mask"],"acts_visited":["Exordium"],"potions_floor_usage":[13,13,13,13,14,15,15,15,15,15,16],"damage_taken":[{"damage":0,"enemies":"Jaw Worm","floor":2,"turns":1},{"damage":0,"enemies":"2 Louse","floor":3,"turns":1},{"damage":0,"enemies":"3 Sentries","floor":4,"turns":1},{"damage":66,"enemies":"Gremlin Nob","floor":8,"turns":8},{"damage":9,"enemies":"Cultist","floor":9,"turns":2},{"damage":5,"enemies":"3 Sentries","floor":10,"turns":6},{"damage":9,"enemies":"Gremlin Gang","floor":12,"turns":3},{"damage":0,"enemies":"Large Slime","floor":13,"turns":2},{"damage":0,"enemies":"2 Fungi Beasts","floor":14,"turns":1},{"damage":0,"enemies":"3 Louse","floor":15,"turns":2},{"damage":29,"enemies":"downfall:Ironclad","floor":16,"turns":5}],"seed_played":"5921850168924179842","potions_obtained":[{"floor":10,"key":"EntropicBrew"},{"floor":12,"key":"Energy Potion"},{"floor":13,"key":"SteroidPotion"},{"floor":14,"key":"EntropicBrew"},{"floor":15,"key":"ColorlessPotion"}],"is_trial":false,"path_per_floor":["R","M","M","?","?","?","T","E","M","E","R","M","M","M","M","B"],"character_chosen":"THE_SNECKO","items_purchased":[],"campfire_rested":1,"item_purchase_floors":[],"current_hp_per_floor":[90,91,92,93,81,81,81,19,11,7,35,27,27,28,29,0,0],"gold":422,"neow_bonus":"THREE_ENEMY_KILL","is_daily":false,"chose_seed":false,"campfire_upgraded":0,"win_rate":0.0,"timestamp":1608777307,"path_taken":["R","M","M","?","?","?","T","E","M","E","R","M","?","M","M","BOSS"],"items_purchased_type":[],"build_version":"2020-12-22","purchased_purges":0,"victory":false,"max_hp_per_floor":[90,91,92,93,93,93,93,93,94,95,95,96,96,97,98,98,98],"card_choices":[{"not_picked":["sneckomod:UnknownStrike","sneckomod:UnknownVulnerable"],"picked":"sneckomod:UnknownClassROBOT_ORANGE_COLOR","floor":2},{"not_picked":["sneckomod:MasterEye","sneckomod:UnknownBlock"],"picked":"sneckomod:UnknownCommonSkill","floor":3},{"not_picked":["sneckomod:RainOfDice","sneckomod:SoulDraw"],"picked":"sneckomod:UnknownUncommonAttack","floor":4},{"not_picked":["sneckomod:RainOfDice","sneckomod:DiceCrush"],"picked":"sneckomod:SoulExchange","floor":8},{"not_picked":["sneckomod:QuickMove","sneckomod:Nope"],"picked":"sneckomod:UnknownClassPURPLE","floor":9},{"not_picked":["sneckomod:SerpentIdol","sneckomod:Unknown0Cost"],"picked":"sneckomod:UnknownClassTHE_CHAMP_GRAY","floor":10},{"not_picked":["hexamod:SixthSeal","hexamod:FourthSeal"],"picked":"hexamod:ThirdSeal","floor":12},{"not_picked":["sneckomod:Unknown1Cost","sneckomod:TrashToTreasure"],"picked":"sneckomod:UnknownWeak","floor":12},{"not_picked":["sneckomod:Unknown0Cost","sneckomod:IronFang"],"picked":"sneckomod:DiceCrush","floor":13},{"not_picked":["sneckomod:UnknownClassRED","sneckomod:UnknownX"],"picked":"sneckomod:SerpentIdol","floor":13},{"not_picked":["sneckomod:UnknownBlock","sneckomod:UnknownClassPURPLE"],"picked":"sneckomod:UnknownExhaust","floor":14},{"not_picked":["sneckomod:SoulRoll","sneckomod:DefensiveFlair"],"picked":"sneckomod:UnknownClassSLIMEBOUND","floor":15}],"player_experience":349068,"relics_obtained":[{"floor":8,"key":"PreservedInsect"},{"floor":10,"key":"Smiling Mask"}],"event_choices":[{"damage_healed":0,"gold_gain":0,"player_choice":"Relic ","damage_taken":12,"max_hp_gain":0,"max_hp_loss":0,"event_name":"betterThird:BetterScrap","floor":5,"gold_loss":0,"cards_obtained":["Amplify"]}],"is_beta":false,"boss_relics":[],"items_purged_floors":[],"is_endless":false,"potions_floor_spawned":[10,12,13,14,15],"killed_by":"downfall:Ironclad","ascension_level":0}}