{"host":"irqpc5dtltfquxh7","time":1608817629,"event":{"mods":["2.2 Compatiblity","AchievementEnabler","Act Like it!","Aspiration","BaseMod","Beaked The Cultist","Better Third Choice","BetterRewards","CapriCore","Colored Map","Colored Powertips","Conspire","Friendly Minions","Halation","Highlight Path","Hubris","Infinite Spire","Jedi Mod","Minty Spire (QoL Compilation)","MostiFishMod","Permanent Neow","Replay The Spire","RumiaBox-????????","Shop Mod","Spicy Shops","Spikes Relics","StSLib","Strawberry Spire","Unknown Chances","Waifu the Spire","vexMod"],"gold_per_floor":[117,183,183,183,235,261,261,273,273,273,303,315,315,330,330,433,433,450,469,469,120,139,139,149,149,176,176,206,206,206,218,218,334,334,369,369,410,457,50,50,79,79,161,190,220,244,270,138,138,138,138],"floor_reached":50,"playtime":4475,"items_purged":["Pot Of Greed","Pot Of Greed","conspire:GhostlyStrike"],"score":717,"play_id":"37ab2a3a-b803-4a83-acab-4518ebbfc704","local_time":"20201224194709","is_ascension_mode":false,"campfire_choices":[{"floor":10.0,"key":"REST"},{"data":"beaked:DigDeep","floor":13.0,"key":"SMITH"},{"data":"beaked:Ceremony","floor":15.0,"key":"SMITH"},{"data":"strawberrySpire:Flashback","floor":23.0,"key":"SMITH"},{"data":"strawberrySpire:Flashback","floor":25.0,"key":"SMITH"},{"data":"strawberrySpire:Flashback","floor":27.0,"key":"SMITH"},{"data":"beaked:MachineEssence","floor":30.0,"key":"SMITH"},{"data":"beaked:RitualOfBody","floor":32.0,"key":"SMITH"},{"data":"beaked:LiftOff","floor":40.0,"key":"SMITH"},{"data":"beaked:AwakenedForm","floor":42.0,"key":"SMITH"},{"data":"beaked:AwakenedForm","floor":49,"key":"SMITH"}],"circlet_count":0,"master_deck":["conspire:GhostlyStrike","conspire:GhostlyStrike","conspire:GhostlyStrike","conspire:GhostlyStrike","conspire:GhostlyDefend","conspire:GhostlyDefend","conspire:GhostlyDefend","conspire:GhostlyDefend","beaked:Ceremony+1","beaked:Ceremony+1","beaked:Ceremony+1","beaked:RitualOfBody+1","beaked:Insight","beaked:DigDeep+1","beaked:WarriorEssence","beaked:BloodRitual","beaked:StickSmack+1","beaked:Brace+1","strawberrySpire:Flashback","beaked:HuntressEssence","beaked:DigDeep","beaked:MachineEssence+1","beaked:VigorBurst+1","beaked:AwakenedForm+1","beaked:WarriorEssence","Pot Of Greed","beaked:DigDeep","beaked:LiftOff+1","beaked:AwakenedForm+1"],"relics":["beaked:MendingPlumage","DaveBox","SynthV:TestCard","halation:PinkSoulGem","RollingBoulder","vexMod:BarristanHead","MerchantsRug","Magic Flower","SynthV","Blood Vial","strawberrySpire:KineticCharger","infinitespire:EvilPickle"],"acts_visited":["Exordium","TheCity","TheBeyond"],"potions_floor_usage":[],"damage_taken":[{"damage":10.0,"enemies":"conspire:RoseBush","floor":1.0,"turns":3.0},{"damage":31.0,"enemies":"3 Sentries","floor":6.0,"turns":7.0},{"damage":8.0,"enemies":"Small Slimes","floor":8.0,"turns":4.0},{"damage":10.0,"enemies":"2 Louse","floor":12.0,"turns":5.0},{"damage":16.0,"enemies":"Large Slime","floor":14.0,"turns":5.0},{"damage":86.0,"enemies":"Hexaghost","floor":16.0,"turns":10.0},{"damage":104.0,"enemies":"3 Byrds","floor":18.0,"turns":7.0},{"damage":56.0,"enemies":"Chosen","floor":19.0,"turns":6.0},{"damage":34.0,"enemies":"conspire:HollyBat","floor":22.0,"turns":8.0},{"damage":38.0,"enemies":"Snake Plant","floor":24.0,"turns":6.0},{"damage":47.0,"enemies":"conspire:Head Lice","floor":28.0,"turns":10.0},{"damage":0.0,"enemies":"Snecko","floor":31.0,"turns":7.0},{"damage":105.0,"enemies":"Pondfish","floor":33.0,"turns":14.0},{"damage":28.0,"enemies":"Orb Walker","floor":35.0,"turns":5.0},{"damage":58.0,"enemies":"3 Darklings","floor":37.0,"turns":7.0},{"damage":165.0,"enemies":"Transient","floor":38.0,"turns":5.0},{"damage":44.0,"enemies":"Giant Head","floor":41.0,"turns":8.0},{"damage":41.0,"enemies":"Sphere and 2 Shapes","floor":44.0,"turns":8.0},{"damage":49.0,"enemies":"Jaw Worm Horde","floor":45.0,"turns":6.0},{"damage":57.0,"enemies":"3 Darklings","floor":46.0,"turns":6.0},{"damage":126.0,"enemies":"Transient","floor":47.0,"turns":5.0},{"damage":255,"enemies":"hubris:GrandSnecko","floor":50,"turns":17}],"seed_played":"4641726325167194044","potions_obtained":[{"floor":2.0,"key":"Languid Potion"},{"floor":6.0,"key":"jedi:StrikingPotion"},{"floor":8.0,"key":"conspire:TimeTravelPotion"},{"floor":20.0,"key":"Fruit Juice"},{"floor":20.0,"key":"FairyPotion"},{"floor":20.0,"key":"Dexterity Potion"},{"floor":22.0,"key":"jedi:hoardpotion"},{"floor":28.0,"key":"Fire Potion"},{"floor":33.0,"key":"Venom Potion"},{"floor":35.0,"key":"SpeedPotion"},{"floor":38.0,"key":"Elixir"},{"floor":45.0,"key":"Languid Potion"}],"is_trial":false,"path_per_floor":["M","?","?","?","T","E","?","M","T","R","$","M","R","M","R","B",null,"M","M","?","$","M","R","M","R","T","R","E","?","R","M","R","B",null,"M","?","M","M","$","R","E","R","T","M","M","M","M","$","R","B"],"character_chosen":"BEAKED_THE_CULTIST","items_purchased":["MerchantsRug","strawberrySpire:Flashback","SynthV","aspiration:KaomsHeart","beaked:AwakenedForm"],"campfire_rested":1,"item_purchase_floors":[11,21,21,39,48],"current_hp_per_floor":[43,23,23,23,23,9,9,10,10,25,25,36,36,50,50,19,50,32,19,24,24,31,31,57,57,57,57,57,57,57,62,62,62,62,62,62,62,27,127,127,162,162,162,162,162,162,160,62,62,0,0],"gold":138,"neow_bonus":"UPGRADE_CARD","is_daily":false,"chose_seed":false,"campfire_upgraded":10,"win_rate":0.0,"timestamp":1608817629,"path_taken":["M","?","?","?","?","E","?","M","T","R","$","?","R","M","R","BOSS","M","?","?","$","?","R","M","R","T","R","E","?","R","?","R","BOSS","M","?","?","M","?","R","E","R","T","M","M","M","M","$","R","BOSS"],"items_purchased_type":["Relic","Card","Relic","Relic","Card"],"build_version":"2020-12-22","purchased_purges":3,"victory":false,"max_hp_per_floor":[50,50,50,50,50,50,50,50,50,50,50,50,50,50,50,50,50,50,50,55,55,57,57,57,57,57,57,57,57,57,62,62,62,62,62,62,62,62,162,162,162,162,162,162,162,162,162,62,62,62,62],"card_choices":[{"not_picked":["beaked:Tradeoff","beaked:DigDeep"],"picked":"beaked:RitualOfBody","floor":1.0},{"not_picked":["beaked:MimicMachine","beaked:BloodRitual","beaked:Redirect","beaked:Overpower"],"picked":"beaked:Insight","floor":2.0},{"not_picked":["beaked:Tweet","beaked:ScreechingChant","beaked:Evade","beaked:Mantra"],"picked":"beaked:StickSmack","floor":6.0},{"not_picked":["beaked:Resilience","beaked:Sacrifice","beaked:Tweet","beaked:Daydream"],"picked":"beaked:DigDeep","floor":8.0},{"not_picked":["beaked:Redirect","beaked:Foresight","beaked:SurvivalInstinct","beaked:TuckingFeathers"],"picked":"beaked:WarriorEssence","floor":12.0},{"not_picked":["beaked:Tweet","beaked:Windmill","beaked:StunningBlow","beaked:WindBringer"],"picked":"beaked:BloodRitual","floor":14.0},{"not_picked":["beaked:SacrificialAttack","beaked:MimicMachine","beaked:WindBringer+1","beaked:WarriorSpirit+1"],"picked":"beaked:StickSmack+1","floor":18.0},{"not_picked":["beaked:Roost","beaked:Molting","beaked:BloodForTheGods","beaked:Resilience"],"picked":"beaked:Brace+1","floor":19.0},{"not_picked":["beaked:Redirect+1","beaked:Foresight","ReplayTheSpireMod:Prepare the Ceremony","beaked:Poke"],"picked":"beaked:HuntressEssence","floor":22.0},{"not_picked":["beaked:Windmill","beaked:Resilience+1","beaked:WildInstinct","beaked:Foresight"],"picked":"beaked:DigDeep","floor":24.0},{"not_picked":["beaked:TuckingFeathers","beaked:Windmill","beaked:Resilience+1","beaked:Replenish"],"picked":"beaked:MachineEssence","floor":28.0},{"not_picked":["beaked:BounceBack","beaked:CursingBlood+1","beaked:Redirect","beaked:TuckingFeathers"],"picked":"beaked:VigorBurst+1","floor":31.0},{"not_picked":["ReplayTheSpireMod:Owlgaze","beaked:MachineEssence","beaked:Brainwash","beaked:FullHouse"],"picked":"beaked:AwakenedForm","floor":33.0},{"not_picked":["beaked:MimicWarrior+1","beaked:TuckingFeathers+1","beaked:Poke+1","beaked:Overexert+1"],"picked":"beaked:WarriorEssence","floor":35.0},{"not_picked":["ReplayTheSpireMod:Prepare the Ceremony+1","beaked:Devastation+1","beaked:DarkPact","beaked:Foresight+1"],"picked":"beaked:DigDeep","floor":37.0},{"not_picked":["beaked:Hexing","beaked:Mantra","beaked:Tweet","beaked:HuntressSpirit+1"],"picked":"beaked:LiftOff","floor":38.0},{"not_picked":["beaked:TuckingFeathers+1","beaked:Struggle","beaked:Insight+1","beaked:LiftOff","beaked:Flinch+1"],"picked":"SKIP","floor":41.0},{"not_picked":["beaked:SacrificialDive","beaked:Windmill","beaked:HuntressEssence+1","beaked:MachineSpirit","beaked:Evade+1"],"picked":"SKIP","floor":44.0},{"not_picked":["beaked:Insight+1","beaked:Windmill+1","beaked:WindBringer+1","beaked:BloodForTheGods","beaked:Overpower"],"picked":"SKIP","floor":45.0},{"not_picked":["beaked:Insight+1","beaked:WarriorEssence+1","beaked:Foresight","beaked:Resilience","beaked:FeelMyPain"],"picked":"SKIP","floor":46.0},{"not_picked":["beaked:Resilience+1","beaked:Devastation+1","beaked:MaddeningMurmurs+1","beaked:BounceBack","beaked:VigorBurst+1"],"picked":"SKIP","floor":47}],"player_experience":420217,"relics_obtained":[{"floor":1.0,"key":"SynthV:TestCard"},{"floor":2.0,"key":"hubris:Reverence"},{"floor":5.0,"key":"RollingBoulder"},{"floor":6.0,"key":"vexMod:BarristanHead"},{"floor":9.0,"key":"WingedGreaves"},{"floor":26.0,"key":"Blood Vial"},{"floor":28.0,"key":"strawberrySpire:KineticCharger"},{"floor":41.0,"key":"aspiration:KMNothing"},{"floor":43.0,"key":"aspiration:KMNothing"}],"event_choices":[{"damage_healed":0.0,"max_hp_gain":0.0,"max_hp_loss":0.0,"gold_gain":0.0,"event_name":"conspire:LoneGhost","player_choice":"Agree","floor":7.0,"gold_loss":0.0,"damage_taken":0.0},{"damage_healed":0.0,"max_hp_gain":0.0,"max_hp_loss":0.0,"gold_gain":0.0,"event_name":"Lab","player_choice":"Got Potions","floor":20.0,"gold_loss":0.0,"damage_taken":0.0},{"cards_removed":["beaked:StickSmack"],"damage_healed":0.0,"max_hp_gain":0.0,"max_hp_loss":0.0,"gold_gain":0.0,"event_name":"Purifier","player_choice":"Purged","floor":29.0,"gold_loss":0.0,"damage_taken":0.0},{"cards_removed":["conspire:GhostlyStrike"],"damage_healed":0.0,"max_hp_gain":0.0,"max_hp_loss":0.0,"gold_gain":0.0,"event_name":"WeMeetAgain","player_choice":"Gave Card","floor":36.0,"gold_loss":0.0,"damage_taken":0.0,"relics_obtained":["Grinning Jar"]}],"is_beta":false,"boss_relics":[{"not_picked":["Black Star","aspiration:SecretTechniqueScroll"],"picked":"hubris:Backtick"},{"not_picked":["Runic Pyramid","hubris:TerracottaHorce","ReplayTheSpireMod:SealedPack"]}],"items_purged_floors":[39,39,48],"is_endless":false,"potions_floor_spawned":[6,8,22,28,33,35,38,45],"killed_by":"hubris:GrandSnecko","ascension_level":0}}