{"host":"rmsq46plbpwfbxcc","time":1608813094,"event":{"mods":["AchievementEnabler","BaseMod","Colored Map","DeckTracker","Minty Spire (QoL Compilation)","Permanent Neow","SuperFastMode"],"gold_per_floor":[113,126,51,66,141,141,141,141,141,169,184,184,184],"floor_reached":12,"playtime":383,"items_purged":[],"score":140,"play_id":"8d9a98e8-907d-4cf1-a9f5-7e8ae162951c","local_time":"20201224213134","is_ascension_mode":true,"campfire_choices":[{"data":"Neutralize","floor":6,"key":"SMITH"},{"data":"Cloak And Dagger","floor":8,"key":"SMITH"}],"circlet_count":0,"master_deck":["AscendersBane","Strike_G","Strike_G","Strike_G","Strike_G","Strike_G","Defend_G","Defend_G","Defend_G","Survivor","Neutralize+1","CurseOfTheBell","Blur","Backflip","Cloak And Dagger+1","Riddle With Holes+1","Finisher+1"],"relics":["Calling Bell","Ancient Tea Set","Pear","Ginger","Thread and Needle","Molten Egg 2"],"acts_visited":["Exordium"],"potions_floor_usage":[10],"damage_taken":[{"damage":12,"enemies":"Jaw Worm","floor":1,"turns":8},{"damage":1,"enemies":"Small Slimes","floor":2,"turns":5},{"damage":3,"enemies":"2 Louse","floor":4,"turns":4},{"damage":22,"enemies":"Lagavulin","floor":10,"turns":13},{"damage":4,"enemies":"Lots of Slimes","floor":11,"turns":4},{"damage":16,"enemies":"3 Sentries","floor":12,"turns":7}],"seed_played":"5812766737744277676","potions_obtained":[{"floor":4,"key":"Block Potion"}],"is_trial":false,"path_per_floor":["M","M","?","M","?","R","?","R","T","E","M","E"],"character_chosen":"THE_SILENT","items_purchased":[],"campfire_rested":0,"item_purchase_floors":[],"current_hp_per_floor":[57,56,56,53,42,42,42,42,42,20,16,0,0],"gold":184,"neow_bonus":"BOSS_RELIC","is_daily":false,"chose_seed":false,"campfire_upgraded":2,"win_rate":0.0,"timestamp":1608813094,"path_taken":["M","M","?","M","?","R","?","R","T","E","M","E"],"items_purchased_type":[],"build_version":"2020-12-22","purchased_purges":0,"victory":false,"max_hp_per_floor":[76,76,76,76,76,76,76,76,76,76,76,76,76],"card_choices":[{"not_picked":["Infinite Blades","Expertise"],"picked":"Blur","floor":1},{"not_picked":["Deadly Poison","Outmaneuver"],"picked":"Backflip","floor":2},{"not_picked":["Expertise","Unload"],"picked":"Cloak And Dagger","floor":4},{"not_picked":["Catalyst","Sucker Punch+1"],"picked":"Riddle With Holes+1","floor":10},{"not_picked":["Masterful Stab+1","Deadly Poison"],"picked":"Finisher+1","floor":11}],"player_experience":1365146,"relics_obtained":[{"floor":0,"key":"Ancient Tea Set"},{"floor":0,"key":"Pear"},{"floor":0,"key":"Ginger"},{"floor":9,"key":"Thread and Needle"},{"floor":10,"key":"Molten Egg 2"}],"event_choices":[{"cards_removed":["Defend_G"],"damage_healed":0,"gold_gain":0,"player_choice":"Card Removal","damage_taken":0,"max_hp_gain":0,"max_hp_loss":0,"event_name":"The Cleric","floor":3,"gold_loss":75},{"damage_healed":0,"gold_gain":75,"player_choice":"Gather Gold","damage_taken":11,"max_hp_gain":0,"max_hp_loss":0,"event_name":"World of Goop","floor":5,"gold_loss":0},{"cards_removed":["Defend_G"],"damage_healed":0,"gold_gain":0,"player_choice":"Purged","damage_taken":0,"max_hp_gain":0,"max_hp_loss":0,"event_name":"Purifier","floor":7,"gold_loss":0}],"is_beta":false,"boss_relics":[],"items_purged_floors":[],"is_endless":false,"potions_floor_spawned":[4],"killed_by":"3 Sentries","ascension_level":16}}