{"host":"7o30bgpqouqblh42","time":1608843929,"event":{"mods":["AchievementEnabler","Aspiration","BaseMod","Colored Map","Downfall","Highlight Path","Minty Spire (QoL Compilation)","StSLib","SuperFastMode"],"gold_per_floor":[0,10,30,30,30,30,30,48,48,60,60,90,100,120,135,135,135,135],"floor_reached":16,"playtime":1198,"items_purged":[],"score":109,"play_id":"d1514fa0-c625-4689-bf47-a4038ef55bdf","local_time":"20201224160529","is_ascension_mode":true,"campfire_choices":[{"floor":1,"key":"RECALL"},{"data":"Guardian:Incinerate","floor":6,"key":"SMITH"},{"data":"Guardian:TwinSlam","floor":11,"key":"SMITH"}],"circlet_count":0,"master_deck":["Guardian:Strike_Guardian","Guardian:Strike_Guardian","Guardian:Strike_Guardian","Guardian:Defend_Guardian","Guardian:Defend_Guardian","Guardian:Defend_Guardian","Guardian:Defend_Guardian","Guardian:CurlUp","Guardian:TwinSlam+1","Guardian:Incinerate+1","Injury","Guardian:Preprogram+1","Parasite","Guardian:ShieldCharger+1","Guardian:Emergency+1","Guardian:ChargeCore","Guardian:TimeBomb+1","Guardian:Preprogram+1"],"relics":["Guardian:ModeShifter","CaptainsWheel","Toxic Egg 2","The Courier","aspiration:FetidBarrel"],"acts_visited":["Exordium"],"potions_floor_usage":[12,16],"damage_taken":[{"damage":0,"enemies":"Jaw Worm","floor":2,"turns":5},{"damage":6,"enemies":"Small Slimes","floor":3,"turns":4},{"damage":8,"enemies":"2 Louse","floor":8,"turns":3},{"damage":2,"enemies":"Exordium Wildlife","floor":10,"turns":4},{"damage":22,"enemies":"3 Sentries","floor":12,"turns":11},{"damage":13,"enemies":"Large Slime","floor":13,"turns":10},{"damage":0,"enemies":"2 Fungi Beasts","floor":14,"turns":4},{"damage":7,"enemies":"Exordium Wildlife","floor":15,"turns":4},{"damage":38,"enemies":"downfall:Defect","floor":16,"turns":6}],"seed_played":"-2919989796673373455","potions_obtained":[{"floor":3,"key":"Guardian:AcceleratePotion"},{"floor":10,"key":"SmokeBomb"},{"floor":13,"key":"Weak Potion"},{"floor":14,"key":"Guardian:BlockOnCardUsePotion"}],"is_trial":false,"path_per_floor":["R","M","M","?","?","R","T","M","?","M","R","E","M","M","M","B"],"character_chosen":"GUARDIAN","items_purchased":[],"campfire_rested":0,"item_purchase_floors":[],"current_hp_per_floor":[80,80,74,74,74,74,74,66,80,78,78,56,43,43,36,0,0,0],"gold":135,"neow_bonus":"ONE_RARE_RELIC","is_daily":false,"chose_seed":false,"campfire_upgraded":2,"win_rate":0.0,"timestamp":1608843929,"path_taken":["R","M","M","?","?","R","T","?","?","M","R","E","M","M","M","BOSS"],"items_purchased_type":[],"build_version":"2020-12-22","purchased_purges":0,"victory":false,"max_hp_per_floor":[80,80,80,80,80,80,80,80,80,80,80,80,80,80,80,80,80,80],"card_choices":[{"not_picked":["Guardian:Gem_Cyan","Guardian:Reroute"],"picked":"Guardian:Incinerate","floor":2},{"not_picked":["Guardian:Reroute","Guardian:PrismaticBeam"],"picked":"Guardian:Gem_Yellow","floor":3},{"not_picked":["Guardian:RollAttack","Guardian:TimeCapacitor"],"picked":"Guardian:Preprogram+1","floor":8},{"not_picked":["Guardian:Gem_Lightblue","Guardian:Clone+1"],"picked":"Guardian:ShieldCharger+1","floor":10},{"not_picked":["Guardian:Gem_Cyan","Guardian:TemporalStrike"],"picked":"Guardian:Emergency+1","floor":12},{"not_picked":["Guardian:Incinerate","Guardian:Gem_Lightblue"],"picked":"Guardian:ChargeCore","floor":13},{"not_picked":["Guardian:RevengeProtocol","Guardian:PiercingHide+1"],"picked":"Guardian:TimeBomb+1","floor":14},{"not_picked":["Guardian:Reroute","Guardian:GuardianWhirl"],"picked":"Guardian:Preprogram+1","floor":15}],"player_experience":130824,"relics_obtained":[{"floor":7,"key":"The Courier"},{"floor":12,"key":"aspiration:FetidBarrel"}],"event_choices":[{"damage_healed":20,"gold_gain":0,"player_choice":"Healed and dodged fight","damage_taken":0,"max_hp_gain":0,"max_hp_loss":0,"event_name":"Mushrooms","floor":9,"gold_loss":0,"cards_obtained":["Parasite"]}],"is_beta":false,"boss_relics":[],"items_purged_floors":[],"is_endless":false,"potions_floor_spawned":[3,10,13,14,15],"killed_by":"downfall:Defect","ascension_level":1}}