{"host":"1bmpebsu0h6jmm2g","time":1608815892,"event":{"mods":["BaseMod","Colored Map","DeckTracker","Highlight Path","Keyboard Shortcuts","Minty Spire (QoL Compilation)","Permanent Neow","Quick Restart","Relic Stats","Slay the Relics Exporter","StSLib","SuperFastMode"],"gold_per_floor":[16,36,50,66,10,10,10,10,10,22,22,34,34,49,49,49,49],"floor_reached":16,"playtime":256,"items_purged":[],"score":188,"play_id":"560dae6b-76ac-4e4e-ac25-04c446e56b6e","local_time":"20201224221812","is_ascension_mode":true,"campfire_choices":[{"data":"Choke","floor":6.0,"key":"SMITH"},{"floor":8.0,"key":"REST"},{"data":"Neutralize","floor":13.0,"key":"SMITH"},{"data":"Deflect","floor":15.0,"key":"SMITH"}],"circlet_count":0,"master_deck":["AscendersBane","Strike_G","Strike_G","Strike_G+1","Strike_G+1","Strike_G","Defend_G","Defend_G","Defend_G","Defend_G","Defend_G","Survivor","Neutralize+1","Slice","Choke+1","Acrobatics","Deflect+1"],"relics":["Ring of the Snake","Ginger","Sundial","Molten Egg 2"],"acts_visited":["Exordium"],"potions_floor_usage":[16,16],"damage_taken":[{"damage":1.0,"enemies":"2 Louse","floor":1.0,"turns":3.0},{"damage":8.0,"enemies":"Jaw Worm","floor":2.0,"turns":4.0},{"damage":0.0,"enemies":"Small Slimes","floor":3.0,"turns":2.0},{"damage":12.0,"enemies":"3 Louse","floor":4.0,"turns":3.0},{"damage":0.0,"enemies":"Looter","floor":10.0,"turns":3.0},{"damage":5.0,"enemies":"Lots of Slimes","floor":12.0,"turns":5.0},{"damage":11.0,"enemies":"2 Fungi Beasts","floor":14.0,"turns":3.0},{"damage":15,"enemies":"The Guardian","floor":16,"turns":13}],"seed_played":"952007508333164915","potions_obtained":[{"floor":1.0,"key":"DuplicationPotion"},{"floor":4.0,"key":"LiquidMemories"}],"is_trial":false,"path_per_floor":["M","M","M","M","$","R","?","R","T","M","?","M","R","M","R","B"],"character_chosen":"THE_SILENT","items_purchased":["Deflect"],"campfire_rested":1,"item_purchase_floors":[5],"current_hp_per_floor":[58,50,50,38,38,38,18,37,37,37,32,27,27,16,16,1,1],"gold":49,"neow_bonus":"ONE_RARE_RELIC","is_daily":false,"chose_seed":false,"campfire_upgraded":3,"win_rate":0.0,"timestamp":1608815892,"path_taken":["M","M","M","M","$","R","?","R","T","M","?","M","R","M","R","BOSS"],"items_purchased_type":["Card"],"build_version":"2020-12-22","purchased_purges":0,"victory":false,"max_hp_per_floor":[66,66,66,66,66,66,66,66,66,66,66,66,66,66,66,66,66],"relic_stats":{"counters":[8,35],"Sundial":[4],"Ginger":[6],"obtain_stats":[{"Sundial":9,"Molten Egg 2":11,"Ginger":0,"Ring of the Snake":0},{"Sundial":4,"Molten Egg 2":5,"Ginger":0,"Ring of the Snake":0},{"Sundial":12,"Molten Egg 2":15,"Ginger":0,"Ring of the Snake":0}],"Ring of the Snake":[16]},"card_choices":[{"not_picked":["Riddle With Holes","Sucker Punch"],"picked":"Slice","floor":1.0},{"not_picked":["Reflex","Expertise"],"picked":"Choke","floor":2.0},{"not_picked":["Quick Slash","Setup"],"picked":"Acrobatics","floor":3.0},{"not_picked":["Quick Slash","Deadly Poison","Flying Knee"],"picked":"SKIP","floor":4.0},{"not_picked":["Dagger Spray","Well Laid Plans","Poisoned Stab"],"picked":"SKIP","floor":10.0},{"not_picked":["Dodge and Roll","Underhanded Strike+1","Slice+1"],"picked":"SKIP","floor":12.0},{"not_picked":["Bouncing Flask","Bane+1","Concentrate"],"picked":"SKIP","floor":14.0}],"player_experience":476456,"relics_obtained":[{"floor":9.0,"key":"Sundial"}],"event_choices":[{"damage_healed":0.0,"max_hp_gain":0.0,"max_hp_loss":0.0,"gold_gain":0.0,"event_name":"Shining Light","player_choice":"Entered Light","floor":7.0,"gold_loss":0.0,"damage_taken":20.0,"cards_upgraded":["Strike_G","Strike_G"]},{"damage_healed":0.0,"max_hp_gain":0.0,"max_hp_loss":0.0,"gold_gain":0.0,"event_name":"Scrap Ooze","player_choice":"Success","floor":11.0,"gold_loss":0.0,"damage_taken":5.0,"relics_obtained":["Molten Egg 2"]}],"is_beta":false,"boss_relics":[],"items_purged_floors":[],"is_endless":false,"potions_floor_spawned":[1,4,10,12],"killed_by":"The Guardian","ascension_level":20}}