{"host":"9kjfrj3pewitpdem","time":1608821002,"event":{"mods":["AchievementEnabler","BaseMod","Better Altar","Better Match","Better Note","Better Sensory Stone","Better Skull","Better Third Choice","BetterRewards","Colored Map","Colored Powertips","GifTheSpireLib","Hermit","Hero for Fun","Hubris","Jorbs\u0027s Wanderer Trilogy","Minty Spire (QoL Compilation)","Replay The Spire","StSLib","The Bladedancer","The Cursed","The Hierophant","The Runesmith","The Servant 0.9.4"],"gold_per_floor":[116,116,116,41,61,96,107,107,130,130,230,240,260,274,274,370,370,385,398,411,426,426,426],"floor_reached":22,"playtime":1168,"items_purged":["blademaster:Strike"],"score":215,"play_id":"a08ff635-7d1d-44a9-b547-385525483df2","local_time":"20201225014322","is_ascension_mode":false,"campfire_choices":[{"data":"blademaster:Strike","floor":8,"key":"SMITH"},{"data":"blademaster:Vortex","floor":15,"key":"SMITH"}],"circlet_count":0,"master_deck":["blademaster:Strike+1","blademaster:Strike","blademaster:Strike","blademaster:Defend","blademaster:Defend","blademaster:Defend+1","blademaster:Defend+1","blademaster:RagingBlow","blademaster:HighVoltage","blademaster:Vortex+1","Trip","blademaster:FuriousStrike","blademaster:BladeCross","blademaster:UnrelentingWind","ReplayTheSpireMod:Restless Dread","blademaster:ThunderingOpener","blademaster:Safeguard","blademaster:AwakeningStrike","blademaster:ColdBlood","blademaster:Flurry","blademaster:ChargingUp","blademaster:Flurry","blademaster:HighVoltage"],"relics":["blademaster:DancersAmulet","NeowsBlessing","hubris:Towel","ReplayFunnel","War Paint","hubris:Backtick","Iron Hammer"],"acts_visited":["Exordium","TheCity"],"potions_floor_usage":[12,16,16,19,20],"damage_taken":[{"damage":0,"enemies":"Small Slimes","floor":1,"turns":3},{"damage":0,"enemies":"Jaw Worm","floor":5,"turns":1},{"damage":0,"enemies":"Lagavulin","floor":6,"turns":1},{"damage":0,"enemies":"2 Louse","floor":7,"turns":2},{"damage":10,"enemies":"Exordium Wildlife","floor":12,"turns":4},{"damage":0,"enemies":"Blue Slaver","floor":13,"turns":2},{"damage":8,"enemies":"3 Louse","floor":14,"turns":3},{"damage":32,"enemies":"Slime Boss","floor":16,"turns":9},{"damage":21,"enemies":"2 Thieves","floor":18,"turns":3},{"damage":9,"enemies":"Shell Parasite","floor":19,"turns":5},{"damage":0,"enemies":"Centurion and Healer","floor":20,"turns":4},{"damage":37,"enemies":"Chosen and Byrds","floor":21,"turns":9},{"damage":16,"enemies":"Cultist and Chosen","floor":22,"turns":4}],"seed_played":"-5814731305883514020","potions_obtained":[{"floor":5,"key":"Languid Potion"},{"floor":12,"key":"Elixir"},{"floor":14,"key":"Adrenaline Potion"},{"floor":18,"key":"BlessingOfTheForge"},{"floor":19,"key":"PowerPotion"},{"floor":21,"key":"Strength Potion"}],"is_trial":false,"path_per_floor":["M","?","?","$","M","E","M","R","T","?","?","M","M","M","R","B",null,"M","M","M","M","M"],"character_chosen":"THE_BLADEMASTER","items_purchased":[],"campfire_rested":0,"item_purchase_floors":[],"current_hp_per_floor":[75,75,75,75,75,75,75,75,75,75,75,65,65,57,57,25,75,54,45,45,8,0,0],"gold":426,"neow_bonus":"THREE_ENEMY_KILL","is_daily":false,"chose_seed":false,"campfire_upgraded":2,"win_rate":0.0,"timestamp":1608821002,"path_taken":["M","?","?","$","?","E","M","R","T","?","?","?","M","M","R","BOSS","M","M","?","M","M"],"items_purchased_type":[],"build_version":"2020-12-22","purchased_purges":1,"victory":false,"max_hp_per_floor":[75,75,75,75,75,75,75,75,75,75,75,75,75,75,75,75,75,75,75,75,75,75,75],"card_choices":[{"not_picked":["blademaster:Sharpen","blademaster:DragonStrike"],"picked":"blademaster:Vortex","floor":1},{"not_picked":["ReplayTheSpireMod:Necrogeddon","ReplayTheSpireMod:Uncanny Aura"],"picked":"Trip","floor":3},{"not_picked":["blademaster:Reversal","blademaster:AwakeningStrike"],"picked":"blademaster:FuriousStrike","floor":5},{"not_picked":["blademaster:DragonStrike","blademaster:OneTrickPony"],"picked":"blademaster:BladeCross","floor":6},{"not_picked":["blademaster:ThunderSlash","blademaster:DaggerAndCloak"],"picked":"blademaster:UnrelentingWind","floor":7},{"not_picked":["blademaster:BloodyBlow","blademaster:SlyStabs"],"picked":"blademaster:ThunderingOpener","floor":12},{"not_picked":["blademaster:CloudOfSteel","blademaster:Stability"],"picked":"blademaster:Safeguard","floor":13},{"not_picked":["blademaster:Frontflip","blademaster:DaggerAndCloak"],"picked":"blademaster:AwakeningStrike","floor":14},{"not_picked":["blademaster:Flash","blademaster:BladeDance"],"picked":"blademaster:ColdBlood","floor":16},{"not_picked":["blademaster:Quickness+1","blademaster:BloodyBlow"],"picked":"blademaster:Flurry","floor":18},{"not_picked":["blademaster:Vortex","blademaster:LightningCrash+1"],"picked":"blademaster:ChargingUp","floor":19},{"not_picked":["blademaster:EyeOfTheTornado+1","blademaster:Stability"],"picked":"blademaster:Flurry","floor":20},{"not_picked":["blademaster:KiBarrier","blademaster:Vortex"],"picked":"blademaster:HighVoltage","floor":21}],"player_experience":105108,"relics_obtained":[{"floor":6,"key":"blademaster:StrongPerk"},{"floor":6,"key":"ReplayFunnel"},{"floor":9,"key":"War Paint"}],"event_choices":[{"damage_healed":0,"gold_gain":1,"player_choice":"1","damage_taken":0,"max_hp_gain":0,"max_hp_loss":0,"event_name":"betterStone:BetterStone","floor":3,"gold_loss":0},{"damage_healed":0,"gold_gain":100,"player_choice":"Pray","damage_taken":0,"max_hp_gain":0,"max_hp_loss":0,"event_name":"Golden Shrine","floor":11,"gold_loss":0}],"is_beta":false,"boss_relics":[{"not_picked":["Pandora\u0027s Box","Painkiller Herb"],"picked":"hubris:Backtick"}],"items_purged_floors":[4],"is_endless":false,"potions_floor_spawned":[5,12,14,18,19,21],"killed_by":"Cultist and Chosen","ascension_level":0}}