{"host":"mjau5a91be6b66g4","time":1608813824,"event":{"mods":["BaseMod","Minty Spire (QoL Compilation)","StSLib","The Animator","The Bug Knight","The Jungle"],"gold_per_floor":[113,113,74,87,87,87,102,102,102,102,117,131,131,108,108,237,237,258,279,304,320,320,320],"floor_reached":22,"playtime":838,"items_purged":[],"score":178,"play_id":"54085fac-1339-4a65-bfc6-e3f41735ae68","local_time":"20201224204344","is_ascension_mode":false,"campfire_choices":[{"data":"HollowMod:FocusHealStart","floor":6,"key":"SMITH"},{"floor":8,"key":"REST"},{"data":"HollowMod:PogoStrike","floor":10,"key":"SMITH"},{"floor":15,"key":"REST"}],"circlet_count":0,"master_deck":["HollowMod:NailStrikeStart","HollowMod:NailStrikeStart","HollowMod:NailStrikeStart","HollowMod:QuickDashStart","HollowMod:QuickDashStart","HollowMod:QuickDashStart","HollowMod:FocusHealStart+1","HollowMod:PogoStrike+1","HollowMod:TaintedHusks+1","HollowMod:HuntersJournal","HollowMod:CycloneSlash","HollowMod:InfectedCysts","HollowMod:PerfectDash","HollowMod:CloakDash","HollowMod:NewInfectedGuardian","HollowMod:HuntersJournal+1","HollowMod:CycloneSlash+1","HollowMod:MantisMark+1","HollowMod:BrokenVessel","HollowMod:SoulSplash","HollowMod:TaintedHusks+1"],"relics":["HollowMod:VesselMask","Golden Idol","HollowMod:PaleOreRelic","Astrolabe"],"acts_visited":["Exordium","TheCity"],"potions_floor_usage":[16,19,20],"damage_taken":[{"damage":1,"enemies":"Cultist","floor":1,"turns":3},{"damage":10,"enemies":"2 Louse","floor":4,"turns":3},{"damage":15,"enemies":"Jaw Worm","floor":7,"turns":4},{"damage":11,"enemies":"Lots of Slimes","floor":11,"turns":3},{"damage":18,"enemies":"Looter","floor":12,"turns":3},{"damage":55,"enemies":"The Guardian","floor":16,"turns":10},{"damage":27,"enemies":"Spheric Guardian","floor":18,"turns":4},{"damage":15,"enemies":"Chosen","floor":19,"turns":5},{"damage":8,"enemies":"Snake Plant","floor":20,"turns":5},{"damage":47,"enemies":"Snecko","floor":21,"turns":4},{"damage":0,"enemies":"Cultist and Chosen","floor":22,"turns":1}],"seed_played":"2078455657550058071","potions_obtained":[{"floor":1,"key":"BlessingOfTheForge"},{"floor":12,"key":"SteroidPotion"},{"floor":18,"key":"SkillPotion"},{"floor":19,"key":"SpeedPotion"},{"floor":21,"key":"DuplicationPotion"}],"is_trial":false,"path_per_floor":["M","?","$","M","?","R","M","R","T","R","M","M","?","$","R","B",null,"M","M","M","M","M"],"character_chosen":"THE_BUGKNIGHT","items_purchased":["HollowMod:HuntersJournal","HollowMod:CloakDash"],"campfire_rested":2,"item_purchase_floors":[3,14],"current_hp_per_floor":[74,56,56,52,57,57,52,76,76,76,71,63,63,63,80,35,80,53,48,50,3,3,3],"gold":320,"neow_bonus":"TRANSFORM_CARD","is_daily":false,"chose_seed":false,"campfire_upgraded":2,"win_rate":0.0,"timestamp":1608813824,"path_taken":["M","?","$","M","?","R","M","R","T","R","M","M","?","$","R","BOSS","M","M","?","M","M"],"items_purchased_type":["Card","Card"],"build_version":"2020-12-22","purchased_purges":0,"victory":false,"max_hp_per_floor":[75,75,75,75,80,80,80,80,80,80,80,80,80,80,80,80,80,80,80,80,80,80,80],"card_choices":[{"not_picked":["HollowMod:SoulShaman","HollowMod:DashSlash"],"picked":"HollowMod:TaintedHusks","floor":1},{"not_picked":["HollowMod:HeavyBlow","HollowMod:SharpenedNail"],"picked":"HollowMod:CycloneSlash","floor":4},{"not_picked":["HollowMod:HuntersJournal","HollowMod:SiblingsSouls"],"picked":"HollowMod:VengefulSpirit","floor":7},{"not_picked":["HollowMod:DescendingDark","HollowMod:HeavyBlow"],"picked":"HollowMod:InfectedCysts","floor":11},{"not_picked":["HollowMod:SoulEater","HollowMod:GrimmsGift"],"picked":"HollowMod:PerfectDash","floor":12},{"not_picked":["HollowMod:LordofShades","HollowMod:Weaversong"],"picked":"HollowMod:NewInfectedGuardian","floor":16},{"not_picked":["HollowMod:ShadowDash","HollowMod:FallenFury"],"picked":"HollowMod:BrokenVessel","floor":18},{"not_picked":["HollowMod:WraithStrike","HollowMod:DescendingDark+1"],"picked":"HollowMod:SoulSplash","floor":19},{"not_picked":["HollowMod:ShadowDash","HollowMod:SiblingsSouls"],"picked":"HollowMod:TaintedHusks+1","floor":20},{"not_picked":["HollowMod:DreamGate","HollowMod:SoulVessel+1","HollowMod:NewLittleFool"],"picked":"SKIP","floor":21}],"player_experience":218630,"relics_obtained":[{"floor":9,"key":"HollowMod:PaleOreRelic"}],"event_choices":[{"damage_healed":0,"gold_gain":0,"player_choice":"Take Damage","damage_taken":18,"relics_obtained":["Golden Idol"],"max_hp_gain":0,"max_hp_loss":0,"event_name":"Golden Idol","floor":2,"gold_loss":0},{"damage_healed":0,"gold_gain":0,"player_choice":"Donut","damage_taken":0,"max_hp_gain":5,"max_hp_loss":0,"event_name":"Big Fish","floor":5,"gold_loss":0},{"damage_healed":0,"gold_gain":0,"player_choice":"Forge","damage_taken":0,"max_hp_gain":0,"max_hp_loss":0,"event_name":"Accursed Blacksmith","floor":13,"gold_loss":0,"cards_upgraded":["HollowMod:TaintedHusks"]}],"is_beta":false,"boss_relics":[{"not_picked":["Empty Cage","SacredBark"],"picked":"Astrolabe"}],"items_purged_floors":[],"is_endless":false,"potions_floor_spawned":[1,12,18,19,21],"killed_by":"Cultist and Chosen","ascension_level":0}}