{"host":"ztvj8pbgeibgztw6","time":1608784671,"event":{"mods":["ATMod(∞¢Ë™Mod)","BaseMod","Colored Map","Colored Powertips","Conspire","Dota2Spire","Luminous","Marisa£®ÏF”Í°°ƒß¿Ì…≥£©","Minty Spire (QoL Compilation)","Relic Stats","Remilia£®¿Ÿ√◊¿Ú—«£©","Replay The Spire","Shop Mod","StSLib","The Construct","The Cursed","The Hierophant","The Runesmith","UnlockEverythingMod"],"gold_per_floor":[114,177,177,211,6,72,72,147,200,284,284,66,66,152,152,323,323,414,30,30,30,30,129,252,252,278,278,278,14,14,142,142,236,236],"floor_reached":33,"playtime":2332,"items_purged":[],"score":461,"play_id":"6daca457-66d6-43ea-8fb0-6af06ab7236c","local_time":"20201224123751","is_ascension_mode":false,"campfire_choices":[{"floor":7,"key":"REST"},{"floor":11,"key":"REST"},{"floor":15,"key":"REST"},{"floor":25,"key":"REST"},{"floor":27,"key":"RECALL"},{"data":"AT_FamilyPortrait","floor":30,"key":"SMITH"},{"data":"hierophant:Embezzle","floor":32,"key":"SMITH"}],"circlet_count":0,"master_deck":["hierophant:Strike_Hierophant","hierophant:Strike_Hierophant","hierophant:Strike_Hierophant","hierophant:Strike_Hierophant+1","hierophant:Punish","hierophant:Defend_Hierophant","hierophant:Defend_Hierophant","hierophant:Defend_Hierophant","hierophant:Defend_Hierophant+1","hierophant:ChurchCoffers","AT_FamilyPortrait+1","hierophant:RustyCrate","hierophant:Doubloon","hierophant:Doubloon","hierophant:MirrorShield","hierophant:ThreeLashes","hierophant:RustyCrate","hierophant:Doubloon","hierophant:Doubloon","hierophant:Doubloon","hierophant:CursedGold","hierophant:Blessing","hierophant:OrnateBuckler","hierophant:Chorus","hierophant:Charity","hierophant:Doubloon","hierophant:Remorse","hierophant:Doubloon","Replay:Sssssssssshield","hierophant:Anathema+1","hierophant:Embezzle+1","hierophant:Invocation","hierophant:ThreeLashes+1","hierophant:RustyCrate+1","hierophant:Doubloon","hierophant:Doubloon","hierophant:Purify","hierophant:SealAway","hierophant:Doubloon","hierophant:Charity","hierophant:Encroach","hierophant:Smite"],"relics":["hierophant:PropheticMaskRelic","AT_ATBox","NeowsBlessing","AT_EbonyIvory","Strange Spoon","Strawberry","BargainBundle","Bag of Preparation","AT_TrinityForce","Dota2Spire:UrnOfShadows","Toolbox","Burning Blood","Omamori","Runesmith:AutoHammer","Necronomicon","Dota2Spire:BattleFury"],"acts_visited":["Exordium","TheCity"],"potions_floor_usage":[8,10,10,16,16,16,24,31,33],"damage_taken":[{"damage":0,"enemies":"2 Louse","floor":1,"turns":1},{"damage":0,"enemies":"Jaw Worm","floor":4,"turns":1},{"damage":0,"enemies":"conspire:RoseBush","floor":6,"turns":1},{"damage":14,"enemies":"conspire:2 RoseBushes","floor":8,"turns":6},{"damage":35,"enemies":"Gremlin Nob","floor":10,"turns":5},{"damage":0,"enemies":"3 Louse","floor":14,"turns":3},{"damage":73,"enemies":"The Guardian","floor":16,"turns":22},{"damage":4,"enemies":"Spheric Guardian","floor":18,"turns":3},{"damage":9,"enemies":"Slavers","floor":23,"turns":5},{"damage":1,"enemies":"Shell Parasite","floor":24,"turns":3},{"damage":4,"enemies":"Centurion and Healer","floor":31,"turns":3},{"damage":77,"enemies":"Pondfish","floor":33,"turns":12}],"seed_played":"-3460480890539244820","potions_obtained":[{"floor":2,"key":"Weak Potion"},{"floor":2,"key":"conspire:TimeTravelPotion"},{"floor":6,"key":"Explosive Potion"},{"floor":8,"key":"Reflective Coating"},{"floor":31,"key":"Elixir"}],"is_trial":false,"path_per_floor":["M","?","?","M","$","M","R","M","T","E","R","$","?","M","R","B",null,"M","$","?","?","$","E","M","R","T","R","?","$","R","M","R","B"],"character_chosen":"HIEROPHANT","items_purchased":["Strange Spoon","hierophant:RustyCrate","BargainBundle","hierophant:Chorus","hierophant:Charity","hierophant:Prophecy","hierophant:Remorse","Replay:Sssssssssshield","hierophant:Anathema+1","Energy Potion","EssenceOfSteel","hierophant:RustyCrate+1","Dota2Spire:UrnOfShadows","Toolbox","hierophant:Purify","Dota2Spire:BattleFury","hierophant:Encroach"],"campfire_rested":4,"item_purchase_floors":[5,5,12,12,12,12,12,12,12,12,12,19,19,19,19,29,29],"current_hp_per_floor":[75,45,30,30,30,30,52,38,38,41,65,65,65,65,82,23,82,78,78,62,62,62,59,64,87,87,87,71,71,71,73,73,0,0],"gold":236,"neow_bonus":"THREE_ENEMY_KILL","is_daily":false,"chose_seed":false,"campfire_upgraded":2,"win_rate":0.0,"timestamp":1608784671,"path_taken":["M","?","?","M","?","M","R","M","T","E","R","$","?","?","R","BOSS","M","$","?","?","?","E","?","R","T","R","?","?","R","?","R","BOSS"],"items_purchased_type":["Relic","Card","Relic","Card","Card","Card","Card","Card","Card","Potion","Potion","Card","Relic","Relic","Card","Relic","Card"],"build_version":"2020-12-22","purchased_purges":0,"victory":false,"max_hp_per_floor":[75,75,75,75,75,75,75,75,75,82,82,82,82,82,82,82,82,82,82,87,87,87,87,87,87,87,87,87,87,87,87,87,87,87],"relic_stats":{"Strange Spoon":[40],"counters":[12,65],"Bag of Preparation":[14],"Necronomicon":[4],"obtain_stats":[{"BargainBundle":12,"AT_ATBox":0,"Dota2Spire:UrnOfShadows":19,"NeowsBlessing":0,"hierophant:PropheticMaskRelic":0,"AT_EbonyIvory":2,"Dota2Spire:BattleFury":29,"Bag of Preparation":13,"Omamori":23,"Burning Blood":21,"Strange Spoon":5,"Strawberry":10,"AT_TrinityForce":17,"Toolbox":19,"Necronomicon":28,"Runesmith:AutoHammer":26},{"BargainBundle":5,"AT_ATBox":0,"Dota2Spire:UrnOfShadows":8,"NeowsBlessing":0,"hierophant:PropheticMaskRelic":0,"AT_EbonyIvory":1,"Dota2Spire:BattleFury":10,"Bag of Preparation":5,"Omamori":9,"Burning Blood":8,"Strange Spoon":2,"Strawberry":5,"AT_TrinityForce":7,"Toolbox":8,"Necronomicon":10,"Runesmith:AutoHammer":10},{"BargainBundle":14,"AT_ATBox":0,"Dota2Spire:UrnOfShadows":42,"NeowsBlessing":0,"hierophant:PropheticMaskRelic":0,"AT_EbonyIvory":1,"Dota2Spire:BattleFury":50,"Bag of Preparation":14,"Omamori":47,"Burning Blood":42,"Strange Spoon":2,"Strawberry":14,"AT_TrinityForce":39,"Toolbox":42,"Necronomicon":50,"Runesmith:AutoHammer":50}],"Burning Blood":18},"card_choices":[{"not_picked":["hierophant:Remorse","hierophant:Empathy"],"picked":"hierophant:RustyCrate","floor":1},{"not_picked":["hierophant:RepressedViolence","hierophant:DisplayOfPower"],"picked":"hierophant:MirrorShield","floor":2},{"not_picked":["hierophant:Shelter","hierophant:Sermon"],"picked":"hierophant:ThreeLashes","floor":4},{"not_picked":["hierophant:Doomsaying","hierophant:SecretStash"],"picked":"hierophant:CursedGold","floor":6},{"not_picked":["hierophant:Glossolalia","hierophant:FlamingChariot"],"picked":"hierophant:Blessing","floor":8},{"not_picked":["hierophant:Endure","hierophant:ThreeLashes"],"picked":"hierophant:OrnateBuckler","floor":10},{"not_picked":["hierophant:OrnateJavelin","hierophant:HammerAndAnvil"],"picked":"hierophant:Embezzle","floor":14},{"not_picked":["hierophant:DivineIntervention","hierophant:DeathKnell"],"picked":"hierophant:Invocation","floor":16},{"not_picked":["hierophant:Doubloon","hierophant:Zeal+1"],"picked":"hierophant:ThreeLashes+1","floor":18},{"not_picked":["hierophant:Invocation","hierophant:Cornucopia"],"picked":"hierophant:SealAway","floor":23},{"not_picked":["hierophant:OrnateBuckler","hierophant:MorningPrayer"],"picked":"hierophant:Charity","floor":24},{"not_picked":["hierophant:Encroach","hierophant:Patience"],"picked":"hierophant:Smite","floor":31}],"player_experience":238362,"relics_obtained":[{"floor":2,"key":"AT_EbonyIvory"},{"floor":10,"key":"Strawberry"},{"floor":23,"key":"Omamori"},{"floor":26,"key":"Runesmith:AutoHammer"},{"floor":28,"key":"Necronomicon"}],"event_choices":[{"damage_healed":0,"gold_gain":0,"player_choice":"Entered Light","damage_taken":15,"max_hp_gain":0,"max_hp_loss":0,"event_name":"Shining Light","floor":3,"gold_loss":0,"cards_upgraded":["hierophant:Defend_Hierophant","hierophant:Strike_Hierophant"]},{"cards_removed":["hierophant:Prophecy"],"damage_healed":0,"gold_gain":0,"player_choice":"Gave Card","damage_taken":0,"relics_obtained":["Bag of Preparation"],"max_hp_gain":0,"max_hp_loss":0,"event_name":"WeMeetAgain","floor":13,"gold_loss":0},{"damage_healed":0,"gold_gain":0,"player_choice":"Shed Blood","damage_taken":21,"max_hp_gain":5,"max_hp_loss":0,"event_name":"Forgotten Altar","floor":20,"gold_loss":0},{"damage_healed":0,"gold_gain":0,"player_choice":"Obtained Book","damage_taken":16,"max_hp_gain":0,"max_hp_loss":0,"event_name":"Cursed Tome","floor":28,"gold_loss":0}],"is_beta":false,"boss_relics":[{"not_picked":["SacredBark","Runic Dome"],"picked":"AT_TrinityForce"}],"items_purged_floors":[],"is_endless":false,"potions_floor_spawned":[6,8,23,31],"killed_by":"Pondfish","ascension_level":0}}