{"host":"0hb9w7uizu7y13wj","time":1608848580,"event":{"mods":["Act Like it!","Aspiration","BaseMod","BetterRewards","Colored Map","Conspire","Downfall","Energized Spire","FTL Soundtrack","Friendly Minions","Halation","Hubris","Infinite Spire","Minty Spire (QoL Compilation)","Quick Restart","Replay The Spire","StSLib","Synergy Search","The Factory","The Hierophant","The Jungle","The Poker Player","Trackpad","everything is the same but u backflip on backflip","vexMod"],"gold_per_floor":[118,118,118,134,147,179,179,197,197,197,232,257,257,227,227,324,424,437,437,437,457,473,473,488,488,488],"floor_reached":25,"playtime":690,"items_purged":[],"score":285,"play_id":"940c0fe8-f169-4ed2-9e61-5c1ce4e7ed99","local_time":"20201224222300","is_ascension_mode":true,"campfire_choices":[{"data":"Zap","floor":7.0,"key":"SMITH"},{"floor":10.0,"key":"REST"},{"floor":15.0,"key":"REST"},{"data":"Defragment","floor":23,"key":"SMITH"}],"circlet_count":0,"master_deck":["Strike_B","Strike_B","Strike_B","Strike_B","Defend_B","Defend_B","Defend_B","Zap+1","Dualcast","Core Surge","Melter","Ball Lightning","Defragment","Ball Lightning","Echo Form+1","Defragment+1","Redo","Cold Snap+1"],"relics":["Cracked Core","trackpad:FocusingLens","hubris:FunFungus","trackpad:CultistFigurine","Nunchaku","hubris:Towel","Replay:Wanted Poster"],"acts_visited":["Exordium","TheCity"],"potions_floor_usage":[22,22,24],"damage_taken":[{"damage":0.0,"enemies":"2 Louse","floor":1.0,"turns":3.0},{"damage":5.0,"enemies":"Small Slimes","floor":4.0,"turns":3.0},{"damage":1.0,"enemies":"Cultist","floor":5.0,"turns":3.0},{"damage":12.0,"enemies":"Lagavulin","floor":6.0,"turns":8.0},{"damage":11.0,"enemies":"Exordium Wildlife","floor":8.0,"turns":3.0},{"damage":8.0,"enemies":"Gremlin Nob","floor":11.0,"turns":3.0},{"damage":14.0,"enemies":"Hexaghost","floor":16.0,"turns":7.0},{"damage":11.0,"enemies":"Spheric Guardian","floor":18.0,"turns":3.0},{"damage":2,"enemies":"conspire:FuzzyDice","floor":21,"turns":5},{"damage":15,"enemies":"Snake Plant","floor":22,"turns":4},{"damage":31,"enemies":"Centurion and Healer","floor":24,"turns":4},{"damage":16,"enemies":"Gremlin Leader","floor":25,"turns":3}],"seed_played":"-1091557893342979382","potions_obtained":[{"floor":1.0,"key":"SpeedPotion"},{"floor":6.0,"key":"SpeedPotion"},{"floor":14.0,"key":"DistilledChaos"},{"floor":14.0,"key":"Languid Potion"},{"floor":16.0,"key":"SpeedPotion"},{"floor":21,"key":"Ancient Potion"},{"floor":22,"key":"champ:CounterPotion"}],"is_trial":false,"path_per_floor":["M","?","?","M","M","E","R","M","T","R","E","T","?","?","R","B",null,"M","?","$","M","M","R","M","E"],"character_chosen":"DEFECT","items_purchased":[],"campfire_rested":2,"item_purchase_floors":[],"current_hp_per_floor":[50,50,50,45,44,32,32,21,21,43,35,35,35,35,57,44,67,59,59,59,61,46,46,16,0,0],"gold":488,"neow_bonus":"THREE_RARE_CARDS","is_daily":false,"chose_seed":false,"campfire_upgraded":2,"win_rate":0.0,"timestamp":1608848580,"path_taken":["M","?","?","?","M","E","R","M","T","R","E","?","?","?","R","BOSS","M","?","$","M","M","R","M","E"],"items_purchased_type":[],"build_version":"2020-12-22","purchased_purges":0,"victory":false,"max_hp_per_floor":[75,75,75,75,75,75,75,75,75,75,75,75,75,75,75,75,75,75,75,75,75,75,75,75,75,75],"card_choices":[{"not_picked":["Machine Learning","hubris:DoWhile"],"picked":"Core Surge","floor":0.0},{"not_picked":["Gash","FTL","Stack"],"picked":"SKIP","floor":1.0},{"not_picked":["Compile Driver","Beam Cell","Reprogram"],"picked":"SKIP","floor":4.0},{"not_picked":["Leap","FTL"],"picked":"Melter","floor":5.0},{"not_picked":["Capacitor","ReplayTheSpireMod:Reroute Power"],"picked":"Ball Lightning","floor":6.0},{"not_picked":["Blizzard","Leap"],"picked":"Defragment","floor":8.0},{"not_picked":["Turbo","Fission"],"picked":"Ball Lightning","floor":11.0},{"not_picked":["hubris:SpecializedCircuitry","Hyperbeam"],"picked":"Echo Form","floor":16.0},{"not_picked":["Panic Button","Fusion"],"picked":"Defragment","floor":18.0},{"not_picked":["hubris:Ukulele","Barrage","Rebound"],"picked":"SKIP","floor":21},{"not_picked":["Compile Driver","Blizzard"],"picked":"Redo","floor":22},{"not_picked":["Compile Driver","Hologram"],"picked":"Cold Snap+1","floor":24}],"player_experience":901602,"relics_obtained":[{"floor":6.0,"key":"trackpad:FocusingLens"},{"floor":9.0,"key":"hubris:FunFungus"},{"floor":11.0,"key":"trackpad:CultistFigurine"},{"floor":12.0,"key":"Nunchaku"}],"event_choices":[{"cards_removed":["Defend_B"],"damage_healed":0.0,"max_hp_gain":0.0,"max_hp_loss":0.0,"gold_gain":0.0,"event_name":"Bonfire Elementals","player_choice":"Offered Basic","floor":3.0,"gold_loss":0.0,"damage_taken":0.0},{"damage_healed":0.0,"max_hp_gain":0.0,"max_hp_loss":0.0,"gold_gain":0.0,"event_name":"The Woman in Blue","player_choice":"Bought 2 Potions","floor":14.0,"gold_loss":0.0,"damage_taken":0.0}],"is_beta":false,"boss_relics":[{"not_picked":["Black Star","vexMod:RockOfEvil"],"picked":"Replay:Wanted Poster"}],"items_purged_floors":[],"is_endless":false,"potions_floor_spawned":[1,6,16,21,22],"killed_by":"Gremlin Leader","ascension_level":7}}