{"host":"f5gffvlv6a66yqkd","time":1608822890,"event":{"mods":["2.2 Compatiblity","BaseMod","Colored Map","DeckTracker","Keyboard Shortcuts","Minty Spire (QoL Compilation)","Permanent Neow","Quick Restart","Relic Stats","StSLib","SuperFastMode"],"gold_per_floor":[115,133,58,58,30,56,56,84,84,104,104,104,104,127,127,127,127],"floor_reached":16,"playtime":210,"items_purged":["Strike_B"],"score":266,"play_id":"70807831-76d2-4c94-9b5c-7b9409935bb0","local_time":"20201225001450","is_ascension_mode":true,"campfire_choices":[{"data":"Chaos","floor":15.0,"key":"SMITH"}],"circlet_count":0,"master_deck":["AscendersBane","Strike_B","Strike_B","Strike_B","Defend_B","Defend_B","Defend_B","Defend_B","Zap","Dualcast","Sweeping Beam","Cold Snap","Sweeping Beam","Echo Form","Chaos+1","Compile Driver","White Noise"],"relics":["Cracked Core","NeowsBlessing","Eternal Feather","Frozen Egg 2","Torii","Art of War","Golden Idol"],"acts_visited":["Exordium"],"potions_floor_usage":[16],"damage_taken":[{"damage":0.0,"enemies":"Cultist","floor":1.0,"turns":1.0},{"damage":0.0,"enemies":"Jaw Worm","floor":2.0,"turns":1.0},{"damage":0.0,"enemies":"3 Sentries","floor":6.0,"turns":2.0},{"damage":19.0,"enemies":"Lagavulin","floor":8.0,"turns":7.0},{"damage":1.0,"enemies":"Small Slimes","floor":10.0,"turns":3.0},{"damage":2.0,"enemies":"Red Slaver","floor":14.0,"turns":3.0},{"damage":30,"enemies":"Slime Boss","floor":16,"turns":3}],"seed_played":"1745294910131314739","potions_obtained":[{"floor":2.0,"key":"Block Potion"},{"floor":8.0,"key":"Strength Potion"},{"floor":10.0,"key":"Swift Potion"},{"floor":14.0,"key":"CultistPotion"}],"is_trial":false,"path_per_floor":["M","M","$","?","$","E","?","E","T","M","?","?","?","M","R","B"],"character_chosen":"DEFECT","items_purchased":["Sweeping Beam"],"campfire_rested":0,"item_purchase_floors":[5],"current_hp_per_floor":[64,64,64,64,64,64,64,45,45,44,20,20,20,18,27,0,0],"gold":127,"neow_bonus":"THREE_ENEMY_KILL","is_daily":false,"chose_seed":false,"campfire_upgraded":1,"win_rate":0.0,"timestamp":1608822890,"path_taken":["M","?","?","?","$","E","?","E","T","?","?","?","?","M","R","BOSS"],"items_purchased_type":["Card"],"build_version":"2020-12-22","purchased_purges":1,"victory":false,"max_hp_per_floor":[71,71,71,71,71,71,71,71,71,71,71,71,71,71,71,71,71],"relic_stats":{"Torii":6,"counters":[7,20],"Golden Idol":5,"Eternal Feather":9,"Art of War":[3],"obtain_stats":[{"NeowsBlessing":0,"Torii":8,"Golden Idol":11,"Eternal Feather":6,"Art of War":9,"Frozen Egg 2":7,"Cracked Core":0},{"NeowsBlessing":0,"Torii":4,"Golden Idol":5,"Eternal Feather":3,"Art of War":4,"Frozen Egg 2":3,"Cracked Core":0},{"NeowsBlessing":0,"Torii":11,"Golden Idol":14,"Eternal Feather":4,"Art of War":11,"Frozen Egg 2":4,"Cracked Core":0}]},"card_choices":[{"not_picked":["Gash","Conserve Battery"],"picked":"Sweeping Beam","floor":1.0},{"not_picked":["Barrage","Scrape"],"picked":"Cold Snap","floor":2.0},{"not_picked":["Sweeping Beam","Scrape"],"picked":"Echo Form","floor":6.0},{"not_picked":["Redo","Sweeping Beam"],"picked":"Chaos","floor":8.0},{"not_picked":["Go for the Eyes","Aggregate"],"picked":"Compile Driver","floor":10.0},{"not_picked":["Hologram","Gash"],"picked":"White Noise","floor":14.0}],"player_experience":1479744,"relics_obtained":[{"floor":6.0,"key":"Eternal Feather"},{"floor":7.0,"key":"Frozen Egg 2"},{"floor":8.0,"key":"Torii"},{"floor":9.0,"key":"Art of War"}],"event_choices":[{"damage_healed":0.0,"max_hp_gain":0.0,"max_hp_loss":0.0,"gold_gain":0.0,"event_name":"Liars Game","player_choice":"Ignored","floor":4.0,"gold_loss":0.0,"damage_taken":0.0},{"damage_healed":0.0,"max_hp_gain":0.0,"max_hp_loss":0.0,"gold_gain":0.0,"event_name":"Wheel of Change","player_choice":"Relic","floor":7.0,"gold_loss":0.0,"damage_taken":0.0},{"damage_healed":0.0,"max_hp_gain":0.0,"max_hp_loss":0.0,"gold_gain":0.0,"event_name":"Golden Idol","player_choice":"Take Damage","floor":11.0,"gold_loss":0.0,"damage_taken":24.0,"relics_obtained":["Golden Idol"]},{"damage_healed":0.0,"max_hp_gain":0.0,"max_hp_loss":0.0,"gold_gain":0.0,"event_name":"Dead Adventurer","player_choice":"Searched \u00270\u0027 times","floor":12.0,"gold_loss":0.0,"damage_taken":0.0},{"damage_healed":0.0,"max_hp_gain":0.0,"max_hp_loss":0.0,"gold_gain":0.0,"event_name":"Shining Light","player_choice":"Ignored","floor":13.0,"gold_loss":0.0,"damage_taken":0.0}],"is_beta":false,"boss_relics":[],"items_purged_floors":[3],"is_endless":false,"potions_floor_spawned":[2,8,10,14],"killed_by":"Slime Boss","ascension_level":20}}