{"host":"htqwg582tjjtn9p7","time":1608796622,"event":{"mods":["2.2 Compatiblity","AchievementEnabler","Act Like it!","Aspiration","BaseMod","Better Third Choice","Colored Map","Conspire","Curses Come First","Displayed Cursed Tome","Energized Spire","Force Act Four","GifTheSpireLib","Hermit","Highlight Path","JesterMod","Mad Scientist","Minty Spire (QoL Compilation)","Pale of the Ancients","Permanent Neow","Random Character Button","Relic Stats","Replay The Spire","Robot Space Explorer","Somnambulant","Spicy Shops","Spikes Relics","StSLib","Stuff the Spire","The Blue Laboratory","The Disciple","The Dragon Tamer","The Forsaken","The Gatherer","The Judge","The Jungle","The Marked","The Runesmith","The Servant 0.9.4"],"gold_per_floor":[210,61,72,89,109,138,157,176,201,212,237,237,237,247,308,408,408,374,394,412,41,41,41,76,76,101,20,20,20,36,51,51,155,155,174,46,46,46],"floor_reached":37,"playtime":2065,"items_purged":["theMarked:Strike","theMarked:Strike"],"score":428,"play_id":"612c8ac7-d1d1-430b-a8d2-8c0c80524ec2","local_time":"20201224085702","is_ascension_mode":false,"campfire_choices":[{"floor":13,"key":"REST"},{"data":"theMarked:SummonStrength","floor":23,"key":"SMITH"},{"data":"theMarked:HeritageOfTheMarked","floor":25,"key":"SMITH"},{"data":"theMarked:StartUp","floor":28,"key":"SMITH"},{"data":"Bite","floor":32,"key":"SMITH"}],"circlet_count":0,"master_deck":["theMarked:Defend","theMarked:Defend+1","theMarked:Defend","theMarked:Defend","theMarked:SoldierOfQuellstein+1","theMarked:ElectricStrings","theMarked:StartUp+1","theMarked:ElectricStrings","theMarked:HeightenedSenses","theMarked:RepellingDischarge","theMarked:CreepingChasm","theMarked:HeritageOfTheMarked+1","theMarked:RepellingDischarge","theMarked:SummonStrength+1","theMarked:Frustration+1","theMarked:HeightenedSenses+1","theMarked:Improvise+1","Bite+1","Bite","Bite","Bite","Bite","theMarked:WardOff","theMarked:WastefulDefense","theMarked:ChannelForce","theMarked:Aftermath"],"relics":["theMarked:ArtifactOfAir","Replay:Mystery Machine","War Paint","Centennial Puzzle","StuffTheSpire:Tea","conspire:RunicOctahedron","Lee\u0027s Waffle","Toy Ornithopter","Nunchaku","StuffTheSpire:RunicHypercube","aspiration:HatOfInfinitePower"],"acts_visited":["Exordium","TheCity","TheBeyond"],"potions_floor_usage":[10,16,18,19,30,33],"damage_taken":[{"damage":1,"enemies":"Cultist","floor":1,"turns":3},{"damage":0,"enemies":"2 Louse","floor":3,"turns":3},{"damage":5,"enemies":"Jaw Worm","floor":4,"turns":3},{"damage":6,"enemies":"Looter","floor":5,"turns":4},{"damage":13,"enemies":"Replay:BlueRogue","floor":6,"turns":7},{"damage":0,"enemies":"3 Louse","floor":7,"turns":3},{"damage":2,"enemies":"Blue Slaver","floor":8,"turns":5},{"damage":1,"enemies":"conspire:2 RoseBushes","floor":10,"turns":5},{"damage":19,"enemies":"Lagavulin","floor":11,"turns":8},{"damage":0,"enemies":"Looter","floor":14,"turns":4},{"damage":28,"enemies":"The Guardian","floor":16,"turns":13},{"damage":21,"enemies":"2 Thieves","floor":18,"turns":5},{"damage":16,"enemies":"Shell Parasite","floor":19,"turns":11},{"damage":31,"enemies":"Snecko","floor":20,"turns":9},{"damage":4,"enemies":"conspire:Head Lice","floor":24,"turns":12},{"damage":11,"enemies":"Snake Plant","floor":30,"turns":5},{"damage":12,"enemies":"Centurion and Healer","floor":31,"turns":9},{"damage":19,"enemies":"Pondfish","floor":33,"turns":7},{"damage":11,"enemies":"3 Shapes","floor":35,"turns":9},{"damage":54,"enemies":"3 Darklings","floor":37,"turns":4}],"seed_played":"-2953596182366179154","potions_obtained":[{"floor":3,"key":"Strength Potion"},{"floor":6,"key":"blueLaboratory:HummingbirdPotion"},{"floor":8,"key":"blueLaboratory:FruitPunch"},{"floor":11,"key":"LiquidMemories"},{"floor":16,"key":"DuplicationPotion"},{"floor":31,"key":"DistilledChaos"},{"floor":33,"key":"Weak Potion"}],"is_trial":false,"path_per_floor":["M","$","M","M","M","E","M","M","T","M","E","T","R","M","R_BF","B",null,"M","M","M","$","?","R","E","R","T","$","R","$","M","M","R","B",null,"M","$","M"],"character_chosen":"THE_DEFAULT","items_purchased":["theMarked:StartUp","LiquidBronze","Lee\u0027s Waffle","blueLaboratory:HorrorPotion","theMarked:WastefulDefense","aspiration:HatOfInfinitePower","theMarked:Aftermath"],"campfire_rested":1,"item_purchase_floors":[2,2,21,21,27,36,36],"current_hp_per_floor":[69,69,69,64,58,45,45,43,43,44,25,25,46,46,46,18,72,51,35,4,79,55,55,55,55,55,55,55,55,54,55,55,43,55,47,47,0,0],"gold":46,"neow_bonus":"HUNDRED_GOLD","is_daily":false,"chose_seed":false,"campfire_upgraded":4,"win_rate":0.0,"timestamp":1608796622,"path_taken":["M","$","M","M","M","E","M","M","T","M","E","?","R","M","R_BF","BOSS","M","M","M","$","?","R","E","R","T","?","R","$","M","M","R","BOSS","M","$","M"],"items_purchased_type":["Card","Potion","Relic","Potion","Card","Relic","Card"],"build_version":"2020-12-22","purchased_purges":2,"victory":false,"max_hp_per_floor":[70,70,70,70,70,70,70,70,70,72,72,72,72,72,72,72,72,72,72,72,79,55,55,55,55,55,55,55,55,55,55,55,55,55,55,55,55,55],"relic_stats":{"Centennial Puzzle":[30],"Lee\u0027s Waffle":75,"Nunchaku":[5],"counters":[20,125],"War Paint":["theMarked:SoldierOfQuellstein","theMarked:Defend"],"obtain_stats":[{"theMarked:ArtifactOfAir":0,"Centennial Puzzle":11,"Lee\u0027s Waffle":21,"Nunchaku":26,"StuffTheSpire:RunicHypercube":34,"conspire:RunicOctahedron":17,"Replay:Mystery Machine":6,"War Paint":9,"aspiration:HatOfInfinitePower":36,"Toy Ornithopter":24,"StuffTheSpire:Tea":12},{"theMarked:ArtifactOfAir":0,"Centennial Puzzle":9,"Lee\u0027s Waffle":14,"Nunchaku":15,"StuffTheSpire:RunicHypercube":18,"conspire:RunicOctahedron":11,"Replay:Mystery Machine":5,"War Paint":7,"aspiration:HatOfInfinitePower":19,"Toy Ornithopter":15,"StuffTheSpire:Tea":9},{"theMarked:ArtifactOfAir":0,"Centennial Puzzle":40,"Lee\u0027s Waffle":81,"Nunchaku":92,"StuffTheSpire:RunicHypercube":113,"conspire:RunicOctahedron":56,"Replay:Mystery Machine":20,"War Paint":28,"aspiration:HatOfInfinitePower":121,"Toy Ornithopter":92,"StuffTheSpire:Tea":40}],"Toy Ornithopter":2},"card_choices":[{"not_picked":["theMarked:WastefulAttack","theMarked:ResourceFulStrike"],"picked":"theMarked:ElectricStrings","floor":1},{"not_picked":["theMarked:BanishingWave","theMarked:Frustration","theMarked:RepellingDischarge"],"picked":"SKIP","floor":3},{"not_picked":["theMarked:ContemptForTheProud","theMarked:WastefulAttack","theMarked:EnhanceMovement"],"picked":"SKIP","floor":4},{"not_picked":["theMarked:Frustration","theMarked:WastefulDefense"],"picked":"theMarked:ElectricStrings","floor":5},{"not_picked":["theMarked:SwordAndMagic","theMarked:MaelstromOfLightning"],"picked":"theMarked:HeightenedSenses","floor":6},{"not_picked":["theMarked:ElectricStrings","theMarked:Aftermath"],"picked":"theMarked:RepellingDischarge","floor":7},{"not_picked":["theMarked:WastefulAttack","theMarked:ElectricStrings"],"picked":"theMarked:CreepingChasm","floor":8},{"not_picked":["theMarked:Seal","theMarked:WastefulAttack"],"picked":"theMarked:HeritageOfTheMarked","floor":10},{"not_picked":["theMarked:Challenge","theMarked:Static"],"picked":"theMarked:RepellingDischarge","floor":11},{"not_picked":["theMarked:ChainLightning","theMarked:Frustration","theMarked:EnhanceMovement"],"picked":"SKIP","floor":14},{"not_picked":["theMarked:TurnInvisible","theMarked:SoldierForm"],"picked":"theMarked:SummonStrength","floor":16},{"not_picked":["theMarked:BanishingStrike","theMarked:CreepingChasm"],"picked":"theMarked:Frustration+1","floor":18},{"not_picked":["theMarked:WastefulAttack+1","theMarked:ResourceFulStrike+1"],"picked":"theMarked:HeightenedSenses+1","floor":19},{"not_picked":["theMarked:MysticalArsenal","theMarked:Seal+1"],"picked":"theMarked:Improvise+1","floor":20},{"not_picked":["theMarked:MagicAdept+1","theMarked:BanishingStrike"],"picked":"theMarked:WardOff","floor":24},{"not_picked":["theMarked:ChainLightning+1","theMarked:Generate","theMarked:HeightenedSenses"],"picked":"SKIP","floor":30},{"not_picked":["theMarked:Defy","theMarked:RepellingDischarge","theMarked:Indomitable"],"picked":"SKIP","floor":31},{"not_picked":["theMarked:SoldierForm","theMarked:SuspiciousRaven"],"picked":"theMarked:ChannelForce","floor":33},{"not_picked":["theMarked:Parkour+1","theMarked:WastefulAttack","theMarked:ReduceFriction+1"],"picked":"SKIP","floor":35}],"player_experience":1755082,"relics_obtained":[{"floor":6,"key":"Replay:Mystery Machine"},{"floor":9,"key":"War Paint"},{"floor":11,"key":"Centennial Puzzle"},{"floor":12,"key":"StuffTheSpire:Tea"},{"floor":24,"key":"Toy Ornithopter"},{"floor":26,"key":"Nunchaku"}],"event_choices":[{"damage_healed":0,"gold_gain":0,"player_choice":"Became a vampire","damage_taken":0,"max_hp_gain":0,"max_hp_loss":24,"event_name":"Vampires","floor":22,"gold_loss":0,"cards_obtained":["Bite","Bite","Bite","Bite","Bite"]}],"is_beta":false,"boss_relics":[{"not_picked":["theMarked:SpiritSword","StuffTheSpire:RunicConfusion"],"picked":"conspire:RunicOctahedron"},{"not_picked":["energizedSpire:StickyHand","CosmicIsotope"],"picked":"StuffTheSpire:RunicHypercube"}],"items_purged_floors":[21,21],"is_endless":false,"potions_floor_spawned":[3,6,8,11,14,16,31,33],"killed_by":"3 Darklings","ascension_level":0}}