{"host":"27tk4xseidcli2mr","time":1608815778,"event":{"mods":["2.2 Compatiblity","AchievementEnabler","Aspiration","BaseMod","Better Third Choice","Conspire","Custom Start","Hubris","Jorbs\u0027s Wanderer Trilogy","Minty Spire (QoL Compilation)","Replay The Spire","StSLib","SuperFastMode","[IsaacMod]????"],"gold_per_floor":[117,139,154,166,166,166,176,176,176,201,227,227,227],"floor_reached":12,"playtime":313,"items_purged":[],"score":156,"play_id":"1bb475f5-6a2c-4b97-8094-727c9f20d9ac","local_time":"20201224141618","is_ascension_mode":true,"campfire_choices":[{"data":"Strike_R","floor":8,"key":"PURGE"}],"circlet_count":0,"master_deck":["AscendersBane","Strike_R","Strike_R","Strike_R","Strike_R","Defend_R","Defend_R","Defend_R","Defend_R","Bash","SuicideKing","Spot Weakness","Pommel Strike","Inflame","Shrug It Off"],"relics":["Burning Blood","HushsDoor","KeepersGift","Peace Pipe","Bottled Lightning","Blue Doll"],"acts_visited":["Exordium"],"potions_floor_usage":[10,10,12],"damage_taken":[{"damage":6,"enemies":"2 Louse","floor":1,"turns":3},{"damage":6,"enemies":"Cultist","floor":3,"turns":3},{"damage":12,"enemies":"Small Slimes","floor":4,"turns":3},{"damage":17,"enemies":"Looter","floor":7,"turns":4},{"damage":11,"enemies":"Gremlin Nob","floor":10,"turns":3},{"damage":47,"enemies":"3 Sentries","floor":12,"turns":8}],"seed_played":"-2689687823657067477","potions_obtained":[{"floor":4,"key":"AttackPotion"},{"floor":7,"key":"Regen Potion"},{"floor":10,"key":"Swift Potion"}],"is_trial":false,"path_per_floor":["M","?","M","M","PTL","PTL","M","R","?","E","T","E"],"character_chosen":"IRONCLAD","items_purchased":[],"campfire_rested":0,"item_purchase_floors":[],"current_hp_per_floor":[75,48,48,42,42,42,31,31,36,40,40,0,0],"gold":227,"neow_bonus":"TEN_PERCENT_HP_BONUS","is_daily":false,"chose_seed":false,"campfire_upgraded":0,"win_rate":0.0,"timestamp":1608815778,"path_taken":["M","?","M","M","PTL","PTL","?","R","?","E","T","E"],"items_purchased_type":[],"build_version":"2020-12-22","purchased_purges":0,"victory":false,"max_hp_per_floor":[82,82,82,82,82,82,82,82,87,87,87,87,87],"card_choices":[{"not_picked":[],"picked":"SuicideKing","floor":0},{"not_picked":["Evolve","Pommel Strike"],"picked":"Spot Weakness","floor":1},{"not_picked":["Massacre","Warcry"],"picked":"Pommel Strike","floor":2},{"not_picked":["Seeing Red","True Grit","Double Tap"],"picked":"SKIP","floor":3},{"not_picked":["ReplayTheSpireMod:Strike From Hell","Sword Boomerang"],"picked":"Inflame","floor":4},{"not_picked":["ReplayTheSpireMod:Stacked","Blood for Blood","ReplayTheSpireMod:Strike From Hell"],"picked":"SKIP","floor":7},{"not_picked":["Flex","Rupture"],"picked":"Shrug It Off","floor":10}],"player_experience":1217412,"relics_obtained":[{"floor":2,"key":"Peace Pipe"},{"floor":10,"key":"Bottled Lightning"},{"floor":11,"key":"Blue Doll"}],"event_choices":[{"damage_healed":0,"gold_gain":0,"player_choice":"Donut","damage_taken":0,"max_hp_gain":5,"max_hp_loss":0,"event_name":"Big Fish","floor":9,"gold_loss":0}],"is_beta":false,"boss_relics":[],"items_purged_floors":[],"is_endless":false,"potions_floor_spawned":[4,7,10],"killed_by":"3 Sentries","ascension_level":20}}