{"host":"hi7fki77kkmhrce8","time":1608827451,"event":{"mods":["AchievementEnabler","Act Like it!","BaseMod","Beaked The Cultist","Colored Powertips","Downfall","Halation","Hallownest","Jedi Mod","Mad Scientist","Minty Spire (QoL Compilation)","Relic Stats","Replay The Spire","StSLib","SuperFastMode","The Blackbeard","The Construct","The Hierophant","The Necromancer","The Servant 0.9.4","The Witch"],"gold_per_floor":[99,118,118,137,150,185,185,204,204,217,217,232,232,232],"floor_reached":13,"playtime":1003,"items_purged":[],"score":87,"play_id":"2675be13-8f8b-441a-9b63-e9284ac72cc0","local_time":"20201224113051","is_ascension_mode":false,"campfire_choices":[{"data":"sneckomod:SnekBeam","floor":9,"key":"SMITH"},{"floor":11,"key":"REST"}],"circlet_count":0,"master_deck":["sneckomod:Strike","sneckomod:Strike","sneckomod:Defend","sneckomod:Defend","sneckomod:TailWhip","sneckomod:SnekBite","sneckomod:Unknown","sneckomod:Unknown","sneckomod:SoulCleanse","sneckomod:UnknownCommonSkill","sneckomod:CheapStock+1","sneckomod:UnknownRareSkill","sneckomod:TrashToTreasure","sneckomod:SnekBeam+1","sneckomod:DefensiveFlair","sneckomod:Nope"],"relics":["sneckomod:SneckoSoul","CaptainsWheel","sneckomod:UnknownEgg"],"acts_visited":["Exordium"],"potions_floor_usage":[4,6],"damage_taken":[{"damage":2,"enemies":"Cultist","floor":2,"turns":3},{"damage":5,"enemies":"2 Louse","floor":4,"turns":2},{"damage":11,"enemies":"Jaw Worm","floor":5,"turns":3},{"damage":28,"enemies":"Gremlin Nob","floor":6,"turns":4},{"damage":14,"enemies":"Exordium Thugs","floor":8,"turns":5},{"damage":36,"enemies":"Large Slime","floor":10,"turns":12},{"damage":20,"enemies":"Exordium Wildlife","floor":12,"turns":5},{"damage":21,"enemies":"3 Sentries","floor":13,"turns":11}],"seed_played":"-4492285309500195885","potions_obtained":[{"floor":2,"key":"Explosive Potion"},{"floor":4,"key":"Toxic Potion"}],"is_trial":false,"path_per_floor":["R","M","?","M","M","E","T","M","R","M","R","M","E"],"character_chosen":"THE_SNECKO","items_purchased":[],"campfire_rested":1,"item_purchase_floors":[],"current_hp_per_floor":[99,98,98,93,83,55,55,41,41,5,35,15,0,0],"gold":232,"neow_bonus":"TEN_PERCENT_HP_BONUS","is_daily":false,"chose_seed":false,"campfire_upgraded":1,"win_rate":0.0,"timestamp":1608827451,"path_taken":["R","M","?","M","?","E","T","M","R","M","R","M","E"],"items_purchased_type":[],"build_version":"2020-12-22","purchased_purges":0,"victory":false,"max_hp_per_floor":[99,100,100,100,101,101,101,101,101,101,101,101,101,101],"relic_stats":{"counters":[8,45],"obtain_stats":[{"CaptainsWheel":6,"sneckomod:UnknownEgg":7,"sneckomod:SneckoSoul":0},{"CaptainsWheel":4,"sneckomod:UnknownEgg":4,"sneckomod:SneckoSoul":0},{"CaptainsWheel":12,"sneckomod:UnknownEgg":12,"sneckomod:SneckoSoul":0}]},"card_choices":[{"not_picked":["sneckomod:UnknownEthereal","sneckomod:QuickBite"],"picked":"sneckomod:UnknownCommonSkill","floor":2},{"not_picked":["sneckomod:RainOfDice","sneckomod:UnknownVulnerable"],"picked":"sneckomod:CheapStock","floor":4},{"not_picked":["sneckomod:UnknownUncommonPower","sneckomod:UnknownClassGUARDIAN"],"picked":"sneckomod:UnknownRareSkill","floor":5},{"not_picked":["sneckomod:Nope","sneckomod:DiceBoulder"],"picked":"sneckomod:TrashToTreasure","floor":6},{"not_picked":["sneckomod:DefensiveFlair","sneckomod:Unknown2Cost+1"],"picked":"sneckomod:SnekBeam","floor":8},{"not_picked":["sneckomod:UnknownClassBLACKBEARD_BLACK+1","sneckomod:DiceBlock"],"picked":"sneckomod:DefensiveFlair","floor":10},{"not_picked":["sneckomod:QuickBite","sneckomod:DiceBlock"],"picked":"sneckomod:Nope","floor":12}],"player_experience":141136,"relics_obtained":[{"floor":6,"key":"CaptainsWheel"},{"floor":7,"key":"sneckomod:UnknownEgg"}],"event_choices":[{"cards_removed":["sneckomod:Defend"],"damage_healed":0,"gold_gain":0,"player_choice":"Purged","damage_taken":0,"max_hp_gain":0,"max_hp_loss":0,"event_name":"Purifier","floor":3,"gold_loss":0}],"is_beta":false,"boss_relics":[],"items_purged_floors":[],"is_endless":false,"potions_floor_spawned":[2,4],"killed_by":"3 Sentries","ascension_level":0}}