{"host":"kiauivt48syq9iz6","time":1608773471,"event":{"mods":["BaseMod","Conspire","Downfall","Hermit","Minty Spire (QoL Compilation)","Replay The Spire","SIMod","StSLib","The Animator","The Construct","The Cursed","The Runesmith","The Servant 0.9.4"],"gold_per_floor":[99,99,99,54,54,88,88,127,139,139,149,162,162,181,191,296,296,246,261,271,271,310,326,351,376,376,415,28,70,70,70,70,70],"floor_reached":31,"playtime":1950,"items_purged":[],"score":305,"play_id":"bd3b812c-869c-41d7-9890-89ee986d3a0c","local_time":"20201223183111","is_ascension_mode":false,"campfire_choices":[{"data":"hexamod:Sear","floor":1,"key":"SMITH"},{"data":"hexamod:WildfireWeapon","floor":10,"key":"SMITH"},{"floor":13,"key":"REST"},{"floor":26,"key":"REST"}],"circlet_count":0,"master_deck":["hexamod:Strike","hexamod:Strike+1","hexamod:Strike","hexamod:Strike+1","hexamod:Defend","hexamod:Defend+1","hexamod:Defend+1","hexamod:Sear+1","hexamod:Float+1","hexamod:InspiringFlames","hexamod:Hexaguard","hexamod:Firestarter","hexamod:WildfireWeapon+1","hexamod:SpectralAdrenaline+1","hexamod:HeatMetal+1","hexamod:HauntingEcho","hexamod:SoulSteal","hexamod:SixthSeal","hexamod:ThermalTransfer","hexamod:GhostflameInferno+1","CurseOfTheBell","conspire:SpireCoStock+1","hexamod:GhostOfSpirePresent+1","hexamod:AdvancingGuard+1","hexamod:GhostflameBarrier","hexamod:InspiringFlames+1","hexamod:NightmareGuise+1","hexamod:VolcanoVisage","hexamod:GhostflameBarrier+1","Sickly"],"relics":["hexamod:SpiritBrand","downfall:HeartsMalice","Quantum Egg","Peace Pipe","conspire:Boomerang","Vajra","Calling Bell","War Paint","Shuriken","TungstenRod","Gremlin Food","Replay:Baseball","hexamod:MatchstickCase","Garlic","Juzu Bracelet","Ring of Peace"],"acts_visited":["Exordium","TheCity"],"potions_floor_usage":[15,16,16,27,31,31],"damage_taken":[{"damage":0,"enemies":"Small Slimes","floor":2,"turns":1},{"damage":0,"enemies":"downfall:FleeingMerchant","floor":4,"turns":1},{"damage":0,"enemies":"3 Sentries","floor":6,"turns":1},{"damage":5,"enemies":"conspire:MimicChest","floor":8,"turns":7},{"damage":2,"enemies":"Jaw Worm","floor":9,"turns":3},{"damage":0,"enemies":"2 Louse","floor":11,"turns":3},{"damage":12,"enemies":"Exordium Wildlife","floor":12,"turns":5},{"damage":0,"enemies":"Red Slaver","floor":14,"turns":4},{"damage":11,"enemies":"Exordium Thugs","floor":15,"turns":4},{"damage":28,"enemies":"downfall:Silent","floor":16,"turns":8},{"damage":7,"enemies":"Spheric Guardian","floor":19,"turns":6},{"damage":0,"enemies":"3 Byrds","floor":20,"turns":3},{"damage":33,"enemies":"Centurion and Healer","floor":22,"turns":6},{"damage":23,"enemies":"Sentry and Sphere","floor":23,"turns":8},{"damage":13,"enemies":"Shelled Parasite and Fungi","floor":27,"turns":7},{"damage":0,"enemies":"downfall:FleeingMerchant","floor":28,"turns":4},{"damage":0,"enemies":"conspire:SneckoGhost","floor":29,"turns":7},{"damage":25,"enemies":"Gremlin Leader","floor":31,"turns":5}],"seed_played":"-4110573541157470398","potions_obtained":[{"floor":6,"key":"Block Potion"},{"floor":9,"key":"Ancient Potion"},{"floor":11,"key":"CultistPotion"},{"floor":19,"key":"SteroidPotion"},{"floor":20,"key":"Ancient Potion"},{"floor":22,"key":"sneckomod:MuddlingPotion"}],"is_trial":false,"path_per_floor":["R","M","?","$","T","E","T","?","M","R","M","M","R","M","M","B",null,"R","M","M","?","M","M","T","T","R","M","$","E","?","E"],"character_chosen":"THE_SPIRIT","items_purchased":["hexamod:Firestarter","hexamod:MatchstickCase","Garlic"],"campfire_rested":2,"item_purchase_floors":[4,28,28],"current_hp_per_floor":[70,70,70,70,70,70,70,65,63,63,63,51,70,70,59,31,70,70,63,63,63,30,7,7,7,28,15,15,15,15,0,0,0],"gold":70,"neow_bonus":"THREE_ENEMY_KILL","is_daily":false,"chose_seed":false,"campfire_upgraded":2,"win_rate":0.0,"timestamp":1608773471,"path_taken":["R","M","?","$","?","E","T","?","M","R","M","M","R","M","M","BOSS","R","M","M","?","M","?","T","?","R","M","$","E","?","E"],"items_purchased_type":["Card","Relic","Relic"],"build_version":"2020-12-22","purchased_purges":0,"victory":false,"max_hp_per_floor":[70,70,70,70,70,70,70,70,70,70,70,70,70,70,70,70,70,70,70,70,70,70,70,70,70,70,70,70,70,70,70,70,70],"card_choices":[{"not_picked":["hexamod:Hexaguard","hexamod:PhantomCloak"],"picked":"hexamod:InspiringFlames","floor":2},{"not_picked":["hexamod:GhostShield","hexamod:BacktrackSmack"],"picked":"hexamod:Hexaguard","floor":4},{"not_picked":["hexamod:Incineration","hexamod:GhostShield"],"picked":"hexamod:WildfireWeapon","floor":6},{"not_picked":["hexamod:ShieldOfDarkness","hexamod:Firestarter"],"picked":"hexamod:SpectralAdrenaline","floor":8},{"not_picked":["hexamod:Incineration","hexamod:NecessarySacrifice"],"picked":"hexamod:HeatMetal","floor":9},{"not_picked":["hexamod:InspiringFlames","hexamod:Hexaguard"],"picked":"hexamod:HauntingEcho","floor":11},{"not_picked":["hexamod:NightmareGuise","hexamod:Firestarter"],"picked":"hexamod:SoulSteal","floor":12},{"not_picked":["hexamod:DynamicBlow","hexamod:SpectersWail"],"picked":"hexamod:SixthSeal","floor":14},{"not_picked":["hexamod:NightmareGuise","hexamod:GhostShield"],"picked":"hexamod:ThermalTransfer","floor":15},{"not_picked":["hexamod:SixthSeal","hexamod:ParanormalForm"],"picked":"hexamod:GhostflameInferno","floor":16},{"not_picked":["hexamod:ShieldOfDarkness","hexamod:NightmareGuise"],"picked":"hexamod:GhostOfSpirePresent+1","floor":19},{"not_picked":["hexamod:ShieldOfDarkness","hexamod:Again+1"],"picked":"hexamod:AdvancingGuard+1","floor":20},{"not_picked":["hexamod:Hexaguard+1","hexamod:SwordOfDarkness"],"picked":"hexamod:GhostflameBarrier","floor":22},{"not_picked":["hexamod:GhostShield","hexamod:ShieldOfDarkness"],"picked":"hexamod:InspiringFlames+1","floor":23},{"not_picked":["hexamod:BacktrackSmack","hexamod:RetreatToShadows+1"],"picked":"hexamod:NightmareGuise+1","floor":27},{"not_picked":["hexamod:NightmareGuise","hexamod:SpectersWail+1"],"picked":"hexamod:VolcanoVisage","floor":28},{"not_picked":["hexamod:RecurringNightmare","hexamod:InspiringFlames"],"picked":"hexamod:GhostflameBarrier+1","floor":29}],"player_experience":34494,"relics_obtained":[{"floor":5,"key":"Quantum Egg"},{"floor":6,"key":"Peace Pipe"},{"floor":7,"key":"conspire:Boomerang"},{"floor":8,"key":"Vajra"},{"floor":17,"key":"War Paint"},{"floor":17,"key":"Shuriken"},{"floor":17,"key":"TungstenRod"},{"floor":24,"key":"Gremlin Food"},{"floor":25,"key":"Replay:Baseball"},{"floor":29,"key":"Juzu Bracelet"},{"floor":30,"key":"Ring of Peace"}],"event_choices":[{"damage_healed":0,"gold_gain":0,"player_choice":"Upgraded","damage_taken":0,"max_hp_gain":0,"max_hp_loss":0,"event_name":"Upgrade Shrine","floor":3,"gold_loss":0,"cards_upgraded":["hexamod:Float"]},{"damage_healed":0,"gold_gain":0,"player_choice":"Invest 1","damage_taken":0,"max_hp_gain":0,"max_hp_loss":0,"event_name":"conspire:Investor","floor":18,"gold_loss":0},{"cards_removed":["hexamod:Defend"],"damage_healed":0,"gold_gain":0,"player_choice":"Card Removal","damage_taken":0,"max_hp_gain":0,"max_hp_loss":0,"event_name":"Wheel of Change","floor":21,"gold_loss":0}],"is_beta":false,"boss_relics":[{"not_picked":["Snecko Eye","Cursed Key"],"picked":"Calling Bell"}],"items_purged_floors":[],"is_endless":false,"potions_floor_spawned":[6,9,11,12,19,20,22],"killed_by":"Gremlin Leader","ascension_level":0}}