{"host":"zh06ha8197vgjo02","time":1608779771,"event":{"mods":["AchievementEnabler","Arknights The Spire","BaseMod","Better Skull","CapriCore","DeckTracker","GifTheSpireLib","Hermit","Koishi","Marisa£¨Ùöéë¡¡Øª×âÞÞ£©","Minty Spire (QoL Compilation)","Reimu£¨ÚÏ???£©","StSLib","SuperFastMode","Td1madao Mod","The Cursed","The Immortal","TheBandit","WarShipGirlsR/??á´Ò³R mod"],"gold_per_floor":[119,136,136,86,97,97,97,132,132,432,432,449,449,466,466,567,567,578,528,376,395,395,395,422,422,449,449,449,465,75,75,75,170,170,190,117,117,135,153,153,190,202,214,226,238,250,262,274,286,298],"floor_reached":51,"playtime":2553,"items_purged":[],"score":687,"play_id":"c1bfa4af-8472-48d7-b1a9-567b519434c2","local_time":"20201224121611","is_ascension_mode":false,"campfire_choices":[{"data":"Bursts","floor":6.0,"key":"SMITH"},{"floor":10.0,"key":"DIG"},{"floor":13.0,"key":"REST"},{"floor":15.0,"key":"DIG"},{"floor":23.0,"key":"DIG"},{"data":"Furious","floor":25.0,"key":"SMITH"},{"floor":27.0,"key":"DIG"},{"floor":32.0,"key":"REST"},{"floor":40.0,"key":"DIG"},{"floor":42.0,"key":"REST"},{"floor":45.0,"key":"DIG"},{"floor":49.0,"key":"DIG"}],"circlet_count":0,"master_deck":["Strike_C+1","Defend_C+1","Defend_C+1","Defend_C+1","Knight Kick+1","Chip+1","Fire Blade+1","Bursts+1","Fire Up+1","Reflection Mechanism+1","Fire Blade+1","Furious+1","Furious+1","Black Contract+1","Break Into+1","Black Spear+1","Load Balancing+1"],"relics":["Apod","Shovel","Cola","Old Coin","Juzu Bracelet","SacredBark","RuthlessExorcism:ReiMu","Thread and Needle","PreservedInsect","Oddly Smooth Stone","Matryoshka","TentaclePot:ReiMu","Omamori","Runic Pyramid","MawBank","Mastiff:ReiMu","Mb Ring","Molten Egg 2","Smiling Mask","Mark of the Bloom","Dead Branch"],"acts_visited":["Exordium","TheCity","TheBeyond"],"potions_floor_usage":[50],"damage_taken":[{"damage":0.0,"enemies":"Small Slimes","floor":1.0,"turns":6.0},{"damage":0.0,"enemies":"Cultist","floor":2.0,"turns":5.0},{"damage":1.0,"enemies":"2 Louse","floor":5.0,"turns":4.0},{"damage":16.0,"enemies":"Gremlin Nob","floor":8.0,"turns":4.0},{"damage":12.0,"enemies":"Large Slime","floor":12.0,"turns":9.0},{"damage":5.0,"enemies":"Looter","floor":14.0,"turns":4.0},{"damage":34.0,"enemies":"The Guardian","floor":16.0,"turns":7.0},{"damage":16.0,"enemies":"Spheric Guardian","floor":18.0,"turns":6.0},{"damage":10.0,"enemies":"3 Byrds","floor":21.0,"turns":5.0},{"damage":26.0,"enemies":"Book of Stabbing","floor":24.0,"turns":6.0},{"damage":28.0,"enemies":"Shelled Parasite and Fungi","floor":29.0,"turns":7.0},{"damage":14.0,"enemies":"Automaton","floor":33.0,"turns":11.0},{"damage":10.0,"enemies":"Orb Walker","floor":35.0,"turns":4.0},{"damage":17.0,"enemies":"3 Darklings","floor":38.0,"turns":6.0},{"damage":8.0,"enemies":"Sphere and 2 Shapes","floor":39.0,"turns":7.0},{"damage":29.0,"enemies":"Nemesis","floor":41.0,"turns":5.0},{"damage":36,"enemies":"Donu and Deca","floor":50,"turns":9}],"seed_played":"8149474095319169903","potions_obtained":[{"floor":2.0,"key":"MagicPotion:ReiMu"},{"floor":5.0,"key":"PowerPotion"},{"floor":8.0,"key":"Energy Potion"},{"floor":14.0,"key":"Regen Potion"},{"floor":29.0,"key":"GamblersBrew"},{"floor":33.0,"key":"LiquidBronze"},{"floor":39.0,"key":"EntropicBrew"},{"floor":41.0,"key":"GrandPatriotsElixir:ReiMu"}],"is_trial":false,"path_per_floor":["M","M","?","$","M","R","$","E","T","R","?","M","R","M","R","B",null,"M","?","$","M","?","R","E","R","T","R","?","M","$","?","R","B",null,"M","$","?","M","M","R","E","R","T","?","R","?","?","?","R","B",null],"character_chosen":"TD1MADAO_CLASS","items_purchased":["Fire Up","RuthlessExorcism:ReiMu","TentaclePot:ReiMu","Omamori","EntropicBrew","Break Into"],"campfire_rested":3,"item_purchase_floors":[4,20,30,30,30,36],"current_hp_per_floor":[63,63,63,63,62,62,62,46,46,46,46,34,52,47,47,13,63,47,47,47,37,58,58,51,51,51,51,40,12,12,12,32,18,68,58,58,58,41,33,33,23,42,42,42,42,42,42,42,42,6],"gold":310,"neow_bonus":"TRANSFORM_TWO_CARDS","is_daily":false,"chose_seed":false,"campfire_upgraded":2,"win_rate":0.0,"timestamp":1608779771,"path_taken":["M","M","?","$","M","R","?","E","T","R","?","M","R","M","R","BOSS","M","?","?","M","?","R","E","R","T","R","?","M","$","?","R","BOSS","M","$","?","M","M","R","E","R","T","?","R","?","?","?","R","BOSS"],"items_purchased_type":["Card","Relic","Relic","Relic","Potion","Card"],"build_version":"2020-12-22","purchased_purges":0,"victory":true,"max_hp_per_floor":[63,63,63,63,63,63,63,63,63,63,63,63,63,63,63,63,63,63,63,63,63,63,63,63,63,63,63,68,68,68,68,68,68,68,68,68,65,65,65,65,65,65,65,65,65,65,65,65,65,65],"card_choices":[{"not_picked":["Machining","Sudden Beat","Twin Teeth"],"picked":"SKIP","floor":1.0},{"not_picked":["Weapon Shift","Perfect Defend","Twin Teeth"],"picked":"SKIP","floor":2.0},{"not_picked":["Light Attack","Twin Teeth","Sudden Beat"],"picked":"SKIP","floor":5.0},{"not_picked":["Rupture","Paralysis"],"picked":"Reflection Mechanism","floor":8.0},{"not_picked":["Afterwards","Light Attack","Black Hand"],"picked":"SKIP","floor":12.0},{"not_picked":["Black Execution","Floating Swing Kick"],"picked":"Fire Blade","floor":14.0},{"not_picked":["Shockwave Tdmadao","Overclocking"],"picked":"Furious","floor":16.0},{"not_picked":["Black Dance+1","Lunge","Fixing"],"picked":"SKIP","floor":18.0},{"not_picked":["Machining+1","Provocative+1","Rupture+1"],"picked":"SKIP","floor":21.0},{"not_picked":["Preloading","Revenge"],"picked":"Furious","floor":24.0},{"not_picked":["Twin Teeth","Preloading+1","Cursed Blade"],"picked":"SKIP","floor":29.0},{"not_picked":["Black Warm Hole","Bursts"],"picked":"Black Contract","floor":33.0},{"not_picked":["White Contract","Sudden Beat","Oblique Hack+1"],"picked":"SKIP","floor":35.0},{"not_picked":["Resistance","Floating Swing Kick+1","Machining+1"],"picked":"SKIP","floor":38.0},{"not_picked":["Cursed Blade+1","Resistance"],"picked":"Black Spear+1","floor":39.0},{"not_picked":["Fire Blade","Judgment"],"picked":"Load Balancing","floor":41.0}],"player_experience":728925,"relics_obtained":[{"floor":8.0,"key":"Shovel"},{"floor":9.0,"key":"Cola"},{"floor":10.0,"key":"Old Coin"},{"floor":15.0,"key":"Juzu Bracelet"},{"floor":23.0,"key":"Thread and Needle"},{"floor":24.0,"key":"PreservedInsect"},{"floor":26.0,"key":"Oddly Smooth Stone"},{"floor":27.0,"key":"Matryoshka"},{"floor":40.0,"key":"MawBank"},{"floor":41.0,"key":"Mastiff:ReiMu"},{"floor":43.0,"key":"Mb Ring"},{"floor":43.0,"key":"Molten Egg 2"},{"floor":45.0,"key":"Smiling Mask"},{"floor":49.0,"key":"Dead Branch"}],"event_choices":[{"cards_removed":["Defend_C"],"damage_healed":0.0,"max_hp_gain":0.0,"max_hp_loss":0.0,"gold_gain":0.0,"event_name":"Bonfire Elementals","player_choice":"Offered Basic","floor":3.0,"gold_loss":0.0,"damage_taken":0.0},{"damage_healed":0.0,"max_hp_gain":0.0,"max_hp_loss":0.0,"gold_gain":0.0,"event_name":"The Joust","player_choice":"Bet on Murderer","floor":19.0,"gold_loss":50.0,"damage_taken":0.0},{"damage_healed":21.0,"max_hp_gain":0.0,"max_hp_loss":0.0,"gold_gain":0.0,"event_name":"The Library","player_choice":"Heal","floor":22.0,"gold_loss":0.0,"damage_taken":0.0},{"damage_healed":0.0,"max_hp_gain":5.0,"max_hp_loss":0.0,"gold_gain":0.0,"event_name":"Forgotten Altar","player_choice":"Shed Blood","floor":28.0,"gold_loss":0.0,"damage_taken":16.0},{"damage_healed":0.0,"max_hp_gain":0.0,"max_hp_loss":0.0,"gold_gain":0.0,"event_name":"NoteForYourself","player_choice":"Ignored","floor":31.0,"gold_loss":0.0,"damage_taken":0.0},{"damage_healed":0.0,"max_hp_gain":0.0,"max_hp_loss":3.0,"gold_gain":0.0,"event_name":"Winding Halls","player_choice":"Max HP","floor":37.0,"gold_loss":0.0,"damage_taken":0.0},{"damage_healed":0.0,"max_hp_gain":0.0,"max_hp_loss":0.0,"gold_gain":0.0,"event_name":"OrinTheCat","player_choice":"Ignored","floor":44.0,"gold_loss":0.0,"damage_taken":0.0},{"cards_removed":["Strike_C"],"damage_healed":0.0,"max_hp_gain":0.0,"max_hp_loss":0.0,"gold_gain":0.0,"event_name":"Falling","player_choice":"Removed Attack","floor":46.0,"gold_loss":0.0,"damage_taken":0.0},{"damage_healed":0.0,"max_hp_gain":0.0,"max_hp_loss":0.0,"gold_gain":0.0,"event_name":"MindBloom","player_choice":"Upgrade","floor":47.0,"gold_loss":0.0,"damage_taken":0.0,"cards_upgraded":["Strike_C","Defend_C","Defend_C","Defend_C","Knight Kick","Chip","Fire Blade","Fire Up","Reflection Mechanism","Fire Blade","Furious","Black Contract","Break Into","Load Balancing"],"relics_obtained":["Mark of the Bloom"]},{"damage_healed":0.0,"max_hp_gain":0.0,"max_hp_loss":0.0,"gold_gain":0.0,"event_name":"Mysterious Sphere","player_choice":"Ignored","floor":48.0,"gold_loss":0.0,"damage_taken":0.0}],"is_beta":false,"boss_relics":[{"not_picked":["Ectoplasm","Snecko Eye"],"picked":"SacredBark"},{"not_picked":["Calling Bell","Astrolabe"],"picked":"Runic Pyramid"}],"items_purged_floors":[],"is_endless":false,"potions_floor_spawned":[2,5,8,14,29,33,39,41],"ascension_level":0}}