{"host":"46hhpd9tbruz5rpt","time":1608795772,"event":{"mods":["BaseMod","Marisa£®ÏF”Í°°ƒß¿Ì…≥£©","Minty Spire (QoL Compilation)","Quick Restart","Reimu£®≤©¿ˆ¡È√Œ£©","Replay The Spire","StSLib","The Cursed","The Servant 0.9.4"],"gold_per_floor":[119,194,205,205,205,205,232,242,242,256,256,276,201,215,270,375,375,394,246,246,264,139,139,166,166,191,191,191],"floor_reached":27,"playtime":1360,"items_purged":["Strike_Lin:ReiMu","Strike_Lin:ReiMu","Strike_Lin:ReiMu"],"score":256,"play_id":"897d6358-54f8-4fdc-88c4-1db82fa7eed0","local_time":"20201224154252","is_ascension_mode":false,"campfire_choices":[{"data":"NB:ReiMu","floor":6.0,"key":"SMITH"},{"data":"SafetyPray:ReiMu","floor":11.0,"key":"SMITH"},{"data":"SpringWay:ReiMu","floor":23.0,"key":"SMITH"}],"circlet_count":0,"master_deck":["Strike_Lin:ReiMu","Defend_Lin:ReiMu","Defend_Lin:ReiMu","Defend_Lin:ReiMu","NB:ReiMu+1","Stagnation:ReiMu","ShadowOfCrow2:ReiMu","SpiritualOutbreak2:ReiMu","SafetyPray:ReiMu+1","RainPray2:ReiMu","SpringWay:ReiMu+1","OrbThrow:ReiMu","Authority:ReiMu","SpreadBorder2:ReiMu+1","SubcavityInstant:ReiMu","Gathering:ReiMu+1","YinYangSange:ReiMu"],"relics":["FlyPower:ReiMu","NeowsBlessing","Ice Cream","Tiny Chest","ReplayTheSpireMod:Ninjato","Replay:Bottled Steam","CrownOfHeavens:ReiMu","Replay:Mystery Machine","Toxic Egg 2","Mastiff:ReiMu"],"acts_visited":["Exordium","TheCity"],"potions_floor_usage":[24],"damage_taken":[{"damage":0.0,"enemies":"2 Louse","floor":1.0,"turns":1.0},{"damage":0.0,"enemies":"Jaw Worm","floor":3.0,"turns":1.0},{"damage":0.0,"enemies":"Gremlin Nob","floor":7.0,"turns":2.0},{"damage":0.0,"enemies":"Small Slimes","floor":8.0,"turns":3.0},{"damage":4.0,"enemies":"Blue Slaver","floor":10.0,"turns":3.0},{"damage":5.0,"enemies":"Lots of Slimes","floor":12.0,"turns":2.0},{"damage":4.0,"enemies":"Large Slime","floor":14.0,"turns":7.0},{"damage":25.0,"enemies":"The Guardian","floor":16.0,"turns":11.0},{"damage":10.0,"enemies":"Shell Parasite","floor":18.0,"turns":6.0},{"damage":14.0,"enemies":"Spheric Guardian","floor":21.0,"turns":6.0},{"damage":23,"enemies":"Gremlin Leader","floor":24,"turns":5},{"damage":31,"enemies":"Book of Stabbing","floor":27,"turns":6}],"seed_played":"-3740507700923411123","potions_obtained":[{"floor":3.0,"key":"Elixir"},{"floor":7.0,"key":"BlessingOfTheForge"},{"floor":12.0,"key":"FairyPotion"},{"floor":18.0,"key":"PowerPotion"}],"is_trial":false,"path_per_floor":["M","?","M","?","?","R","E","M","T","M","R","M","$","M","R","B",null,"M","$","?","M","$","R","E","T","T","E"],"character_chosen":"REIMU","items_purchased":["SubcavityInstant:ReiMu"],"campfire_rested":0,"item_purchase_floors":[19],"current_hp_per_floor":[65,54,54,51,44,44,44,44,44,40,40,35,35,31,31,6,65,55,55,44,30,30,30,7,7,7,0,0],"gold":191,"neow_bonus":"THREE_ENEMY_KILL","is_daily":false,"chose_seed":false,"campfire_upgraded":3,"win_rate":0.0,"timestamp":1608795772,"path_taken":["M","?","M","?","?","R","E","M","T","M","R","?","?","M","R","BOSS","M","$","?","M","$","R","E","?","T","E"],"items_purchased_type":["Card"],"build_version":"2020-12-22","purchased_purges":3,"victory":false,"max_hp_per_floor":[65,65,65,65,65,65,65,65,65,65,65,65,65,65,65,65,65,65,65,70,70,70,70,70,70,70,70,70],"card_choices":[{"not_picked":["Meditation:ReiMu","YinYangSange:ReiMu"],"picked":"ShadowOfCrow2:ReiMu","floor":1.0},{"not_picked":["Meditation:ReiMu","PhosphorusFlame:ReiMu","SpreadBorder2:ReiMu"],"picked":"SKIP","floor":3.0},{"not_picked":["SpringWay:ReiMu","DoubleButterfly:ReiMu","EmergencyTakeOff:ReiMu"],"picked":"SKIP","floor":7.0},{"not_picked":["Amulet:ReiMu","Mountainwind:ReiMu"],"picked":"SpiritualOutbreak2:ReiMu","floor":8.0},{"not_picked":["Intuition:ReiMu","Revelation:ReiMu"],"picked":"SafetyPray:ReiMu","floor":10.0},{"not_picked":["SealNeedle:ReiMu","OrbThrow:ReiMu","WonderfulDomain:ReiMu"],"picked":"SKIP","floor":12.0},{"not_picked":["SealNeedle:ReiMu","Intuition:ReiMu"],"picked":"RainPray2:ReiMu","floor":14.0},{"not_picked":["RunawayExorcism:ReiMu","TakeOff:ReiMu"],"picked":"SpringWay:ReiMu","floor":15.0},{"not_picked":["TakeOff:ReiMu","AlertArray:ReiMu"],"picked":"OrbThrow:ReiMu","floor":15.0},{"not_picked":["OctopathSalyBorderN:ReiMu","YinYang:ReiMu"],"picked":"Authority:ReiMu","floor":16.0},{"not_picked":["SafetyPray:ReiMu","AlertArray:ReiMu"],"picked":"SpreadBorder2:ReiMu+1","floor":18.0},{"not_picked":["TakeOff:ReiMu+1","CareerPray:ReiMu"],"picked":"Gathering:ReiMu+1","floor":21.0},{"not_picked":["Enchanting:ReiMu+1","WonderfulDomain:ReiMu"],"picked":"YinYangSange:ReiMu","floor":24}],"player_experience":83676,"relics_obtained":[{"floor":7.0,"key":"Tiny Chest"},{"floor":9.0,"key":"ReplayTheSpireMod:Ninjato"},{"floor":15.0,"key":"Replay:Bottled Steam"},{"floor":24,"key":"Replay:Mystery Machine"},{"floor":25,"key":"Toxic Egg 2"},{"floor":26,"key":"Mastiff:ReiMu"}],"event_choices":[{"damage_healed":0.0,"max_hp_gain":0.0,"max_hp_loss":0.0,"gold_gain":75.0,"event_name":"World of Goop","player_choice":"Gather Gold","floor":2.0,"gold_loss":0.0,"damage_taken":11.0},{"damage_healed":0.0,"max_hp_gain":0.0,"max_hp_loss":0.0,"gold_gain":0.0,"event_name":"Scrap Ooze","player_choice":"Success","floor":4.0,"gold_loss":0.0,"damage_taken":3.0,"relics_obtained":["Ice Cream"]},{"cards_removed":["Defend_Lin:ReiMu"],"damage_healed":0.0,"max_hp_gain":0.0,"max_hp_loss":0.0,"gold_gain":0.0,"event_name":"Golden Wing","player_choice":"Card Removal","floor":5.0,"gold_loss":0.0,"damage_taken":7.0},{"damage_healed":0.0,"max_hp_gain":5.0,"max_hp_loss":0.0,"gold_gain":0.0,"event_name":"Forgotten Altar","player_choice":"Shed Blood","floor":20.0,"gold_loss":0.0,"damage_taken":16.0}],"is_beta":false,"boss_relics":[{"not_picked":["Runic Dome","Fusion Hammer"],"picked":"CrownOfHeavens:ReiMu"}],"items_purged_floors":[13,19,22],"is_endless":false,"potions_floor_spawned":[3,7,12,18,21],"killed_by":"Book of Stabbing","ascension_level":0}}