{"host":"f5gffvlv6a66yqkd","time":1608826059,"event":{"mods":["2.2 Compatiblity","BaseMod","Colored Map","DeckTracker","Keyboard Shortcuts","Minty Spire (QoL Compilation)","Permanent Neow","Quick Restart","Relic Stats","StSLib","SuperFastMode"],"gold_per_floor":[111,81,6,6,22,22,38,55,55,55,68,68,94,109,109,109,109],"floor_reached":16,"playtime":280,"items_purged":["Decay"],"score":204,"play_id":"0dc59f8e-b9a3-4f06-bc26-5e0864df0f8b","local_time":"20201225010739","is_ascension_mode":true,"campfire_choices":[{"data":"Eruption","floor":6.0,"key":"SMITH"},{"floor":12.0,"key":"REST"},{"floor":15,"key":"REST"}],"circlet_count":0,"master_deck":["AscendersBane","Strike_P","Strike_P","Strike_P","Defend_P","Defend_P","Defend_P","Eruption+1","Vigilance+1","SandsOfTime","DevaForm","CrushJoints+1","EmptyMind","Prostrate","Worship","Prostrate"],"relics":["PureWater","PreservedInsect","Molten Egg 2"],"acts_visited":["Exordium"],"potions_floor_usage":[14,16],"damage_taken":[{"damage":11.0,"enemies":"Small Slimes","floor":1.0,"turns":2.0},{"damage":0.0,"enemies":"Cultist","floor":5.0,"turns":2.0},{"damage":8.0,"enemies":"2 Louse","floor":7.0,"turns":2.0},{"damage":8.0,"enemies":"Large Slime","floor":8.0,"turns":3.0},{"damage":2.0,"enemies":"Looter","floor":11.0,"turns":4.0},{"damage":15.0,"enemies":"Lagavulin","floor":13.0,"turns":6.0},{"damage":13,"enemies":"Exordium Thugs","floor":14,"turns":3},{"damage":27,"enemies":"The Guardian","floor":16,"turns":4}],"seed_played":"4840168989156752210","potions_obtained":[{"floor":2.0,"key":"SpeedPotion"},{"floor":2.0,"key":"Explosive Potion"},{"floor":14,"key":"FearPotion"}],"is_trial":false,"path_per_floor":["M","?","$","?","M","R","M","M","T","?","M","R","E","M","R","B"],"character_chosen":"WATCHER","items_purchased":[],"campfire_rested":2,"item_purchase_floors":[],"current_hp_per_floor":[50,50,50,55,55,55,47,39,39,17,15,36,21,8,29,2,2],"gold":109,"neow_bonus":"TRANSFORM_TWO_CARDS","is_daily":false,"chose_seed":false,"campfire_upgraded":1,"win_rate":0.0,"timestamp":1608826059,"path_taken":["M","?","?","?","M","R","M","M","T","?","M","R","E","M","R","BOSS"],"items_purchased_type":[],"build_version":"2020-12-22","purchased_purges":1,"victory":false,"max_hp_per_floor":[68,68,68,73,73,73,73,73,73,73,73,73,73,73,73,73,73],"relic_stats":{"counters":[8,26],"PreservedInsect":36,"obtain_stats":[{"Molten Egg 2":13,"PreservedInsect":9,"PureWater":0},{"Molten Egg 2":6,"PreservedInsect":4,"PureWater":0},{"Molten Egg 2":19,"PreservedInsect":9,"PureWater":0}]},"card_choices":[{"not_picked":["Indignation","JustLucky"],"picked":"CrushJoints","floor":1.0},{"not_picked":["FlyingSleeves","SashWhip"],"picked":"EmptyMind","floor":5.0},{"not_picked":["FlyingSleeves","Consecrate"],"picked":"Prostrate","floor":7.0},{"not_picked":["FlurryOfBlows","PathToVictory"],"picked":"Worship","floor":8.0},{"not_picked":["Crescendo","DeceiveReality","JustLucky"],"picked":"SKIP","floor":11.0},{"not_picked":["Crescendo","Evaluate"],"picked":"Prostrate","floor":13.0},{"not_picked":["Weave+1","Consecrate+1","PathToVictory"],"picked":"SKIP","floor":14}],"player_experience":1481293,"relics_obtained":[{"floor":9.0,"key":"PreservedInsect"},{"floor":13.0,"key":"Molten Egg 2"}],"event_choices":[{"damage_healed":0.0,"max_hp_gain":0.0,"max_hp_loss":0.0,"gold_gain":0.0,"event_name":"The Woman in Blue","player_choice":"Bought 2 Potions","floor":2.0,"gold_loss":0.0,"damage_taken":0.0},{"damage_healed":0.0,"max_hp_gain":5.0,"max_hp_loss":0.0,"gold_gain":0.0,"event_name":"Big Fish","player_choice":"Donut","floor":4.0,"gold_loss":0.0,"damage_taken":0.0},{"damage_healed":0.0,"max_hp_gain":0.0,"max_hp_loss":0.0,"gold_gain":0.0,"event_name":"Shining Light","player_choice":"Entered Light","floor":10.0,"gold_loss":0.0,"damage_taken":22.0,"cards_upgraded":["Vigilance","CrushJoints"]}],"is_beta":false,"boss_relics":[],"items_purged_floors":[3],"is_endless":false,"potions_floor_spawned":[5,7,11,14],"killed_by":"The Guardian","ascension_level":20}}