{"host":"qzpuxnheibnu7155","time":1608784881,"event":{"mods":["Act Like it!","BaseMod","Displayed Cursed Tome","Minty Spire (QoL Compilation)","MostiFishMod","Pale of the Ancients","Remilia（蕾米莉亚）","RumiaBox-露米娅的神秘盒子","StSLib","TestMod","Waifu the Spire","【功能Mod】Neow奖励","【遗物卡牌】REMEMod","没有小屋子和绿帽子啦"],"gold_per_floor":[112,512,512,180,194,228,228,253,278,294,294,320,336,346,346,419,419,433,48,48,58,77,77,107,107],"floor_reached":24,"playtime":1459,"items_purged":["Defend_RM","Defend_RM"],"score":707,"play_id":"95d71045-3f5c-4359-81f2-adffd64cc815","local_time":"20201224124121","is_ascension_mode":true,"campfire_choices":[{"floor":7,"key":"RECALL"},{"data":"CeilingFear","floor":11,"key":"SMITH"},{"data":"MastersStateliness","floor":15,"key":"SMITH"},{"data":"MastersStateliness","floor":23,"key":"SMITH"}],"circlet_count":0,"master_deck":["AscendersBane","Strike_RM+1","Strike_RM+1","Strike_RM+1","Strike_RM+1","Defend_RM","Defend_RM+1","RedMoon+1","ScarletShoot+1","ForecastOfChange+1","ScarletSymphony+1","MastersStateliness+1","ChaoticDestiny+1","CeilingFear+1","MastersStateliness+1","MastersStateliness+1","UnstableMagic","Ultimatum","BloodyHallows+1","MastersStateliness+1","MastersStateliness","DiffusionOfMisfortune","MastersStateliness+1"],"relics":["ScarletHat","DaveBox","REME_ComplimentaryCards","Boot","DSteel32","testmod-CasingShield","SynthV:TestCard","Art of War","testmod-Motorcycle","Pocketwatch","testmod-IncinerationGenerator","Question Card","Baka2"],"acts_visited":["Exordium","TheCity"],"potions_floor_usage":[18,24],"damage_taken":[{"damage":0.0,"enemies":"2 Louse","floor":1.0,"turns":2.0},{"damage":0.0,"enemies":"Jaw Worm","floor":5.0,"turns":1.0},{"damage":17.0,"enemies":"Gremlin Nob","floor":6.0,"turns":6.0},{"damage":8,"enemies":"Lagavulin","floor":8,"turns":4},{"damage":0,"enemies":"Cultist","floor":10,"turns":3},{"damage":14,"enemies":"Gremlin Nob","floor":12,"turns":6},{"damage":0,"enemies":"Large Slime","floor":13,"turns":2},{"damage":4,"enemies":"3 Louse","floor":14,"turns":2},{"damage":4,"enemies":"The Guardian","floor":16,"turns":6},{"damage":11,"enemies":"3 Byrds","floor":18,"turns":5},{"damage":0,"enemies":"Spheric Guardian","floor":21,"turns":4},{"damage":25,"enemies":"Cultist and Chosen","floor":22,"turns":4},{"damage":7,"enemies":"Slavers","floor":24,"turns":3}],"seed_played":"4486042085709226240","potions_obtained":[{"floor":6.0,"key":"SmokeBomb"},{"floor":10,"key":"ColorlessPotion"},{"floor":13,"key":"Energy Potion"},{"floor":18,"key":"PowerPotion"},{"floor":22,"key":"REME_GoldPotion"}],"is_trial":false,"path_per_floor":["M","?","?","$","M","E","R","E","T","M","R","E","M","M","R","B",null,"M","$","?","M","M","R","E"],"character_chosen":"REMILIA","items_purchased":["ScarletSymphony","BloodySeventeenLaser","Question Card"],"campfire_rested":0,"item_purchase_floors":[4,4,19],"current_hp_per_floor":[63,63,68,68,68,58,58,52,52,52,52,46,46,42,42,38,66,66,66,66,66,61,61,60,60],"gold":107,"neow_bonus":"RANDOM_COMMON_RELIC","is_daily":false,"chose_seed":false,"campfire_upgraded":3,"win_rate":0.0,"timestamp":1608784881,"path_taken":["M","?","?","$","M","E","R","E","T","M","R","E","M","M","R","BOSS","M","$","?","?","M","R","E"],"items_purchased_type":["Card","Card","Relic"],"build_version":"2020-12-22","purchased_purges":2,"victory":false,"max_hp_per_floor":[70,70,75,75,75,75,75,75,75,75,75,75,75,75,75,75,75,75,75,75,75,75,75,75,75],"card_choices":[{"not_picked":["Stigmanizer","CharismaGuard","RedMagic"],"picked":"SKIP","floor":1.0},{"not_picked":["UnderTheZenith","NightDance","BlasphemousPunishment","VampireFantasy"],"picked":"MastersStateliness","floor":5.0},{"not_picked":["ScarletDevil","ForbiddenFruit","VampireSweep","BombardNight"],"picked":"ChaoticDestiny","floor":6.0},{"not_picked":["BombardNight","EmergencyRegeneration","ScarletGensokyo","DiffusionOfMisfortune"],"picked":"CeilingFear","floor":8},{"not_picked":["CharismaGuard","VampireKiss","BloodyMagicSquare","ChainGang"],"picked":"MastersStateliness","floor":10},{"not_picked":["VampireKiss","UnderTheZenith","BloodHunter","Stigmanizer"],"picked":"MastersStateliness","floor":12},{"not_picked":["RedRainbow","BloodAndWine","UnderTheZenith","EmergencyRegeneration"],"picked":"UnstableMagic","floor":13},{"not_picked":["FavorOfDestiny","ForbiddenFruit","BloodAndWine","FitfulNightmare"],"picked":"Ultimatum","floor":14},{"not_picked":["CurseOfVladTepes","TricksterDevil","CeilingFear","HellCatastrophe"],"picked":"BloodyHallows","floor":16},{"not_picked":["UnstableMagic","HunterOfTheNight","BloodyTrap","DiffusionOfMisfortune"],"picked":"MastersStateliness","floor":18},{"not_picked":["VampireKiss","CharismaGuard","ForecastOfChange","Ultimatum","Stigmanizer"],"picked":"MastersStateliness","floor":21},{"not_picked":["VampireSweep","VampirishNight","Stigmanizer","StarOfDavid","CharismaGuard"],"picked":"DiffusionOfMisfortune","floor":22},{"not_picked":["BombardNight","BlasphemousPunishment","UnstableMagic","BadLadyScramble","BloodHunter"],"picked":"MastersStateliness+1","floor":22}],"player_experience":558638,"relics_obtained":[{"floor":1.0,"key":"Baka"},{"floor":1.0,"key":"SynthV:TestCard"},{"floor":6.0,"key":"Art of War"},{"floor":8,"key":"testmod-Motorcycle"},{"floor":12,"key":"Pocketwatch"},{"floor":22,"key":"Baka2"}],"event_choices":[{"damage_healed":0.0,"max_hp_gain":0.0,"max_hp_loss":0.0,"gold_gain":400.0,"event_name":"恩洛斯的盘子","player_choice":"Sell","floor":2.0,"relics_lost":["testmod-TestBox"],"gold_loss":0.0,"damage_taken":0.0},{"damage_healed":0.0,"max_hp_gain":5.0,"max_hp_loss":0.0,"gold_gain":0.0,"event_name":"Big Fish","player_choice":"Donut","floor":3.0,"gold_loss":0.0,"damage_taken":0.0},{"damage_healed":0,"gold_gain":0,"player_choice":"0 cards matched","damage_taken":0,"max_hp_gain":0,"max_hp_loss":0,"event_name":"Match and Keep!","floor":20,"gold_loss":0,"cards_obtained":[]}],"is_beta":false,"boss_relics":[{"not_picked":["Cursed Key","Philosopher\u0027s Stone"],"picked":"testmod-IncinerationGenerator"}],"items_purged_floors":[4,19],"is_endless":false,"potions_floor_spawned":[6,10,13,18,22],"killed_by":"Slavers","ascension_level":20}}