{"host":"337p6miwxbqfki03","time":1608850648,"event":{"mods":["BaseMod","Better Third Choice","Colored Map","Conspire","Downfall","Hermit","Hubris","Minty Spire (QoL Compilation)","Replay The Spire","StSLib","The Cursed","The Hierophant","The Marked","The Necromancer","The Poker Player","The Sage","The Valiant","Unceasing Turn Reminder"],"gold_per_floor":[99,99,99,99,99,119,119,143,143,163,163,174,174,184,202,202,202,202],"floor_reached":16,"playtime":1275,"items_purged":[],"score":140,"play_id":"5636d8aa-d9b6-4171-9381-c00417fff488","local_time":"20201224165728","is_ascension_mode":false,"campfire_choices":[{"data":"hexamod:Float","floor":1,"key":"SMITH"},{"floor":9,"key":"REST"}],"circlet_count":0,"master_deck":["conspire:GhostlyStrike","conspire:GhostlyStrike","conspire:GhostlyStrike","conspire:GhostlyStrike","conspire:GhostlyDefend","conspire:GhostlyDefend","conspire:GhostlyDefend","conspire:GhostlyDefend","hexamod:Sear","hexamod:Float+1","hexamod:GhostShield","hexamod:RecurringNightmare","hexamod:RadiantFlame","hexamod:RainOfEmbers","hexamod:GhostOfSpirePresent","hexamod:FastForward","hexamod:ParanormalForm","hexamod:SkipABeat","hexamod:BurningTouch"],"relics":["hexamod:SpiritBrand","downfall:HeartsMalice","Odd Mushroom","Art of War"],"acts_visited":["Exordium"],"potions_floor_usage":[],"damage_taken":[{"damage":0,"enemies":"2 Louse","floor":2,"turns":1},{"damage":0,"enemies":"Jaw Worm","floor":3,"turns":1},{"damage":0,"enemies":"Small Slimes","floor":5,"turns":1},{"damage":5,"enemies":"Exordium Wildlife","floor":6,"turns":6},{"damage":32,"enemies":"The Mushroom Lair","floor":8,"turns":5},{"damage":10,"enemies":"Exordium Thugs","floor":10,"turns":7},{"damage":24,"enemies":"Gremlin Gang","floor":12,"turns":7},{"damage":8,"enemies":"Blue Slaver","floor":14,"turns":5},{"damage":2,"enemies":"Exordium Wildlife","floor":15,"turns":3},{"damage":10,"enemies":"downfall:Silent","floor":16,"turns":1}],"seed_played":"-3639181751058477602","potions_obtained":[{"floor":8,"key":"Regen Potion"},{"floor":10,"key":"champ:CounterPotion"}],"is_trial":false,"path_per_floor":["R","M","M","?","M","M","T","?","R","M","T","M","?","M","M","B"],"character_chosen":"THE_SPIRIT","items_purchased":[],"campfire_rested":1,"item_purchase_floors":[],"current_hp_per_floor":[70,70,70,70,70,65,65,33,54,44,44,20,20,12,10,0,0,0],"gold":202,"neow_bonus":"THREE_ENEMY_KILL","is_daily":false,"chose_seed":false,"campfire_upgraded":1,"win_rate":0.0,"timestamp":1608850648,"path_taken":["R","M","M","?","M","M","T","?","R","M","?","M","?","M","M","BOSS"],"items_purchased_type":[],"build_version":"2020-12-22","purchased_purges":0,"victory":false,"max_hp_per_floor":[70,70,70,70,70,70,70,70,70,70,70,70,70,70,70,70,70,70],"card_choices":[{"not_picked":["hexamod:RetreatToShadows","hexamod:SwordOfDarkness"],"picked":"hexamod:GhostShield","floor":2},{"not_picked":["hexamod:FastForward","hexamod:BacktrackSmack"],"picked":"hexamod:RecurringNightmare","floor":3},{"not_picked":["hexamod:FirstSeal","hexamod:AdvancingGuard"],"picked":"hexamod:RadiantFlame","floor":5},{"not_picked":["hexamod:NightmareGuise","hexamod:GhostflameBarrier"],"picked":"hexamod:RainOfEmbers","floor":6},{"not_picked":["hexamod:GhostShield","hexamod:RecurringNightmare"],"picked":"hexamod:GhostOfSpirePresent","floor":8},{"not_picked":["hexamod:RecurringNightmare","hexamod:SwordOfDarkness"],"picked":"hexamod:FastForward","floor":10},{"not_picked":["hexamod:BurningTouch","hexamod:HeatShield"],"picked":"hexamod:ParanormalForm","floor":12},{"not_picked":["hexamod:InspiringFlames","hexamod:NecessarySacrifice"],"picked":"hexamod:SkipABeat","floor":14},{"not_picked":["hexamod:BacktrackSmack","hexamod:AdvancingGuard"],"picked":"hexamod:BurningTouch","floor":15}],"player_experience":186208,"relics_obtained":[{"floor":8,"key":"Odd Mushroom"},{"floor":11,"key":"Art of War"}],"event_choices":[{"damage_healed":0,"gold_gain":0,"player_choice":"Fought Mushrooms","damage_taken":0,"max_hp_gain":0,"max_hp_loss":0,"event_name":"Mushrooms","floor":8,"gold_loss":0},{"damage_healed":0,"gold_gain":0,"player_choice":"Agree","damage_taken":0,"max_hp_gain":0,"max_hp_loss":0,"event_name":"conspire:LoneGhost","floor":13,"gold_loss":0}],"is_beta":false,"boss_relics":[],"items_purged_floors":[],"is_endless":false,"potions_floor_spawned":[8,10],"killed_by":"downfall:Silent","ascension_level":0}}