{"host":"nk1hwk2qadwaubm5","time":1608829592,"event":{"mods":["BaseMod","Hermit","Infinite Spire","Marisa????????","Minty Spire (QoL Compilation)","Replay The Spire","StSLib","The Animator","The Cursed","The Jungle","The Servant 0.9.4"],"gold_per_floor":[20,20,20,20,40,70,70,86,111,124,167,167,117,142,142,256,256,266,247,247,247,247,262,187,187,187,187,116,116,136,155,155,251,251,283,301,301,301,313,313,330,357,381,401,401,311,327,341,341,341],"floor_reached":51,"playtime":6733,"items_purged":["animator:Defend"],"score":747,"play_id":"2966c2a7-f045-45d8-9cfd-66eee2a61b7a","local_time":"20201224180632","is_ascension_mode":false,"campfire_choices":[{"data":"animator:Pride","floor":7,"key":"SMITH"},{"data":"animator:TukaLunaMarceau","floor":15,"key":"SMITH"},{"data":"RitualDagger","floor":27,"key":"SMITH"},{"data":"infinitespire:UltimateForm","floor":29,"key":"SMITH"},{"data":"animator:Greed","floor":32,"key":"SMITH"},{"data":"animator:Sora","floor":40,"key":"SMITH"},{"data":"animator:DwarfShaman","floor":45,"key":"SMITH"},{"data":"animator:GazelDwargon","floor":49,"key":"SMITH"}],"circlet_count":0,"master_deck":["animator:Strike_GoblinSlayer","animator:Defend_GoblinSlayer","animator:Strike","animator:Defend+1","animator:Defend","animator:LizardPriest","animator:DwarfShaman+1","animator:Rimuru","animator:ElricEdward+1","animator:ElricEdward","animator:Pride+1","animator:DwarfShaman","animator:GazelDwargon+1","animator:TukaLunaMarceau+1","animator:WinryRockbell","animator:Elesis","animator:LeleiLaLalena","RitualDagger+1","animator:Jibril","infinitespire:UltimateForm+1","animator:Aisha","animator:Greed+1","animator:Sora+1","animator:Witch","animator:DwarfShaman"],"relics":["animator:LivingPicture","animator:TheMissingPiece","animator:PurgingStone","Meat on the Bone","Blood Vial","Replay:Baseball","Bottled Lightning","Busted Crown","MutagenicStrength","CaptainsWheel","Sundial","Velvet Choker","Philosopher\u0027s Stone","Nunchaku","Omamori","infinitespire:Satchel"],"acts_visited":["Exordium","TheCity","TheBeyond"],"potions_floor_usage":[16,30,33,35,39,50,50],"damage_taken":[{"damage":0,"enemies":"2 Louse","floor":1,"turns":4},{"damage":6,"enemies":"Jaw Worm","floor":5,"turns":3},{"damage":11,"enemies":"Replay:BlueRogue","floor":6,"turns":3},{"damage":0,"enemies":"Cultist","floor":8,"turns":3},{"damage":6,"enemies":"Exordium Wildlife","floor":10,"turns":4},{"damage":8,"enemies":"3 Sentries","floor":11,"turns":8},{"damage":3,"enemies":"Replay:BlueRogue","floor":14,"turns":4},{"damage":8,"enemies":"Slime Boss","floor":16,"turns":11},{"damage":5,"enemies":"3 Byrds","floor":18,"turns":4},{"damage":1,"enemies":"2 Thieves","floor":19,"turns":4},{"damage":9,"enemies":"3 Cultists","floor":23,"turns":5},{"damage":0,"enemies":"Shelled Parasite and Fungi","floor":30,"turns":4},{"damage":8,"enemies":"Snake Plant","floor":31,"turns":3},{"damage":51,"enemies":"Automaton","floor":33,"turns":11},{"damage":19,"enemies":"3 Darklings","floor":35,"turns":4},{"damage":0,"enemies":"Orb Walker","floor":36,"turns":5},{"damage":7,"enemies":"Transient","floor":39,"turns":5},{"damage":6,"enemies":"Spire Growth","floor":41,"turns":5},{"damage":0,"enemies":"R_Hoarder","floor":42,"turns":8},{"damage":7,"enemies":"Jaw Worm Horde","floor":44,"turns":4},{"damage":0,"enemies":"Sphere and 2 Shapes","floor":47,"turns":4},{"damage":4,"enemies":"3 Darklings","floor":48,"turns":4},{"damage":0,"enemies":"infinitespire:MassOfShapes","floor":50,"turns":7}],"seed_played":"-2561596082208161727","potions_obtained":[{"floor":5,"key":"Strength Potion"},{"floor":6,"key":"Fruit Juice"},{"floor":8,"key":"Weak Potion"},{"floor":16,"key":"LifebloodPotion"},{"floor":33,"key":"ColorlessPotion"},{"floor":35,"key":"Fire Potion"},{"floor":36,"key":"FearPotion"}],"is_trial":false,"path_per_floor":["M","?","?","$","M","E","R","M","T","M","E","?","?","E","R","B",null,"M","M","?","?","?","M","?","AVR","T","R","$","R","M","M","R","B",null,"M","M","?","?","M","R","M","E","T","M","R","?","M","M","R","B",null],"character_chosen":"THE_ANIMATOR","items_purchased":["animator:Aisha"],"campfire_rested":0,"item_purchase_floors":[28],"current_hp_per_floor":[66,66,66,66,60,49,49,49,49,45,39,39,39,38,38,44,66,62,63,63,57,57,50,50,50,50,50,50,50,52,46,46,14,72,53,55,55,55,50,50,46,34,34,27,27,27,29,27,27,29],"gold":341,"neow_bonus":"THREE_RARE_CARDS","is_daily":false,"chose_seed":false,"campfire_upgraded":8,"win_rate":0.0,"timestamp":1608829592,"path_taken":["M","?","?","?","M","E","R","?","T","M","E","?","?","E","R","BOSS","M","M","?","?","?","M","?","AVR","T","R","$","R","M","M","R","BOSS","M","M","?","?","M","R","?","E","T","M","R","?","?","?","R","BOSS"],"items_purchased_type":["Card"],"build_version":"2020-12-22","purchased_purges":1,"victory":true,"max_hp_per_floor":[66,66,66,66,66,66,66,66,66,66,66,66,66,66,66,66,66,67,67,67,67,67,67,67,67,67,67,67,67,67,67,67,72,72,72,72,68,68,68,68,68,34,34,34,34,34,34,34,34,34],"card_choices":[{"not_picked":["animator:Envy","animator:Shizu"],"picked":"animator:Rimuru","floor":0},{"not_picked":["animator:Raven","animator:Pride"],"picked":"animator:ElricEdward","floor":1},{"not_picked":["animator:Shinoa","animator:ChlammyZell"],"picked":"animator:ElricEdward","floor":5},{"not_picked":["animator:Eris","animator:Laby"],"picked":"animator:Pride","floor":6},{"not_picked":["animator:Witch","animator:Spearman"],"picked":"animator:DwarfShaman","floor":8},{"not_picked":["animator:Shiro","animator:Ain"],"picked":"animator:GazelDwargon","floor":10},{"not_picked":["animator:Kazuma","animator:ElricAlphonse"],"picked":"animator:TukaLunaMarceau","floor":11},{"not_picked":["animator:Lu","animator:Tet"],"picked":"animator:WinryRockbell","floor":14},{"not_picked":["animator:Sora","animator:Wiz"],"picked":"animator:Elesis","floor":16},{"not_picked":[],"picked":"animator:LeleiLaLalena","floor":18},{"not_picked":["animator:Tet"],"picked":"SKIP","floor":19},{"not_picked":["animator:Elsword"],"picked":"SKIP","floor":23},{"not_picked":["animator:CowGirl"],"picked":"SKIP","floor":30},{"not_picked":[],"picked":"animator:Greed","floor":31},{"not_picked":[],"picked":"animator:Sora","floor":33},{"not_picked":[],"picked":"animator:Witch","floor":35},{"not_picked":["animator:WinryRockbell"],"picked":"SKIP","floor":36},{"not_picked":["animator:DolaStephanie"],"picked":"SKIP","floor":39},{"not_picked":[],"picked":"animator:Father","floor":41},{"not_picked":["animator:Scar"],"picked":"SKIP","floor":42},{"not_picked":["animator:Hakurou+1"],"picked":"SKIP","floor":44},{"not_picked":[],"picked":"animator:DwarfShaman","floor":47}],"player_experience":283777,"relics_obtained":[{"floor":6,"key":"Meat on the Bone"},{"floor":9,"key":"Blood Vial"},{"floor":11,"key":"Replay:Baseball"},{"floor":14,"key":"Bottled Lightning"},{"floor":26,"key":"Sundial"},{"floor":42,"key":"Nunchaku"},{"floor":43,"key":"Omamori"}],"event_choices":[{"cards_removed":["animator:Strike"],"damage_healed":0,"gold_gain":0,"player_choice":"Card Removal","damage_taken":0,"max_hp_gain":0,"max_hp_loss":0,"event_name":"The Cleric","floor":13,"gold_loss":50},{"damage_healed":0,"gold_gain":0,"player_choice":"Inject Mutagens","damage_taken":0,"relics_obtained":["MutagenicStrength"],"max_hp_gain":0,"max_hp_loss":0,"event_name":"Drug Dealer","floor":20,"gold_loss":0},{"damage_healed":0,"gold_gain":0,"player_choice":"Joined the Cult","damage_taken":6,"max_hp_gain":0,"max_hp_loss":0,"event_name":"Nest","floor":21,"gold_loss":0,"cards_obtained":["RitualDagger"]},{"damage_healed":0,"gold_gain":0,"player_choice":"Read","damage_taken":0,"max_hp_gain":0,"max_hp_loss":0,"event_name":"The Library","floor":22,"gold_loss":0,"cards_obtained":["animator:Jibril"]},{"cards_removed":["animator:Strike"],"damage_healed":0,"gold_gain":0,"player_choice":"Gave Gold","damage_taken":0,"max_hp_gain":0,"max_hp_loss":0,"event_name":"Beggar","floor":24,"gold_loss":75},{"damage_healed":0,"gold_gain":0,"player_choice":"Max HP","damage_taken":0,"max_hp_gain":0,"max_hp_loss":4,"event_name":"Winding Halls","floor":37,"gold_loss":0},{"damage_healed":0,"gold_gain":0,"player_choice":"0 cards matched","damage_taken":0,"max_hp_gain":0,"max_hp_loss":0,"event_name":"Match and Keep!","floor":38,"gold_loss":0,"cards_obtained":[]},{"damage_healed":0,"gold_gain":0,"player_choice":"Paid Gold","damage_taken":0,"relics_obtained":["infinitespire:Satchel"],"max_hp_gain":0,"max_hp_loss":0,"event_name":"WeMeetAgain","floor":46,"gold_loss":90}],"is_beta":false,"boss_relics":[{"not_picked":["animator:HolyGrailRelic","Kintsugi"],"picked":"Busted Crown"},{"not_picked":["Replay:Ancient Bell","Ring of Chaos"],"picked":"Velvet Choker"}],"items_purged_floors":[25],"is_endless":false,"potions_floor_spawned":[5,6,8,16,23,33,35,36,42,44],"ascension_level":0}}