{"host":"g8cjtrzc5lau3ahr","time":1608772436,"event":{"mods":["2.2 Compatiblity","AchievementEnabler","Act Like it!","BaseMod","BetterRewards","CapriCore","Card Forge","Colored Map","Downfall","Friendly Minions","GifTheSpireLib","HexUI Lib","Infinite Spire","Ironclad Rager","Jedi Mod","Minty Spire (QoL Compilation)","Relic Stats","Retaliation","Shedinja","Shop Mod","StSLib","Stuff the Spire","The Alterego","TheVelvet"],"gold_per_floor":[99,99,199,199,374,408,408,333,333,29,29,56,74,85,101,204,204,204,220,239,80,97,110,110,369,369,369,402,420,420,438,457,554,554,479,494,506,521,621,633,633,558,575,575,593,648,648,676,698,710,722,767,569,569,569],"floor_reached":56,"playtime":4977,"items_purged":[],"score":1309,"play_id":"62c4c706-d802-4c2b-8299-2dbcbdbcffb1","local_time":"20201223191356","is_ascension_mode":false,"campfire_choices":[{"floor":1,"key":"RECALL"},{"floor":8,"key":"REST"},{"data":"champ:FlashCut","floor":11,"key":"SMITH"},{"floor":18,"key":"REST"},{"floor":27,"key":"REST"},{"floor":35,"key":"REST"},{"floor":42,"key":"REST"},{"floor":44,"key":"REST"},{"floor":47,"key":"REST"},{"floor":54,"key":"REST"}],"circlet_count":0,"master_deck":["champ:Taunt+1","champ:GladiatorStyle+1","champ:GladiatorsShout+1","champ:VampiricStrike+1","champ:RisingSlash+1","champ:CrownThrow+1","champ:HoldFirm+1","champ:GladiatorsShout+1","champ:RisingSlash+1","champ:FocusedGladiator+1","champ:PreciseThrust+1","champ:PreciseThrust+1","champ:MurderStrike+1"],"relics":["champ:ChampionCrown","Hammer of Thor","Seething Fire","Anvil of the Gods","downfall:HeartsMalice","infinitespire:Beetle Shell","Mercury Hourglass","downfall:HeartBlessingRed","Vajra","MerchantsRug","Mummified Hand","Philosopher\u0027s Stone","Lantern","StuffTheSpire:ForceGauntlet","champ:DefensiveTrainingManual","StuffTheSpire:Barrel","Cursed Key","downfall:HeartBlessingGreen","downfall:HeartBlessingBlue","StuffTheSpire:Nightcore","MawBank","War Paint","Medical Kit"],"acts_visited":["Exordium","TheCity","TheBeyond","TheEnding"],"potions_floor_usage":[28,33,55,55,55],"damage_taken":[{"damage":0,"enemies":"2 Louse","floor":2,"turns":1},{"damage":0,"enemies":"Small Slimes","floor":4,"turns":1},{"damage":0,"enemies":"3 Sentries","floor":6,"turns":1},{"damage":16,"enemies":"downfall:FleeingMerchant","floor":10,"turns":4},{"damage":9,"enemies":"Gremlin Nob","floor":12,"turns":3},{"damage":0,"enemies":"Cultist","floor":13,"turns":2},{"damage":5,"enemies":"Large Slime","floor":14,"turns":4},{"damage":0,"enemies":"2 Fungi Beasts","floor":15,"turns":2},{"damage":12,"enemies":"downfall:Ironclad","floor":16,"turns":7},{"damage":5,"enemies":"Chosen","floor":19,"turns":3},{"damage":4,"enemies":"3 Byrds","floor":20,"turns":2},{"damage":9,"enemies":"downfall:FleeingMerchant","floor":21,"turns":4},{"damage":0,"enemies":"Cultist and Chosen","floor":22,"turns":4},{"damage":10,"enemies":"Snake Plant","floor":23,"turns":2},{"damage":1,"enemies":"downfall:FleeingMerchant","floor":25,"turns":3},{"damage":45,"enemies":"Gremlin Leader","floor":28,"turns":3},{"damage":4,"enemies":"Shelled Parasite and Fungi","floor":29,"turns":2},{"damage":0,"enemies":"Snecko","floor":31,"turns":2},{"damage":0,"enemies":"3 Cultists","floor":32,"turns":2},{"damage":9,"enemies":"downfall:Defect","floor":33,"turns":6},{"damage":6,"enemies":"3 Shapes","floor":36,"turns":2},{"damage":0,"enemies":"3 Darklings","floor":37,"turns":3},{"damage":0,"enemies":"Jaw Worm Horde","floor":38,"turns":2},{"damage":0,"enemies":"Transient","floor":40,"turns":5},{"damage":0,"enemies":"3 Darklings","floor":43,"turns":3},{"damage":6,"enemies":"4 Shapes","floor":45,"turns":2},{"damage":0,"enemies":"2 Orb Walkers","floor":46,"turns":2},{"damage":0,"enemies":"Giant Head","floor":48,"turns":4},{"damage":0,"enemies":"Maw","floor":49,"turns":5},{"damage":49,"enemies":"downfall:Silent","floor":50,"turns":4},{"damage":0,"enemies":"downfall:CharBossMerchant","floor":52,"turns":5},{"damage":90,"enemies":"downfall:NeowBoss","floor":55,"turns":22}],"seed_played":"5556573076359061660","potions_obtained":[{"floor":13,"key":"Slimebound:ThreeZeroPotion"},{"floor":15,"key":"Weak Potion"},{"floor":16,"key":"Explosive Potion"},{"floor":20,"key":"FearPotion"},{"floor":23,"key":"LiquidMemories"},{"floor":28,"key":"Guardian:BlockOnCardUsePotion"},{"floor":31,"key":"jedi:tentaclejuice"},{"floor":32,"key":"CultistPotion"},{"floor":33,"key":"sneckomod:MuddlingPotion"},{"floor":36,"key":"champ:OpenerPotion"},{"floor":40,"key":"LiquidMemories"}],"is_trial":false,"path_per_floor":["R","M","?","M","?","E","T","R","?","$","R","E","M","M","M","B",null,"R","M","M","$","M","M","T","$","?","R","E","M","?","M","M","B",null,"R","M","M","M","?","M","T","R","M","R","M","?","R","E","M","B",null,"E","$","R","B",null],"character_chosen":"THE_CHAMP","items_purchased":["Vajra","MerchantsRug","Lantern","champ:FocusedGladiator","Medical Kit","LiquidBronze"],"campfire_rested":8,"item_purchase_floors":[10,10,21,25,53,53],"current_hp_per_floor":[90,90,90,90,90,90,90,90,90,90,90,84,84,84,84,80,90,90,90,90,90,90,90,90,89,71,95,65,61,61,83,83,86,95,95,89,95,95,95,95,95,105,105,105,101,101,105,105,105,56,105,105,105,105,23],"gold":569,"neow_bonus":"THREE_ENEMY_KILL","is_daily":false,"chose_seed":false,"campfire_upgraded":1,"win_rate":0.0,"timestamp":1608772436,"path_taken":["R","M","?","M","?","E","T","R","?","$","R","E","M","M","M","BOSS","R","M","M","$","M","M","T","?","?","R","E","M","?","M","M","BOSS","R","M","M","M","?","M","T","R","M","R","?","?","R","E","M","BOSS","E","$","R","BOSS"],"items_purchased_type":["Relic","Relic","Relic","Card","Relic","Potion"],"build_version":"2020-12-22","purchased_purges":0,"victory":true,"max_hp_per_floor":[90,90,90,90,90,90,90,90,90,90,90,90,90,90,90,90,90,90,90,90,90,90,90,90,90,95,95,95,95,95,95,95,95,95,95,95,95,95,95,95,95,105,105,105,105,105,105,105,105,105,105,105,105,105,105],"relic_stats":{"counters":[32,114],"Mummified Hand":[48],"War Paint":[],"Cursed Key":1,"MawBank":60,"Medical Kit":[2],"obtain_stats":[{"MerchantsRug":10,"Lantern":21,"StuffTheSpire:Barrel":30,"downfall:HeartBlessingRed":8,"StuffTheSpire:ForceGauntlet":24,"Vajra":10,"champ:ChampionCrown":0,"downfall:HeartsMalice":0,"downfall:HeartBlessingGreen":35,"Hammer of Thor":0,"infinitespire:Beetle Shell":6,"Seething Fire":0,"War Paint":52,"Cursed Key":34,"MawBank":48,"Medical Kit":53,"Mercury Hourglass":7,"Anvil of the Gods":0,"Mummified Hand":12,"champ:DefensiveTrainingManual":28,"downfall:HeartBlessingBlue":42,"Philosopher\u0027s Stone":17,"StuffTheSpire:Nightcore":46},{"MerchantsRug":4,"Lantern":12,"StuffTheSpire:Barrel":17,"downfall:HeartBlessingRed":3,"StuffTheSpire:ForceGauntlet":14,"Vajra":4,"champ:ChampionCrown":0,"downfall:HeartsMalice":0,"downfall:HeartBlessingGreen":20,"Hammer of Thor":0,"infinitespire:Beetle Shell":3,"Seething Fire":0,"War Paint":31,"Cursed Key":20,"MawBank":28,"Medical Kit":31,"Mercury Hourglass":3,"Anvil of the Gods":0,"Mummified Hand":5,"champ:DefensiveTrainingManual":16,"downfall:HeartBlessingBlue":24,"Philosopher\u0027s Stone":9,"StuffTheSpire:Nightcore":27},{"MerchantsRug":4,"Lantern":31,"StuffTheSpire:Barrel":45,"downfall:HeartBlessingRed":0,"StuffTheSpire:ForceGauntlet":37,"Vajra":4,"champ:ChampionCrown":0,"downfall:HeartsMalice":0,"downfall:HeartBlessingGreen":55,"Hammer of Thor":0,"infinitespire:Beetle Shell":0,"Seething Fire":0,"War Paint":92,"Cursed Key":55,"MawBank":78,"Medical Kit":92,"Mercury Hourglass":0,"Anvil of the Gods":0,"Mummified Hand":7,"champ:DefensiveTrainingManual":43,"downfall:HeartBlessingBlue":67,"Philosopher\u0027s Stone":22,"StuffTheSpire:Nightcore":74}],"Mercury Hourglass":[325]},"card_choices":[{"not_picked":["champ:GladiatorsShout","champ:Duel"],"picked":"champ:GladiatorStyle","floor":2},{"not_picked":["champ:BringItOn","champ:TornadoPunch","champ:Circumvent"],"picked":"SKIP","floor":4},{"not_picked":["champ:FlashCut","champ:CrookedStrike"],"picked":"champ:FanOfKnives","floor":6},{"not_picked":["champ:DefensiveShout","champ:Duel"],"picked":"champ:FlashCut","floor":10},{"not_picked":["champ:RecklessLeap","champ:Duel"],"picked":"champ:IronFortress","floor":12},{"not_picked":["champ:StanceDance","champ:DeathBlow"],"picked":"champ:GladiatorsShout","floor":13},{"not_picked":["champ:ViciousMockery","champ:Backstep"],"picked":"champ:BringItOn","floor":14},{"not_picked":["champ:BringItOn","champ:FocusedBerserking"],"picked":"champ:Circumvent","floor":15},{"not_picked":["champ:StrikeOfGenius","champ:IgnorePain"],"picked":"champ:VampiricStrike","floor":16},{"not_picked":["champ:Haymaker+1","champ:RecklessLeap+1"],"picked":"champ:Encircle+1","floor":19},{"not_picked":["champ:Circumvent","champ:Backstep+1"],"picked":"champ:RisingSlash","floor":20},{"not_picked":["champ:RapidStrikes","champ:FocusedBerserking"],"picked":"champ:CrownThrow","floor":21},{"not_picked":["champ:ArenaPreparation","champ:IronFortress"],"picked":"champ:DeathBlow","floor":22},{"not_picked":["champ:PerfectedStrike","champ:BerserkersShout","champ:GutPunch"],"picked":"SKIP","floor":23},{"not_picked":["champ:DefensiveStyle","champ:PreciseThrust+1"],"picked":"champ:ViciousMockery","floor":25},{"not_picked":["champ:RecklessLeap","champ:StanceDance"],"picked":"champ:PreciseThrust","floor":28},{"not_picked":["champ:EndlessRage","champ:PerfectedStrike"],"picked":"champ:BladeFlurry","floor":29},{"not_picked":["champ:BladeFlurry+1","champ:GladiatorsShout+1","champ:FightOn"],"picked":"SKIP","floor":31},{"not_picked":["champ:SkillfulDodge+1","champ:AdrenalArmor+1"],"picked":"champ:PreciseThrust+1","floor":32},{"not_picked":["champ:HeavySlash","champ:CheapShot"],"picked":"champ:MurderStrike","floor":33},{"not_picked":["champ:FlashCut","champ:BerserkersShout","champ:EndlessRage+1"],"picked":"SKIP","floor":36},{"not_picked":["champ:GutPunch+1","champ:IronFortress+1","champ:BringItOn"],"picked":"SKIP","floor":37},{"not_picked":["champ:SkillfulDodge+1","champ:GladiatorsShout","champ:TornadoPunch"],"picked":"SKIP","floor":38},{"not_picked":["champ:EndlessRage+1","champ:RapidStrikes","champ:CalledShot"],"picked":"SKIP","floor":40},{"not_picked":["champ:GladiatorsShout","champ:Circumvent","champ:TornadoPunch+1"],"picked":"SKIP","floor":43},{"not_picked":["champ:HeavySlash","champ:GladiatorsShout+1","champ:PreciseThrust"],"picked":"SKIP","floor":45},{"not_picked":["champ:BladeFlurry","champ:HeartStrike","champ:Backstep+1"],"picked":"SKIP","floor":48},{"not_picked":["champ:PerfectedStrike+1","champ:RapidStrikes+1","champ:AdrenalArmor"],"picked":"SKIP","floor":49},{"not_picked":["champ:RisingSlash+1","champ:BringItOn+1","champ:FalseCounter+1"],"picked":"SKIP","floor":52}],"player_experience":455623,"relics_obtained":[{"floor":6,"key":"infinitespire:Beetle Shell"},{"floor":7,"key":"Mercury Hourglass"},{"floor":12,"key":"Mummified Hand"},{"floor":24,"key":"StuffTheSpire:ForceGauntlet"},{"floor":28,"key":"champ:DefensiveTrainingManual"},{"floor":30,"key":"StuffTheSpire:Barrel"},{"floor":46,"key":"StuffTheSpire:Nightcore"},{"floor":48,"key":"MawBank"},{"floor":52,"key":"War Paint"}],"event_choices":[{"damage_healed":0,"gold_gain":0,"player_choice":"Fight","damage_taken":0,"max_hp_gain":0,"max_hp_loss":0,"event_name":"Mysterious Sphere","floor":46,"gold_loss":0}],"is_beta":false,"boss_relics":[{"not_picked":["Runic Pyramid","SlaversCollar"],"picked":"Philosopher\u0027s Stone"},{"not_picked":["jedi:paperlyon","Velvet Choker"],"picked":"Cursed Key"}],"items_purged_floors":[],"is_endless":false,"potions_floor_spawned":[13,15,16,20,23,28,31,32,33,36,37,40,43,49],"ascension_level":0}}