{"host":"oeh4wb93hhtrshvk","time":1608804027,"event":{"mods":["2.2 Compatiblity","AchievementEnabler","Act Like it!","Aspiration","BaseMod","Better Skull","Better Third Choice","Block Reminder","Card Filter","Colored Powertips","Conspire","Curses Come First","Defuse TimeMaze Blight","Displayed Cursed Tome","Downfall","Energized Spire","GifTheSpireLib","Hermit","Hubris","Infinite Spire","Marisa????????","Minty Spire (QoL Compilation)","Pale of the Ancients","Quick Restart","Rare Cards Sparkle","Relic Filter","Replay The Spire","Shop Mod","Spicy Shops","StSLib","The Blue Laboratory","The Cursed","The Disciple","Transform Curses","Wandering Minibosses","vexMod"],"gold_per_floor":[116,116,116,116,131,157,157,192,192,207,207,221,239,258,258,358,358,373,373,373,373,373],"floor_reached":20,"playtime":1425,"items_purged":[],"score":184,"play_id":"a5f8aad2-a0ff-4059-9695-03e82e10a1ae","local_time":"20201224110027","daily_mods":["Heirloom","DeadlyEvents"],"is_ascension_mode":false,"campfire_choices":[{"data":"champ:PerfectedStrike","floor":7,"key":"SMITH"},{"data":"champ:IgnorePain","floor":11,"key":"SMITH"},{"data":"champ:Taunt","floor":15,"key":"SMITH"}],"circlet_count":0,"master_deck":["champ:Strike","champ:Strike","champ:Strike","champ:Strike","champ:Defend","champ:Defend","champ:Defend","champ:Defend","champ:Taunt+1","champ:PerfectedStrike+1","champ:ArenaPreparation","champ:FaceSlap","champ:Riposte","champ:FlashCut","champ:IgnorePain+1","champ:RisingSlash","champ:BerserkerStyle+1","champ:DancingMaster+1"],"relics":["champ:ChampionCrown","aspiration:HatOfInfinitePower","Bottled Flame","Frozen Egg 2","Vajra","Strawberry","Replay:PocketPolymizer","aspiration:PoetsPen","conspire:Flyswatter"],"acts_visited":["Exordium","TheCity"],"potions_floor_usage":[8,16,16,20],"damage_taken":[{"damage":4,"enemies":"Cultist","floor":1,"turns":5},{"damage":8,"enemies":"Small Slimes","floor":5,"turns":2},{"damage":42,"enemies":"Lagavulin","floor":6,"turns":9},{"damage":8,"enemies":"Gremlin Nob","floor":8,"turns":3},{"damage":5,"enemies":"2 Louse","floor":10,"turns":1},{"damage":5,"enemies":"Blue Slaver","floor":12,"turns":2},{"damage":0,"enemies":"2 Fungi Beasts","floor":13,"turns":2},{"damage":0,"enemies":"Looter","floor":14,"turns":1},{"damage":40,"enemies":"Fading Forest","floor":16,"turns":11},{"damage":72,"enemies":"Spheric Guardian","floor":18,"turns":6},{"damage":62,"enemies":"Gremlin Leader","floor":20,"turns":2}],"seed_played":"-487963372257084715","potions_obtained":[{"floor":6,"key":"Strength Potion"},{"floor":12,"key":"SkillPotion"},{"floor":14,"key":"blueLaboratory:NullPotion"},{"floor":16,"key":"SteroidPotion"}],"is_trial":true,"path_per_floor":["M","T","?","?","M","E","R","E","T","M","R","M","M","M","R","B",null,"M","T","E"],"character_chosen":"THE_CHAMP","items_purchased":[],"campfire_rested":0,"item_purchase_floors":[],"current_hp_per_floor":[86,86,86,86,83,51,51,55,55,55,55,55,55,55,55,39,97,60,60,0,0,0],"gold":373,"neow_bonus":"","is_daily":false,"chose_seed":false,"campfire_upgraded":3,"win_rate":0.0,"timestamp":1608804027,"path_taken":["M","?","?","?","M","E","R","E","T","M","R","M","M","?","R","BOSS","M","?","?"],"items_purchased_type":[],"build_version":"2020-12-22","purchased_purges":0,"victory":false,"max_hp_per_floor":[90,90,90,90,90,90,90,97,97,97,97,97,97,97,97,97,97,97,97,97,97,97],"card_choices":[{"not_picked":["champ:BerserkersShout","champ:Haymaker"],"picked":"champ:PerfectedStrike","floor":1},{"not_picked":["champ:GutPunch","champ:BringItOn"],"picked":"champ:ArenaPreparation","floor":5},{"not_picked":["champ:Lariat","champ:BerserkerStyle+1"],"picked":"champ:FaceSlap","floor":6},{"not_picked":["champ:Encircle","champ:Backstep"],"picked":"champ:Riposte","floor":8},{"not_picked":["champ:DefensiveShout","champ:FanOfKnives"],"picked":"champ:FlashCut","floor":10},{"not_picked":["champ:FanOfKnives","champ:Haymaker"],"picked":"champ:RisingSlash","floor":12},{"not_picked":["champ:EnGarde","champ:GutPunch","champ:FocusedDefense"],"picked":"SKIP","floor":13},{"not_picked":["champ:BerserkersShout","champ:Haymaker","champ:BringItOn"],"picked":"SKIP","floor":14},{"not_picked":["champ:VampiricStrike","champ:HeavySlash"],"picked":"champ:DancingMaster+1","floor":16},{"not_picked":["champ:DefensiveStyle+1","champ:TornadoPunch","champ:CrookedStrike"],"picked":"SKIP","floor":18}],"player_experience":628969,"relics_obtained":[{"floor":2,"key":"Bottled Flame"},{"floor":6,"key":"Vajra"},{"floor":8,"key":"Strawberry"},{"floor":9,"key":"Replay:PocketPolymizer"},{"floor":19,"key":"conspire:Flyswatter"}],"event_choices":[],"is_beta":false,"boss_relics":[{"not_picked":["Busted Crown","Replay:Wanted Poster"],"picked":"aspiration:PoetsPen"}],"items_purged_floors":[],"is_endless":false,"potions_floor_spawned":[6,12,14,16],"killed_by":"Gremlin Leader","ascension_level":0}}