{"host":"fhq3k2nq5elnbks3","time":1608843914,"event":{"mods":["2.2 Compatiblity","AchievementEnabler","Act Like it!","AlwaysNeverKeys","Aspiration","Astrologer","Bard","BaseMod","Better Altar","Better Vampires","Better-Laid Plans","Block Reminder","CCEM","CapriCore","Card Filter","Colored Powertips","Conspire","Displayed Cursed Tome","Downfall","Ekko","Energized Spire","Fireblade Mod","Friendly Minions","FutureSeer","GifTheSpireLib","Gremlin Mod","Gremlin Skip","Hermit","HololiveMod","Hunter ??","Infinite Spire","Ironclad Rager","Jorbs\u0027s Wanderer Trilogy","Koishi","Mad Scientist","Magitek Elite","Marisa????????","Mathemortician","Minty Spire (QoL Compilation)","Onozuka Komachi Mod","Pale of the Ancients","Permanent Neow","Prisma Mod","Quick Restart","Reimu??????","Relic Filter","Replay The Spire","Robot Space Explorer","Shop Mod","Somnambulant","Spikes Relics","StSLib","Stuff the Spire","SuperFastMode","The Blackbeard","The Cursed","The Death Knight","The Druid","The Exordian Avenger","The Gatherer","The Hierophant","The Marked","The Necromancer","The Runesmith","The Servant 0.9.4","The Trickster","The Valiant","The Wild Card","TheBandit","Trackpad","Transform Curses","Uncapped","Unknown Chances","Wandering Minibosses","Yuri Mod","thorton","vexMod"],"gold_per_floor":[115,115,133,133,151,151,163,163,163,163,196,196,246,257,257,354,354,372,387,397,32,162,162,195,215,215,235,235,251,251,267,267,267,267],"floor_reached":33,"playtime":2239,"items_purged":[],"score":323,"play_id":"2e7827f1-f0b5-4712-8763-afa518fbadae","local_time":"20201224150514","is_ascension_mode":false,"campfire_choices":[{"data":"theTrickster:UpThePace","floor":6,"key":"SMITH"},{"data":"theTrickster:SmokeOfConfusion","floor":8,"key":"SMITH"},{"data":"theTrickster:DaringSlash","floor":10,"key":"SMITH"},{"data":"theTrickster:FancyCape","floor":15,"key":"SMITH"},{"data":"theTrickster:BackStep","floor":23,"key":"SMITH"},{"data":"theTrickster:Defend_Brown","floor":28,"key":"SMITH"},{"data":"theTrickster:Defend_Brown","floor":30,"key":"SMITH"},{"data":"theTrickster:Defend_Brown","floor":32,"key":"SMITH"}],"circlet_count":0,"master_deck":["theTrickster:Strike_Brown+1","theTrickster:Strike_Brown+1","theTrickster:Strike_Brown+1","theTrickster:Strike_Brown+1","theTrickster:Strike_Brown+1","theTrickster:Defend_Brown+1","theTrickster:Defend_Brown","theTrickster:Defend_Brown","theTrickster:Defend_Brown+1","theTrickster:Defend_Brown+1","theTrickster:DaringSlash+1","theTrickster:BackStep+1","theTrickster:SmokeOfConfusion+1","theTrickster:UpThePace+1","theTrickster:FancyCape+1"],"relics":["theTrickster:OpticalIllusionRelic","BloodPhial","aspiration:BabyByrd","Garlic","infinitespire:Bottled Soul","Frozen Egg 2","Sandwich","MerchantsRug","Akabeko","Replay:Rubber Ducky","Ice Cream","Replay:Bottled Eggs"],"acts_visited":["Exordium","TheCity"],"potions_floor_usage":[16],"damage_taken":[{"damage":0,"enemies":"conspire:RoseBush","floor":1,"turns":3},{"damage":0,"enemies":"Jaw Worm","floor":3,"turns":4},{"damage":0,"enemies":"Small Slimes","floor":5,"turns":3},{"damage":5,"enemies":"Exordium Wildlife","floor":7,"turns":4},{"damage":0,"enemies":"3 Sentries","floor":11,"turns":8},{"damage":3,"enemies":"Lots of Slimes","floor":13,"turns":4},{"damage":1,"enemies":"Exordium Thugs","floor":14,"turns":5},{"damage":64,"enemies":"Hexaghost","floor":16,"turns":13},{"damage":1,"enemies":"2 Thieves","floor":18,"turns":4},{"damage":0,"enemies":"Shell Parasite","floor":19,"turns":4},{"damage":7,"enemies":"Centurion and Healer","floor":20,"turns":6},{"damage":3,"enemies":"Snecko","floor":22,"turns":7},{"damage":6,"enemies":"conspire:Head Lice","floor":24,"turns":3},{"damage":0,"enemies":"Sentry and Sphere","floor":25,"turns":4},{"damage":0,"enemies":"Snake Plant","floor":27,"turns":2},{"damage":0,"enemies":"Shelled Parasite and Fungi","floor":29,"turns":3},{"damage":0,"enemies":"Centurion and Healer","floor":31,"turns":2},{"damage":0,"enemies":"Champ","floor":33,"turns":5}],"seed_played":"-7817764409176838026","potions_obtained":[{"floor":1,"key":"Explosive Potion"},{"floor":14,"key":"Cursed Concoction"},{"floor":16,"key":"Guardian:BlockOnCardUsePotion"},{"floor":18,"key":"sneckomod:MuddlingPotion"},{"floor":24,"key":"PowerPotion"},{"floor":25,"key":"theTrickster:PresciencePotion"},{"floor":29,"key":"DuplicationPotion"}],"is_trial":false,"path_per_floor":["M","?","M","T","M","R","M","R","T","R","E","?","M","M","R","B",null,"M","M","M","$","M","R","E","M","T","M","R","M","R","M","R","B"],"character_chosen":"THE_TRICKSTER","items_purchased":["MerchantsRug","Akabeko","Replay:Rubber Ducky"],"campfire_rested":0,"item_purchase_floors":[21,21,21],"current_hp_per_floor":[75,75,75,75,75,75,70,70,70,70,70,75,72,71,71,17,80,80,80,74,74,75,75,73,75,75,77,77,80,80,80,80,80,80],"gold":267,"neow_bonus":"NOSTALGIA","is_daily":false,"chose_seed":false,"campfire_upgraded":8,"win_rate":0.0,"timestamp":1608843914,"path_taken":["M","?","M","?","M","R","M","R","T","R","E","?","M","M","R","BOSS","M","M","M","$","M","R","E","M","T","M","R","M","R","M","R","BOSS"],"items_purchased_type":["Relic","Relic","Relic"],"build_version":"2020-12-22","purchased_purges":0,"victory":false,"max_hp_per_floor":[75,75,75,75,75,75,75,75,75,75,75,80,80,80,80,80,80,80,80,80,80,80,80,80,80,80,80,80,80,80,80,80,80,80],"card_choices":[{"not_picked":["theTrickster:RampingUpDefend","theTrickster:SwiftSlash"],"picked":"theTrickster:SmokeOfConfusion","floor":1},{"not_picked":["theTrickster:DivingSlice","theTrickster:StudiedSnipe"],"picked":"theTrickster:UpThePace","floor":3},{"not_picked":["theTrickster:ThickVest","theTrickster:Practice","theTrickster:BetterSafe"],"picked":"SKIP","floor":5},{"not_picked":["theTrickster:TrickyDefend","theTrickster:SwiftSlash","theTrickster:BetterSafe"],"picked":"SKIP","floor":7},{"not_picked":["theTrickster:TrickyDefend","theTrickster:SwiftSlash","theTrickster:BetterSafe"],"picked":"SKIP","floor":7},{"not_picked":["theTrickster:RampingUpStrike","theTrickster:KillThemAll+1","theTrickster:BattlePlan"],"picked":"SKIP","floor":11},{"not_picked":["theTrickster:SmokeAndMirrors","theTrickster:NickAndSkid","theTrickster:Parry"],"picked":"SKIP","floor":13},{"not_picked":["theTrickster:StopTheBleeding+1","theTrickster:Frenzy"],"picked":"theTrickster:FancyCape","floor":14},{"not_picked":["theTrickster:DebilitatingShot+1","theTrickster:ImpulsiveDefend","theTrickster:RecklessShot"],"picked":"SKIP","floor":18},{"not_picked":["theTrickster:EnhancingDrug+1","theTrickster:TacticalStrike","theTrickster:DivingSlice"],"picked":"SKIP","floor":19},{"not_picked":["theTrickster:OminousSmile","theTrickster:TrickyDefend","theTrickster:SuperiorTactics+1"],"picked":"SKIP","floor":20},{"not_picked":["theTrickster:SharpBlade","theTrickster:Frenzy+1","theTrickster:EnhancingDrug+1"],"picked":"SKIP","floor":22},{"not_picked":["theTrickster:CreateAnOpening","theTrickster:TrickyDefend+1","theTrickster:KillThemAll+1"],"picked":"SKIP","floor":24},{"not_picked":["theTrickster:LightTrick","theTrickster:FirstAidKit+1","theTrickster:HandGrenade+1"],"picked":"SKIP","floor":25},{"not_picked":["theTrickster:Audacity","theTrickster:ImpulsiveDefend","theTrickster:RampingUpDefend"],"picked":"SKIP","floor":27},{"not_picked":["theTrickster:LightTrick","theTrickster:OminousSmile+1","theTrickster:RampingUpStrike"],"picked":"SKIP","floor":29},{"not_picked":["theTrickster:SharpBlade","theTrickster:StudiedSnipe","theTrickster:CautiousManeuver+1"],"picked":"SKIP","floor":31}],"player_experience":470336,"relics_obtained":[{"floor":4,"key":"Garlic"},{"floor":9,"key":"infinitespire:Bottled Soul"},{"floor":11,"key":"Frozen Egg 2"},{"floor":24,"key":"Ice Cream"},{"floor":26,"key":"Replay:Bottled Eggs"}],"event_choices":[{"damage_healed":0,"gold_gain":0,"player_choice":"Donut","damage_taken":0,"max_hp_gain":5,"max_hp_loss":0,"event_name":"Big Fish","floor":12,"gold_loss":0}],"is_beta":false,"boss_relics":[{"not_picked":["theTrickster:AncientPicklesRelic","ReplayTheSpireMod:DimensionalGlitch"],"picked":"Sandwich"}],"items_purged_floors":[],"is_endless":false,"potions_floor_spawned":[1,14,16,18,24,25,29],"killed_by":"Champ","ascension_level":0}}