{"host":"7o30bgpqouqblh42","time":1608850993,"event":{"mods":["AchievementEnabler","Aspiration","BaseMod","Colored Map","Downfall","Highlight Path","Minty Spire (QoL Compilation)","StSLib","SuperFastMode"],"gold_per_floor":[99,99,99,99,116,7,32,42,69,54,71,97,22,122,135,135,135,135],"floor_reached":16,"playtime":1125,"items_purged":[],"score":113,"play_id":"30d6bd28-7c7c-4250-96ca-b6402d41e59d","local_time":"20201224180313","is_ascension_mode":true,"campfire_choices":[{"floor":1,"key":"RECALL"},{"floor":13,"key":"REST"}],"circlet_count":0,"master_deck":["Slimebound:Strike_Slimebound","Slimebound:Strike_Slimebound","Slimebound:Tackle","Slimebound:Defend_Slimebound","Slimebound:Defend_Slimebound","Slimebound:Defend_Slimebound","Slimebound:Split","Slimebound:CorrosiveSpit","Injury","Prepared+1","Slice","Burst+1","Slimebound:MegaLick+1","Slimebound:Replication+1","Slimebound:HauntingLick+1","Slimebound:RollThrough","Slimebound:Prepare+1","Slimebound:LivingWall+1","Slimebound:ItLooksTasty","Slimebound:ProtectTheBoss"],"relics":["Slimebound:AbsorbEndCombat","Toxic Egg 2","Strawberry","Matryoshka","downfall:HeartBlessingRed"],"acts_visited":["Exordium"],"potions_floor_usage":[],"damage_taken":[{"damage":7,"enemies":"Small Slimes","floor":5,"turns":3},{"damage":14,"enemies":"downfall:FleeingMerchant","floor":6,"turns":4},{"damage":20,"enemies":"Jaw Worm","floor":8,"turns":2},{"damage":9,"enemies":"downfall:FleeingMerchant","floor":10,"turns":4},{"damage":0,"enemies":"2 Louse","floor":11,"turns":2},{"damage":36,"enemies":"Gremlin Nob","floor":12,"turns":4},{"damage":9,"enemies":"Exordium Thugs","floor":15,"turns":3},{"damage":68,"enemies":"downfall:Defect","floor":16,"turns":6}],"seed_played":"-1524430105949869196","potions_obtained":[{"floor":8,"key":"Ancient Potion"},{"floor":15,"key":"FearPotion"}],"is_trial":false,"path_per_floor":["R","?","?","?","M","$","T","M","T","$","M","E","R","?","M","B"],"character_chosen":"SLIMEBOUND","items_purchased":["Slimebound:HauntingLick+1","Slimebound:RollThrough"],"campfire_rested":1,"item_purchase_floors":[6,6],"current_hp_per_floor":[42,42,60,60,60,59,66,57,57,54,58,32,52,52,55,0,0,0],"gold":135,"neow_bonus":"RANDOM_COLORLESS_2","is_daily":false,"chose_seed":false,"campfire_upgraded":0,"win_rate":0.0,"timestamp":1608850993,"path_taken":["R","?","?","?","M","?","T","M","?","$","?","E","R","?","M","BOSS"],"items_purchased_type":["Card","Card"],"build_version":"2020-12-22","purchased_purges":0,"victory":false,"max_hp_per_floor":[60,60,60,60,60,60,67,67,67,67,67,67,67,67,67,67,67,67],"card_choices":[{"not_picked":["Transmutation","Metamorphosis"],"picked":"The Bomb","floor":0},{"not_picked":["Slimebound:SamplingLick+1","Slimebound:FinishingTackle"],"picked":"Slimebound:MegaLick+1","floor":5},{"not_picked":["Slimebound:ServeAndProtect+1","Slimebound:Teamwork+1"],"picked":"Slimebound:Replication+1","floor":6},{"not_picked":["Slimebound:Gluttony","Slimebound:SlimeSpikes+1"],"picked":"Slimebound:Prepare+1","floor":8},{"not_picked":["Slimebound:RainOfGoop+1","Slimebound:SplitMire+1"],"picked":"Slimebound:LivingWall+1","floor":10},{"not_picked":["Slimebound:PressTheAttack","Slimebound:FirmFortitude"],"picked":"Slimebound:ItLooksTasty","floor":11},{"not_picked":["Slimebound:GoopSpray+1","Slimebound:LeechingTouch"],"picked":"Slimebound:ProtectTheBoss","floor":12},{"not_picked":["Slimebound:SplitAcid+1","Slimebound:ComboTackle","Slimebound:LevelUp"],"picked":"SKIP","floor":15}],"player_experience":137316,"relics_obtained":[{"floor":7,"key":"Strawberry"},{"floor":12,"key":"Matryoshka"}],"event_choices":[{"damage_healed":20,"gold_gain":0,"player_choice":"Banana","damage_taken":0,"max_hp_gain":0,"max_hp_loss":0,"event_name":"Big Fish","floor":3,"gold_loss":0}],"is_beta":false,"boss_relics":[],"items_purged_floors":[],"is_endless":false,"potions_floor_spawned":[8,15],"killed_by":"downfall:Defect","ascension_level":3}}