{"host":"f0gxws6q92fbc64a","time":1608821346,"event":{"mods":["BaseMod","Minty Spire (QoL Compilation)","Quick Restart"],"gold_per_floor":[111,30,45,195,206,240,240,22,47,80,95,109,109,121,121,195,195,214,184,109,109,129,129,161,161,185,185,185],"floor_reached":27,"playtime":880,"items_purged":["Doubt"],"score":542,"play_id":"f3b4d1cd-6e44-494f-9003-047eb93e9edb","local_time":"20201224154906","is_ascension_mode":true,"campfire_choices":[{"data":"Entrench","floor":15.0,"key":"SMITH"},{"floor":23,"key":"REST"},{"floor":25,"key":"REST"}],"circlet_count":0,"master_deck":["AscendersBane","Strike_R+1","Strike_R","Strike_R","Strike_R","Defend_R+1","Defend_R","Defend_R+1","Defend_R","Bash+1","Clothesline","Disarm","Pummel","Flex","Limit Break+1","Entrench+1","Shockwave","Inflame","Flex","Whirlwind","Demon Form","CurseOfTheBell","Shrug It Off","Shrug It Off"],"relics":["Burning Blood","FossilizedHelix","War Paint","Whetstone","Mummified Hand","Calling Bell","Potion Belt","Singing Bowl","Ginger","Nunchaku","Orichalcum"],"acts_visited":["TheCity"],"potions_floor_usage":[27],"damage_taken":[{"damage":0.0,"enemies":"Cultist","floor":1.0,"turns":3.0},{"damage":2.0,"enemies":"2 Louse","floor":3.0,"turns":4.0},{"damage":0.0,"enemies":"Jaw Worm","floor":5.0,"turns":2.0},{"damage":18.0,"enemies":"Gremlin Nob","floor":6.0,"turns":5.0},{"damage":37.0,"enemies":"3 Sentries","floor":10.0,"turns":10.0},{"damage":0.0,"enemies":"Blue Slaver","floor":11.0,"turns":6.0},{"damage":5.0,"enemies":"Gremlin Gang","floor":12.0,"turns":5.0},{"damage":8.0,"enemies":"2 Fungi Beasts","floor":14.0,"turns":4.0},{"damage":0.0,"enemies":"Slime Boss","floor":16.0,"turns":8.0},{"damage":25.0,"enemies":"Chosen","floor":18.0,"turns":5.0},{"damage":20.0,"enemies":"2 Thieves","floor":19.0,"turns":4.0},{"damage":27,"enemies":"Shelled Parasite and Fungi","floor":22,"turns":7},{"damage":43,"enemies":"Gremlin Leader","floor":24,"turns":5},{"damage":39,"enemies":"3 Cultists","floor":27,"turns":6}],"seed_played":"8361767713514726968","potions_obtained":[{"floor":5.0,"key":"FearPotion"},{"floor":6.0,"key":"SpeedPotion"},{"floor":14.0,"key":"Regen Potion"},{"floor":16.0,"key":"FairyPotion"},{"floor":18.0,"key":"SpeedPotion"}],"is_trial":false,"path_per_floor":["M","$","M","?","M","E","?","$","T","E","M","M","?","M","R","B",null,"M","M","?","?","M","R","E","R","T","M"],"character_chosen":"IRONCLAD","items_purchased":["Disarm","AttackPotion","Entrench"],"campfire_rested":2,"item_purchase_floors":[2,8,8],"current_hp_per_floor":[68,68,68,68,68,56,61,61,61,30,36,37,37,35,35,56,69,50,38,38,17,25,49,12,36,36,0,0],"gold":185,"neow_bonus":"ONE_RARE_RELIC","is_daily":false,"chose_seed":false,"campfire_upgraded":1,"win_rate":0.0,"timestamp":1608821346,"path_taken":["M","?","M","?","M","E","?","?","T","E","?","M","?","M","R","BOSS","M","M","?","?","M","R","E","R","T","M"],"items_purchased_type":["Card","Potion","Card"],"build_version":"2020-12-22","purchased_purges":1,"victory":false,"max_hp_per_floor":[68,68,68,68,68,68,73,73,73,73,73,73,73,73,73,73,73,73,75,75,80,82,82,82,82,82,82,82],"card_choices":[{"not_picked":["Wild Strike","Rupture"],"picked":"Clothesline","floor":1.0},{"not_picked":["Reckless Charge","Wild Strike"],"picked":"Pummel","floor":3.0},{"not_picked":["Burning Pact","Body Slam"],"picked":"Flex","floor":5.0},{"not_picked":["Body Slam","Seeing Red"],"picked":"Limit Break","floor":6.0},{"not_picked":["Twin Strike","Heavy Blade"],"picked":"Shockwave","floor":10.0},{"not_picked":["Anger","Pummel"],"picked":"Inflame","floor":11.0},{"not_picked":["Sever Soul","Perfected Strike"],"picked":"Flex","floor":12.0},{"not_picked":["Wild Strike","Heavy Blade"],"picked":"Whirlwind","floor":14.0},{"not_picked":["Double Tap","Feed"],"picked":"Demon Form","floor":16.0},{"not_picked":["Iron Wave","Sentinel"],"picked":"Shrug It Off","floor":18.0},{"not_picked":["Dual Wield","Twin Strike","Thunderclap"],"picked":"Singing Bowl","floor":19.0},{"not_picked":["Warcry+1","Combust","Body Slam"],"picked":"Singing Bowl","floor":22},{"not_picked":["Berserk","Havoc"],"picked":"Shrug It Off","floor":24}],"player_experience":211899,"relics_obtained":[{"floor":6.0,"key":"War Paint"},{"floor":9.0,"key":"Whetstone"},{"floor":10.0,"key":"Mummified Hand"},{"floor":17.0,"key":"Potion Belt"},{"floor":17.0,"key":"Singing Bowl"},{"floor":17.0,"key":"Ginger"},{"floor":24,"key":"Nunchaku"},{"floor":26,"key":"Orichalcum"}],"event_choices":[{"damage_healed":0.0,"max_hp_gain":0.0,"max_hp_loss":0.0,"gold_gain":150.0,"event_name":"Liars Game","player_choice":"AGREE","floor":4.0,"gold_loss":0.0,"damage_taken":0.0,"cards_obtained":["Doubt"]},{"damage_healed":0.0,"max_hp_gain":5.0,"max_hp_loss":0.0,"gold_gain":0.0,"event_name":"Big Fish","player_choice":"Donut","floor":7.0,"gold_loss":0.0,"damage_taken":0.0},{"damage_healed":0.0,"max_hp_gain":0.0,"max_hp_loss":0.0,"gold_gain":0.0,"event_name":"Living Wall","player_choice":"Grow","floor":13.0,"gold_loss":0.0,"damage_taken":0.0,"cards_upgraded":["Limit Break"]},{"cards_removed":["Strike_R"],"damage_healed":0.0,"max_hp_gain":0.0,"max_hp_loss":0.0,"gold_gain":0.0,"event_name":"Beggar","player_choice":"Gave Gold","floor":20.0,"gold_loss":75.0,"damage_taken":0.0},{"damage_healed":0.0,"max_hp_gain":5.0,"max_hp_loss":0.0,"gold_gain":0.0,"event_name":"Forgotten Altar","player_choice":"Shed Blood","floor":21.0,"gold_loss":0.0,"damage_taken":26.0}],"is_beta":false,"boss_relics":[{"not_picked":["SacredBark","Black Blood"],"picked":"Calling Bell"}],"items_purged_floors":[8],"is_endless":false,"potions_floor_spawned":[5,6,14,16,18],"killed_by":"3 Cultists","ascension_level":17}}