{"host":"so437kwitdq4epbi","time":1608800161,"event":{"mods":["AchievementEnabler","BaseMod","Decade(王小明)","Lobotomy","LobotomyExtend","Minty Spire (QoL Compilation)","Quick Restart","Replay The Spire","StSLib","The Bladedancer","The Necromancer","Yuyuko","[IsaacMod]以撒尖塔","vexMod"],"gold_per_floor":[110,120,132,149,164,164,197,213,213,213,213,227,1,34,34,130,796,814,829,267,277,295,295,339,354,354,373,373,398,360,386,386,486,486,486,486],"floor_reached":35,"playtime":4524,"items_purged":["Mercenary","CENSORED"],"score":763,"play_id":"4bc12e6a-73bb-4323-ac8d-eb9347035d5c","local_time":"20201224165601","is_ascension_mode":false,"campfire_choices":[{"data":"KamenRideKuuga","floor":6.0,"key":"SMITH"},{"data":"RideBooker_Skill_1","floor":15.0,"key":"SMITH"},{"data":"NMDAZYYGL","floor":23,"key":"SMITH"},{"data":"Kuuga_GouramAttack","floor":32,"key":"SMITH"}],"circlet_count":0,"master_deck":["Decade_Attack+1","Decade_Attack+1","Decade_Attack","Decade_Attack","KamenRide","Decade_SpecialSkill","Decade_Defend","Decade_Defend","Decade_Defend","Decade_Defend","UnarmedAttack7","DecadeViolentEmotion","KamenRideRyuki","RideBooker_Skill_1+1","KamenRideKuuga+1","OldLady","Decade_Dash2","AutoVajin","KamenRideKiva","KamenRideDecade","KamenRideBlade","RideBooker_Skill_1","QueenOfHatred","Dragreder","NMDAZYYGL+1","KamenRideAgito","Decade_Defend3","RideBooker+1","Kuuga_GouramAttack+1","RideBooker_Skill_1","DragShield","Kabuto_ClockUp","Blade_Mach+1","AutoVajin","KamenRideDenO","Blade_Metal+1","Decade_Illusion","Kuuga_Rising","Kabuto_ClockUp"],"relics":["Decadriver","TOEIDeficitBill","HushsDoor","UnicornStump","CogitoBucket","LetterFromLob","Onion Ring","LuminousBracelet","Replay:Mystery Machine","InkBottle","vexMod:RockOfEvil","BloodDonationMachine","Membership Card","vexMod:BarristanHead","Centennial Puzzle","YumHeart","vexMod:BigBerry","Damocles"],"acts_visited":["Exordium","TheCity","TheBeyond"],"potions_floor_usage":[29],"damage_taken":[{"damage":0.0,"enemies":"2 Louse","floor":1.0,"turns":1.0},{"damage":8.0,"enemies":"Jaw Worm","floor":2.0,"turns":3.0},{"damage":0.0,"enemies":"Cultist","floor":3.0,"turns":2.0},{"damage":3.0,"enemies":"2 Fungi Beasts","floor":4.0,"turns":3.0},{"damage":0.0,"enemies":"3 Louse","floor":5.0,"turns":2.0},{"damage":4.0,"enemies":"3 Sentries","floor":7.0,"turns":4.0},{"damage":8.0,"enemies":"Looter","floor":8.0,"turns":7.0},{"damage":12.0,"enemies":"Blue Slaver","floor":12.0,"turns":4.0},{"damage":0.0,"enemies":"Lagavulin","floor":14.0,"turns":4.0},{"damage":2.0,"enemies":"Hexaghost","floor":16.0,"turns":7.0},{"damage":59,"enemies":"Chosen","floor":18,"turns":6},{"damage":113,"enemies":"Spheric Guardian","floor":19,"turns":6},{"damage":10,"enemies":"Snecko","floor":21,"turns":5},{"damage":0,"enemies":"Cultist and Chosen","floor":22,"turns":3},{"damage":30,"enemies":"Book of Stabbing","floor":24,"turns":6},{"damage":0,"enemies":"3 Cultists","floor":25,"turns":2},{"damage":23,"enemies":"Shelled Parasite and Fungi","floor":27,"turns":7},{"damage":36,"enemies":"Slavers","floor":29,"turns":4},{"damage":0,"enemies":"Snecko","floor":31,"turns":2},{"damage":8,"enemies":"Pondfish","floor":33,"turns":8},{"damage":0,"enemies":"Orb Walker","floor":35,"turns":1}],"seed_played":"-1129192273861388610","potions_obtained":[{"floor":1.0,"key":"LifebloodPotion"},{"floor":12.0,"key":"Adrenaline Potion"},{"floor":16.0,"key":"ColorlessPotion"},{"floor":21,"key":"BlessingOfTheForge"},{"floor":29,"key":"PowerPotion"}],"is_trial":false,"path_per_floor":["M","M","M","M","M","R","E","M","T","?","?","M","$","E","R","B",null,"M","M","$","M","M","R","E","M","T","M","?","E","$","M","R","B",null,"M"],"character_chosen":"Decade","items_purchased":["Replay:Mystery Machine","BloodDonationMachine","Membership Card","FormRideJack","Damocles"],"campfire_rested":0,"item_purchase_floors":[13,20,20,30,34],"current_hp_per_floor":[70,67,67,64,64,64,70,82,82,65,65,70,70,85,85,75,75,60,52,52,66,75,75,57,67,67,75,75,67,67,72,72,75,95,95,95],"gold":486,"neow_bonus":"","is_daily":false,"chose_seed":false,"campfire_upgraded":4,"win_rate":0.0,"timestamp":1608800161,"path_taken":["M","M","M","M","M","R","E","M","T","?","?","M","$","E","R","BOSS","M","M","$","M","M","R","E","M","T","M","?","E","$","M","R","BOSS","M"],"items_purchased_type":["Relic","Relic","Relic","Card","Relic"],"build_version":"2020-12-22","purchased_purges":2,"victory":false,"max_hp_per_floor":[70,70,70,70,70,70,70,85,85,85,85,85,85,85,85,75,75,75,75,75,75,75,75,75,75,75,75,75,75,75,75,75,75,95,95,95],"card_choices":[{"not_picked":[],"picked":"Bomb","floor":0.0},{"not_picked":["KamenRideDenO","Blade_Beat"],"picked":"UnarmedAttack7","floor":1.0},{"not_picked":["DenO_Sword","FormRide"],"picked":"DecadeViolentEmotion","floor":2.0},{"not_picked":["RideBooker","Blade_Kick"],"picked":"KamenRideRyuki","floor":3.0},{"not_picked":["Blade_Kick","FormRideTitan"],"picked":"RideBooker_Skill_1","floor":3.0},{"not_picked":["Bomb","RideBooker_Skill_1"],"picked":"KamenRideKuuga","floor":4.0},{"not_picked":["DreamingCurrent","CherryBlossoms"],"picked":"OldLady","floor":5.0},{"not_picked":["PrometheusPower","UnarmedAttack7"],"picked":"Decade_Dash2","floor":5.0},{"not_picked":["Blade_Beat","FormRideTitan"],"picked":"AutoVajin","floor":7.0},{"not_picked":["FairyFestival","PunishingBird"],"picked":"Mercenary","floor":8.0},{"not_picked":["Decade_Defend2","Blade_Metal"],"picked":"KamenRideKiva","floor":8.0},{"not_picked":["Blade_Metal","KamenRideKiva"],"picked":"KamenRideDecade","floor":8.0},{"not_picked":["MHz","SpiderBud"],"picked":"CENSORED","floor":12.0},{"not_picked":["Hibiki_Attack1","Decade_Dash2"],"picked":"KamenRideBlade","floor":12.0},{"not_picked":["FormRideStorm","UnarmedAttack1"],"picked":"RideBooker_Skill_1","floor":12.0},{"not_picked":["WallGazer","Alriune"],"picked":"QueenOfHatred","floor":14.0},{"not_picked":["TimeVent","DragClaw"],"picked":"Dragreder","floor":14.0},{"not_picked":["UnarmedAttack9","Kabuto_ClockUp"],"picked":"NMDAZYYGL","floor":16.0},{"not_picked":["FormRide","Decade_Invisible"],"picked":"KamenRideAgito","floor":18},{"not_picked":["UnarmedAttack7","FormRideDogga"],"picked":"Decade_Defend3","floor":19},{"not_picked":["FormRideGaruru","KamenRideKuuga"],"picked":"RideBooker+1","floor":21},{"not_picked":["UnarmedAttack5","UnarmedAttack7"],"picked":"Kuuga_GouramAttack","floor":21},{"not_picked":["PhotonAcceleration","Decade_Dash1"],"picked":"RideBooker_Skill_1","floor":22},{"not_picked":["Decade_Dash2","Blade_Mach"],"picked":"DragShield","floor":22},{"not_picked":["Blade_Slash","FormRideGaruru"],"picked":"Kabuto_ClockUp","floor":24},{"not_picked":["KamenRideKuuga","Hibiki_Attack1+1"],"picked":"Blade_Mach+1","floor":24},{"not_picked":["UnarmedAttack6+1","DenO_Ax"],"picked":"AutoVajin","floor":25},{"not_picked":["FormRideBasshaa","Blade_Slash"],"picked":"KamenRideDenO","floor":25},{"not_picked":["RideBooker","KamenRideKuuga"],"picked":"Blade_Metal+1","floor":29},{"not_picked":["Kiva_Eat","RideBooker_Skill_2+1"],"picked":"Decade_Illusion","floor":31},{"not_picked":["DenO_Climax","Kiva_Swallow"],"picked":"Kuuga_Rising","floor":33},{"not_picked":["Kiva_Eat","TimeVent"],"picked":"Kabuto_ClockUp","floor":33}],"player_experience":77447,"relics_obtained":[{"floor":1.0,"key":"LetterFromLob"},{"floor":7.0,"key":"Onion Ring"},{"floor":14.0,"key":"InkBottle"},{"floor":24,"key":"vexMod:BarristanHead"},{"floor":26,"key":"Centennial Puzzle"},{"floor":29,"key":"YumHeart"}],"event_choices":[{"damage_healed":0.0,"max_hp_gain":0.0,"max_hp_loss":0.0,"gold_gain":0.0,"event_name":"Shining Light","player_choice":"Entered Light","floor":10.0,"gold_loss":0.0,"damage_taken":17.0,"cards_upgraded":["Decade_Attack","Decade_Attack"]}],"is_beta":false,"boss_relics":[{"not_picked":["Velvet Choker","vexMod:MysteryBossChallenge"],"picked":"vexMod:RockOfEvil"},{"not_picked":[]},{"not_picked":["Empty Cage","Astrolabe"],"picked":"vexMod:BigBerry"},{"not_picked":[]}],"items_purged_floors":[13,20],"is_endless":false,"potions_floor_spawned":[1,12,16,21,25,29,31,33],"killed_by":"Orb Walker","ascension_level":0}}