{"host":"reretk0dz0kj8f1n","time":1608816918,"event":{"mods":["Arknights The Spire","BaseMod","Colored Map","Minty Spire (QoL Compilation)","StSLib"],"gold_per_floor":[109,109,128,140,155,189,189,208,235,235,235,235,235],"floor_reached":12,"playtime":477,"items_purged":[],"score":80,"play_id":"5a22613c-6bb9-4019-a9fd-934c98d709db","local_time":"20201224223518","is_ascension_mode":false,"campfire_choices":[{"floor":7,"key":"REST"},{"data":"ats:Neurotoxin","floor":10,"key":"SMITH"}],"circlet_count":0,"master_deck":["ats:Strike C","ats:Strike G","ats:Strike S","ats:Strike V","ats:Armor Crushing Shot","ats:Defend","ats:Defend","ats:Defend","ats:Defend","ats:Emotion Absorption","ats:Neurotoxin+1","Injury","Flash of Steel","ats:Poison Spread","ats:Assault Order","ats:Flexible Camouflage","ats:Roar Of Ursus","ats:Song Of Battle"],"relics":["ats:Sanity","NeowsBlessing","ats:Originium","Shuriken","Bag of Marbles"],"acts_visited":["Exordium"],"potions_floor_usage":[5,12],"damage_taken":[{"damage":0,"enemies":"2 Louse","floor":1,"turns":1},{"damage":0,"enemies":"Cultist","floor":3,"turns":1},{"damage":0,"enemies":"Jaw Worm","floor":4,"turns":1},{"damage":0,"enemies":"Lots of Slimes","floor":5,"turns":2},{"damage":63,"enemies":"Gremlin Nob","floor":6,"turns":6},{"damage":0,"enemies":"Exordium Wildlife","floor":8,"turns":4},{"damage":35,"enemies":"3 Sentries","floor":12,"turns":4}],"seed_played":"5528368691362622239","potions_obtained":[{"floor":4,"key":"Explosive Potion"},{"floor":6,"key":"ats:Top Emergency Sanity Potion"},{"floor":8,"key":"Explosive Potion"}],"is_trial":false,"path_per_floor":["M","?","M","M","M","E","R","M","T","R","?","E"],"character_chosen":"DOCTOR_CLASS","items_purchased":[],"campfire_rested":1,"item_purchase_floors":[],"current_hp_per_floor":[72,72,72,72,72,9,30,30,30,30,30,0,0],"gold":235,"neow_bonus":"THREE_ENEMY_KILL","is_daily":false,"chose_seed":false,"campfire_upgraded":1,"win_rate":0.0,"timestamp":1608816918,"path_taken":["M","?","?","M","M","E","R","M","T","R","?","E"],"items_purchased_type":[],"build_version":"2020-12-22","purchased_purges":0,"victory":false,"max_hp_per_floor":[72,72,72,72,72,72,72,72,72,72,72,72,72],"card_choices":[{"not_picked":["ats:Leaping Hammer","ats:Soul Absorption"],"picked":"ats:Neurotoxin","floor":1},{"not_picked":["ats:Ignite","ats:Hammer On"],"picked":"ats:Poison Spread","floor":3},{"not_picked":["ats:Hammer On","ats:Curse Doll"],"picked":"ats:Assault Order","floor":4},{"not_picked":["ats:Assault Order","ats:Childhood Dance"],"picked":"ats:Flexible Camouflage","floor":5},{"not_picked":["ats:Explosion Area Strengthen","ats:Apocalypse"],"picked":"ats:Roar Of Ursus","floor":6},{"not_picked":["ats:Childhood Dance","ats:Assault Order"],"picked":"ats:Song Of Battle","floor":8}],"player_experience":229540,"relics_obtained":[{"floor":6,"key":"ats:Originium"},{"floor":6,"key":"Shuriken"},{"floor":9,"key":"Bag of Marbles"}],"event_choices":[{"damage_healed":0,"gold_gain":0,"player_choice":"2 cards matched","damage_taken":0,"max_hp_gain":0,"max_hp_loss":0,"event_name":"Match and Keep!","floor":2,"gold_loss":0,"cards_obtained":["Injury","Flash of Steel"]},{"damage_healed":0,"gold_gain":0,"player_choice":"Bought 0 Potions","damage_taken":0,"max_hp_gain":0,"max_hp_loss":0,"event_name":"The Woman in Blue","floor":11,"gold_loss":0}],"is_beta":false,"boss_relics":[],"items_purged_floors":[],"is_endless":false,"potions_floor_spawned":[4,6,8],"killed_by":"3 Sentries","ascension_level":0}}