{"host":"ejwrda5cjllq8zfn","time":1608819661,"event":{"mods":["2.2 Compatiblity","Act Like it!","Astrologer","BaseMod","Challenge The Spire","Colored Map","Colored Powertips","Defuse TimeMaze Blight","Energized Spire","Hermit","Highlight Path","Hubris","Infinite Spire","Lobotomy","Mad Scientist","Marisa????????","Minty Spire (QoL Compilation)","Random Character Button","Replay The Spire","StSLib","SuperFastMode","The Bladedancer","The Cursed","The Gatherer","The Jungle","The Mystic","The Spell Scribe","Unceasing Turn Reminder","vexMod"],"gold_per_floor":[110,110,26371,26447,26462,26462,26492,26506,26560,26560,26560],"floor_reached":10,"playtime":346,"items_purged":["hermit:Strike_Hermit"],"score":141,"play_id":"58b03e3a-5de9-4932-a557-189e43964ca7","local_time":"20201224152101","is_ascension_mode":false,"campfire_choices":[{"data":"hermit:BigShot","floor":6,"key":"SMITH"}],"circlet_count":0,"master_deck":["hermit:Strike_Hermit","hermit:Strike_Hermit","hermit:Defend_Hermit","hermit:Defend_Hermit","hermit:Defend_Hermit","hermit:Defend_Hermit","hermit:Snapshot","hermit:Covet","MeatLantern","hermit:HighCaliber","hermit:BigShot+1","hermit:Headshot","hermit:BigShot","hermit:Headshot","DespairKnight","hermit:Enervate","LittleHelper","hermit:GoldenBullet","hermit:Headshot","FieryBird"],"relics":["hermit:Momento","CogitoBucket","hubris:SlimyHat","hubris:64BitClover","Orrery","Juzu Bracelet"],"acts_visited":["Exordium"],"potions_floor_usage":[8],"damage_taken":[{"damage":2,"enemies":"Small Slimes","floor":1,"turns":4},{"damage":0,"enemies":"2 Louse","floor":5,"turns":2},{"damage":18,"enemies":"3 Sentries","floor":7,"turns":4},{"damage":0,"enemies":"Jaw Worm","floor":8,"turns":2},{"damage":58,"enemies":"Lagavulin","floor":10,"turns":4}],"seed_played":"3721976519667497400","potions_obtained":[{"floor":5,"key":"FearPotion"},{"floor":7,"key":"Weak Potion"}],"is_trial":false,"path_per_floor":["M","?","$","?","M","R","E","M","T","E"],"character_chosen":"HERMIT","items_purchased":["hubris:SlimyHat","hermit:BigShot","hubris:64BitClover","Orrery"],"campfire_rested":0,"item_purchase_floors":[3,3,3,3],"current_hp_per_floor":[73,73,73,73,73,73,55,55,55,0,0],"gold":26560,"neow_bonus":"","is_daily":false,"chose_seed":false,"campfire_upgraded":1,"win_rate":0.0,"timestamp":1608819661,"path_taken":["M","?","$","?","M","R","E","M","T","E"],"items_purchased_type":["Relic","Card","Relic","Relic"],"build_version":"2020-12-22","purchased_purges":1,"victory":false,"max_hp_per_floor":[75,75,75,75,75,75,75,75,75,75,75],"card_choices":[{"not_picked":["CherryBlossoms","Yin"],"picked":"MeatLantern","floor":1},{"not_picked":["hermit:DeadMansHand","hermit:Dive"],"picked":"hermit:HighCaliber","floor":1},{"not_picked":["hermit:Adapt","hermit:Desperado"],"picked":"hermit:Headshot","floor":3},{"not_picked":["hermit:Roulette","hermit:BodyArmor"],"picked":"hermit:BigShot","floor":3},{"not_picked":["hermit:WideOpen","hermit:Dive"],"picked":"hermit:Headshot","floor":3},{"not_picked":["FairyFestival","Woodsman"],"picked":"DespairKnight","floor":5},{"not_picked":["hermit:Roulette","hermit:Adapt"],"picked":"hermit:Enervate","floor":5},{"not_picked":["UniverseFragment","Yin"],"picked":"LittleHelper","floor":7},{"not_picked":["hermit:TakeCover","hermit:Roulette"],"picked":"hermit:GoldenBullet","floor":7},{"not_picked":["hermit:CursedWeapon","hermit:Desperado"],"picked":"hermit:Headshot","floor":8},{"not_picked":["UniverseFragment","WallGazer"],"picked":"FieryBird","floor":8}],"player_experience":167511,"relics_obtained":[{"floor":9,"key":"Juzu Bracelet"}],"event_choices":[{"cards_removed":["hermit:Strike_Hermit"],"damage_healed":0,"gold_gain":0,"player_choice":"Forget","damage_taken":0,"max_hp_gain":0,"max_hp_loss":0,"event_name":"Living Wall","floor":2,"gold_loss":0},{"damage_healed":0,"gold_gain":76,"player_choice":"Gained Gold","damage_taken":0,"max_hp_gain":0,"max_hp_loss":0,"event_name":"Golden Wing","floor":4,"gold_loss":0}],"is_beta":false,"boss_relics":[],"items_purged_floors":[3],"is_endless":false,"potions_floor_spawned":[5,7],"killed_by":"Lagavulin","ascension_level":0}}