{"host":"hfvpa4llnnjpeawn","time":1608792711,"event":{"mods":["2.2 Compatiblity","AchievementEnabler","Act Like it!","Aspiration","Bard","BaseMod","Beaked The Cultist","Better Sensory Stone","Better Skull","Better Third Choice","BetterRewards","CapriCore","Conspire","Downfall","Elementarium","Energized Spire","Hubris","Infinite Spire","Jorbs\u0027s Wanderer Trilogy","Minty Spire (QoL Compilation)","Replay The Spire","Shade Mod","Spicy Shops","StSLib","The Bladedancer","The Factory","The Gatherer","The Jungle","Waifu the Spire","Wandering Minibosses"],"gold_per_floor":[109,109,69,69,85,118,118,118,142,142,160,187,187,11,11,102,102,113,163,599,599,612,643,643,672,672,709,52,168,181,191,191,295,295,311,0,69,81,81,81,111,111,111,145,156,156,156,156,156,156,156,156,16,41,41,41],"floor_reached":55,"playtime":3784,"items_purged":["Regret","Defend_B"],"score":932,"play_id":"6d991d7b-78e2-4128-9461-b45cb9303995","local_time":"20201224015151","is_ascension_mode":true,"campfire_choices":[{"floor":8.0,"key":"REST"},{"data":"Dualcast","floor":10.0,"key":"SMITH"},{"floor":24.0,"key":"REST"},{"data":"Electrodynamics","floor":32.0,"key":"SMITH"},{"floor":40.0,"key":"REST"},{"data":"Fission","floor":42.0,"key":"SMITH"},{"data":"hubris:Fate","floor":47.0,"key":"SMITH"},{"floor":49.0,"key":"RECALL"},{"data":"Biased Cognition","floor":52.0,"key":"SMITH"}],"circlet_count":0,"master_deck":["Strike_B+1","Strike_B","Strike_B","Strike_B","Defend_B","Defend_B","Defend_B+1","Zap+1","Dualcast+1","Heatsinks","Streamline+1","Mirror Shield+1","Streamline+1","Defragment+1","Doom and Gloom+1","White Noise","Static Discharge","Consume","Electrodynamics+1","Fission+1","beaked:WarriorEssence+1","beaked:Ceremony","ReplayTheSpireMod:Wings of Steel+1","Gash+1","beaked:MimicMachine","hubris:Fate+1","Beam Cell","Biased Cognition+1","Regret","Capacitor"],"relics":["Cracked Core","Emotion Chip","Tiny Chest","hubris:Icosahedron","betterThird:SlimedRelic","Incense Burner","Unceasing Top","War Paint","MealTicket","aspiration:HiddenCompartment","Membership Card","hubris:HollowSoul","Replay:Baseball","Bag of Marbles","Whetstone","FossilizedHelix","hubris:SphereOfDissonance","DataDisk","Carrot","Sling","aspiration:HatOfInfinitePower","TheAbacus","Blood Vial","Elementarium:ElementariumTrophy","Replay:Grab Bag","conspire:SlowCooker","hubris:TerracottaHorce","conspire:RunicOctahedron","aspiration:BeakedSkillbook","Elementarium:GoldenMirage","aspiration:FetidBarrel","Shuriken","ReplayTheSpireMod:Lightbulb","Geode","Lee\u0027s Waffle","Pear"],"acts_visited":["Exordium","Exordium","TheBeyond","TheEnding"],"potions_floor_usage":[55],"damage_taken":[{"damage":0.0,"enemies":"Small Slimes","floor":1.0,"turns":3.0},{"damage":3.0,"enemies":"2 Louse","floor":5.0,"turns":2.0},{"damage":14.0,"enemies":"Replay:BlueRogue","floor":6.0,"turns":7.0},{"damage":2.0,"enemies":"conspire:RoseBush","floor":11.0,"turns":2.0},{"damage":49.0,"enemies":"Gremlin Nob","floor":12.0,"turns":6.0},{"damage":34.0,"enemies":"Fading Forest","floor":16.0,"turns":11.0},{"damage":10.0,"enemies":"Elementarium:VoidCorruption","floor":18.0,"turns":5.0},{"damage":0.0,"enemies":"Elementarium:2_ELEMENTALS","floor":22.0,"turns":4.0},{"damage":14.0,"enemies":"Elementarium:WarGolem","floor":23.0,"turns":4.0},{"damage":30.0,"enemies":"Elementarium:ElementalPortal","floor":25.0,"turns":6.0},{"damage":2.0,"enemies":"conspire:MimicChest","floor":27.0,"turns":7.0},{"damage":0.0,"enemies":"Elementarium:RubyGolem","floor":29.0,"turns":2.0},{"damage":2.0,"enemies":"Elementarium:VoidBeast","floor":30.0,"turns":2.0},{"damage":0.0,"enemies":"Elementarium:STONE_GOLEMS","floor":31.0,"turns":2.0},{"damage":0.0,"enemies":"Elementarium:GoldenDragon","floor":33.0,"turns":8.0},{"damage":0.0,"enemies":"3 Shapes","floor":35.0,"turns":1.0},{"damage":35.0,"enemies":"3 Darklings","floor":37.0,"turns":4.0},{"damage":0.0,"enemies":"Spire Growth","floor":38.0,"turns":3.0},{"damage":0.0,"enemies":"Reptomancer","floor":41.0,"turns":5.0},{"damage":6.0,"enemies":"R_Hoarder","floor":44.0,"turns":5.0},{"damage":0.0,"enemies":"Sphere and 2 Shapes","floor":45.0,"turns":2.0},{"damage":0.0,"enemies":"Replay:Hell Engine","floor":50.0,"turns":2.0},{"damage":43,"enemies":"Shield and Spear","floor":54,"turns":5},{"damage":19,"enemies":"The Heart","floor":55,"turns":2}],"seed_played":"4738359361080768508","potions_obtained":[{"floor":6.0,"key":"Fruit Juice"},{"floor":11.0,"key":"Reflective Coating"},{"floor":16.0,"key":"Elixir"},{"floor":29.0,"key":"PotionOfCapacity"},{"floor":30.0,"key":"champ:CounterPotion"},{"floor":33.0,"key":"Reflective Coating"},{"floor":38.0,"key":"Elixir"},{"floor":54,"key":"SneckoOil"}],"is_trial":false,"path_per_floor":["M","?","?","?","M","E","T","R","T","R","M","E","?","$","R","B",null,"M","?","?","T","M","E","R","E","T","?","$","M","M","M","R","B",null,"M","?","M","M","T","R","E","R","T","E","M","AVR","R","?","R","B",null,"R","$","E","B"],"character_chosen":"DEFECT","items_purchased":["Tiny Chest","Membership Card","Streamline","DataDisk","Carrot","Sling","aspiration:HatOfInfinitePower","Slimebound:ThreeZeroPotion","Static Discharge","TheAbacus","Blood Vial","EssenceOfDarkness","Geode","Capacitor","Lee\u0027s Waffle"],"campfire_rested":3,"item_purchase_floors":[0,14,14,28,28,28,28,28,28,28,28,28,53,53,53],"current_hp_per_floor":[59,59,48,48,45,31,31,58,58,58,56,7,7,22,46,12,80,70,70,27,27,27,13,37,7,7,40,55,57,57,59,59,61,75,77,77,45,47,47,71,74,74,74,70,72,72,72,72,72,74,79,79,87,54,0,0],"gold":41,"neow_bonus":"","is_daily":false,"chose_seed":false,"campfire_upgraded":5,"win_rate":0.0,"timestamp":1608792711,"path_taken":["M","?","?","?","M","E","?","R","T","R","M","E","?","$","R","BOSS","M","?","?","?","M","E","R","E","T","?","$","?","M","M","R","BOSS","M","?","M","M","?","R","E","R","T","E","M","AVR","R","?","R","BOSS","R","$","E","BOSS"],"items_purchased_type":["Relic","Relic","Card","Relic","Relic","Relic","Relic","Potion","Card","Relic","Relic","Potion","Relic","Card","Relic"],"build_version":"2020-12-22","purchased_purges":2,"victory":false,"max_hp_per_floor":[75,75,75,75,75,75,75,80,80,80,80,80,80,80,80,80,80,80,80,80,80,80,80,80,80,80,80,80,80,80,80,80,80,80,80,80,80,80,80,80,80,80,80,80,80,80,80,80,80,80,80,80,87,97,97,97],"card_choices":[{"not_picked":["Rebound","Redo"],"picked":"Heatsinks","floor":1.0},{"not_picked":["Turbo","Cold Snap","ReplayTheSpireMod:Repulse"],"picked":"SKIP","floor":5.0},{"not_picked":["Compile Driver","Go for the Eyes","Hello World"],"picked":"SKIP","floor":6.0},{"not_picked":["Beam Cell","Go for the Eyes"],"picked":"Streamline","floor":11.0},{"not_picked":["Hello World","ReplaySolidLightProjector"],"picked":"Mirror Shield","floor":12.0},{"not_picked":["Cold Snap","Redo"],"picked":"Defragment+1","floor":18.0},{"not_picked":["Fusion","Cold Snap","Go for the Eyes"],"picked":"SKIP","floor":22.0},{"not_picked":["Rebound","Hologram"],"picked":"Doom and Gloom+1","floor":23.0},{"not_picked":["ReplayTheSpireMod:Reroute Power","Steam Power+1"],"picked":"White Noise","floor":25.0},{"not_picked":["Hologram","Heatsinks"],"picked":"Consume","floor":29.0},{"not_picked":["Hologram","Turbo","Leap"],"picked":"SKIP","floor":30.0},{"not_picked":["Coolheaded","Turbo"],"picked":"Electrodynamics","floor":31.0},{"not_picked":["Hyperbeam","ReplayRNGCard"],"picked":"Fission","floor":33.0},{"not_picked":["beaked:Insight+1","beaked:Resilience+1","beaked:Cower"],"picked":"beaked:WarriorEssence+1","floor":35.0},{"not_picked":["Steam+1","beaked:Daydream","beaked:TuckingFeathers"],"picked":"beaked:Ceremony","floor":37.0},{"not_picked":["Reinforced Body+1","Compile Driver","beaked:FeelMyPain+1"],"picked":"ReplayTheSpireMod:Wings of Steel+1","floor":38.0},{"not_picked":["Heatsinks+1","beaked:SacrificialScars","beaked:Redirect"],"picked":"Gash+1","floor":41.0},{"not_picked":["Stack","beaked:Tradeoff+1","Ball Lightning","Cold Snap+1"],"picked":"SKIP","floor":44.0},{"not_picked":["beaked:BraceForImpact","beaked:Foresight","beaked:Devastation"],"picked":"beaked:MimicMachine","floor":45.0},{"not_picked":["Steam Power","Darkness+1","beaked:Evade","beaked:CheekyTricks"],"picked":"SKIP","floor":54}],"player_experience":334680,"relics_obtained":[{"floor":6.0,"key":"Unceasing Top"},{"floor":7.0,"key":"War Paint"},{"floor":9.0,"key":"MealTicket"},{"floor":12.0,"key":"aspiration:HiddenCompartment"},{"floor":21.0,"key":"Replay:Baseball"},{"floor":23.0,"key":"Bag of Marbles"},{"floor":25.0,"key":"Whetstone"},{"floor":26.0,"key":"FossilizedHelix"},{"floor":27.0,"key":"hubris:SphereOfDissonance"},{"floor":39.0,"key":"aspiration:FetidBarrel"},{"floor":41.0,"key":"Shuriken"},{"floor":44.0,"key":"ReplayTheSpireMod:Lightbulb"},{"floor":54,"key":"Pear"}],"event_choices":[{"damage_healed":0.0,"max_hp_gain":0.0,"max_hp_loss":0.0,"gold_gain":0.0,"event_name":"betterThird:BetterGoop","player_choice":"Slimed","floor":3.0,"gold_loss":40.0,"damage_taken":11.0},{"damage_healed":0.0,"max_hp_gain":0.0,"max_hp_loss":0.0,"gold_gain":0.0,"event_name":"Big Fish","player_choice":"Box","floor":4.0,"gold_loss":0.0,"damage_taken":0.0,"relics_obtained":["Incense Burner"],"cards_obtained":["Regret"]},{"damage_healed":0.0,"max_hp_gain":0.0,"max_hp_loss":0.0,"gold_gain":0.0,"event_name":"Living Wall","player_choice":"Grow","floor":13.0,"gold_loss":0.0,"damage_taken":0.0,"cards_upgraded":["Mirror Shield"]},{"damage_healed":0.0,"max_hp_gain":0.0,"max_hp_loss":0.0,"gold_gain":50.0,"event_name":"Elementarium:StickySituation","player_choice":"Take","floor":19.0,"gold_loss":0.0,"damage_taken":0.0},{"damage_healed":0.0,"max_hp_gain":0.0,"max_hp_loss":0.0,"gold_gain":436.0,"event_name":"betterSkull:BetterSkull","player_choice":"GO GO GO GO ","floor":20.0,"gold_loss":0.0,"damage_taken":47.0,"cards_upgraded":[],"relics_obtained":[]},{"damage_healed":0.0,"max_hp_gain":0.0,"max_hp_loss":0.0,"gold_gain":0.0,"event_name":"Elementarium:ChestOfTheGoldenMirage","player_choice":"Offer","floor":36.0,"gold_loss":311.0,"damage_taken":0.0,"relics_obtained":["Elementarium:GoldenMirage"]},{"damage_healed":0.0,"max_hp_gain":0.0,"max_hp_loss":0.0,"gold_gain":0.0,"event_name":"Match and Keep!","player_choice":"2 cards matched","floor":48.0,"gold_loss":0.0,"damage_taken":0.0,"cards_obtained":["Beam Cell","Biased Cognition"]}],"is_beta":false,"boss_relics":[{"not_picked":["SacredBark","Coffee Dripper"],"picked":"hubris:HollowSoul"},{"not_picked":["hubris:Stopwatch","Inserter"],"picked":"Replay:Grab Bag"},{"not_picked":["Replay:Fungal Core","beaked:MawFillet"],"picked":"conspire:SlowCooker"},{"not_picked":["hubris:GrandSneckoEye","ReplayTheSpireMod:Onyx Gauntlets"],"picked":"hubris:TerracottaHorce"},{"not_picked":["Runic Pyramid","aspiration:RunicSpoon"],"picked":"conspire:RunicOctahedron"},{"not_picked":["Snecko Eye","Kintsugi"],"picked":"aspiration:BeakedSkillbook"}],"items_purged_floors":[28,28],"is_endless":false,"potions_floor_spawned":[6,11,16,29,30,33,38,41,45,54],"killed_by":"The Heart","ascension_level":1}}