{"host":"czen9m7c7ttmirt2","time":1608794175,"event":{"mods":["AchievementEnabler","BaseMod","Better Third Choice","Colored Map","Colored Powertips","Conspire","Hubris","Minty Spire (QoL Compilation)","Replay The Spire","StSLib"],"gold_per_floor":[109,121,121,121,121,121,14,56,83,97,197,197,212,228,228,347,347,363,382,186,210,226,266,266,339,339,354,354,370,385,385,385,509,509,528,552,552,552,570,594,594,594],"floor_reached":41,"playtime":1885,"items_purged":[],"score":493,"play_id":"6e2dece2-7bef-4cb9-afc9-9bd7c12fade7","local_time":"20201224011615","is_ascension_mode":true,"campfire_choices":[{"floor":6.0,"key":"RECALL"},{"floor":12.0,"key":"REST"},{"data":"Defragment","floor":24.0,"key":"SMITH"},{"floor":32.0,"key":"REST"}],"circlet_count":0,"master_deck":["Strike_B+1","Strike_B+1","Strike_B+1","Strike_B+1","Defend_B+1","Defend_B+1","Defend_B+1","Defend_B+1","Zap","Dualcast","Chill","Defragment+1","hubris:PowerSurge","Ball Lightning","Defragment+1","ReplayTheSpireMod:Omega Cannon","Cold Snap","conspire:SharedLibrary","Glacier+1","ReplayTheSpireMod:Dual Polarity","Rebound+1","Redo+1","Mayhem","Heatsinks+1","Double Energy","Barrage+1","BasicCrystalCard+1","Storm","FTL","Machine Learning","Streamline","Coolheaded+1","Defragment+1","Hello World","Reinforced Body","Thunder Strike","hubris:PowerSurge+1","Leap+1","Skim+1","FIFO Queue","Sweeping Beam+1","Fusion+1","Coolheaded+1","Streamline+1"],"relics":["Cracked Core","Golden Idol","Bag of Preparation","Philosopher\u0027s Stone","Prayer Wheel","ReplayFunnel","Pen Nib","Smiling Mask","hubris:VirtuousBlindfold"],"acts_visited":["Exordium","TheCity","TheBeyond"],"potions_floor_usage":[],"damage_taken":[{"damage":0.0,"enemies":"Cultist","floor":1.0,"turns":4.0},{"damage":0.0,"enemies":"Small Slimes","floor":2.0,"turns":3.0},{"damage":25.0,"enemies":"conspire:MimicChest","floor":8.0,"turns":7.0},{"damage":0.0,"enemies":"2 Louse","floor":10.0,"turns":2.0},{"damage":6.0,"enemies":"Blue Slaver","floor":13.0,"turns":3.0},{"damage":0.0,"enemies":"2 Fungi Beasts","floor":14.0,"turns":1.0},{"damage":19.0,"enemies":"Fading Forest","floor":16.0,"turns":11.0},{"damage":7.0,"enemies":"Chosen","floor":18.0,"turns":6.0},{"damage":0.0,"enemies":"3 Byrds","floor":19.0,"turns":2.0},{"damage":0.0,"enemies":"Sentry and Sphere","floor":21.0,"turns":5.0},{"damage":18.0,"enemies":"Snecko","floor":22.0,"turns":4.0},{"damage":17.0,"enemies":"Gremlin Leader","floor":23.0,"turns":5.0},{"damage":0.0,"enemies":"Snake Plant","floor":27.0,"turns":5.0},{"damage":7.0,"enemies":"Shelled Parasite and Fungi","floor":29.0,"turns":5.0},{"damage":0.0,"enemies":"3 Cultists","floor":30.0,"turns":3.0},{"damage":23.0,"enemies":"Pondfish","floor":33.0,"turns":9.0},{"damage":28.0,"enemies":"3 Shapes","floor":35.0,"turns":3.0},{"damage":0.0,"enemies":"3 Darklings","floor":36.0,"turns":3.0},{"damage":0.0,"enemies":"Maw","floor":39.0,"turns":4.0},{"damage":29.0,"enemies":"Spire Growth","floor":40.0,"turns":3.0},{"damage":35,"enemies":"Reptomancer","floor":41,"turns":2}],"seed_played":"-9134391102585282531","potions_obtained":[{"floor":2.0,"key":"BlessingOfTheForge"},{"floor":8.0,"key":"Block Potion"},{"floor":10.0,"key":"SpeedPotion"},{"floor":22.0,"key":"SpeedPotion"},{"floor":25.0,"key":"Reflective Coating"},{"floor":27.0,"key":"Toxic Potion"},{"floor":30.0,"key":"Block Potion"}],"is_trial":false,"path_per_floor":["M","M","?","?","?","R","$","?","T","M","?","R","M","M","R_BF","B",null,"M","M","$","M","M","E","R","?","T","M","?","M","M","?","R","B",null,"M","M","$","?","M","M","E"],"character_chosen":"DEFECT","items_purchased":["hubris:PowerSurge","Ball Lightning","Mayhem"],"campfire_rested":2,"item_purchase_floors":[7,7,20],"current_hp_per_floor":[82,82,87,66,66,66,66,41,41,41,41,67,61,61,61,42,87,80,80,80,80,62,45,45,24,24,24,24,17,17,17,43,20,87,59,59,59,59,59,30,0,0],"gold":594,"neow_bonus":"TEN_PERCENT_HP_BONUS","is_daily":false,"chose_seed":false,"campfire_upgraded":1,"win_rate":0.0,"timestamp":1608794175,"path_taken":["M","M","?","?","?","R","?","?","T","?","?","R","M","M","R_BF","BOSS","M","?","$","M","M","E","R","?","T","M","?","M","M","?","R","BOSS","M","M","$","?","M","M","E"],"items_purchased_type":["Card","Card","Card"],"build_version":"2020-12-22","purchased_purges":0,"victory":false,"max_hp_per_floor":[82,82,87,87,87,87,87,87,87,87,87,87,87,87,87,87,87,87,87,87,87,87,87,87,87,87,87,87,87,87,87,87,87,87,87,87,87,83,83,83,83,83],"card_choices":[{"not_picked":["Hologram","Leap"],"picked":"Chill","floor":1.0},{"not_picked":["Coolheaded","Genetic Algorithm"],"picked":"Defragment","floor":2.0},{"not_picked":["Gash","Panic Button"],"picked":"Defragment","floor":8.0},{"not_picked":["hubris:Ukulele","ReplayTheSpireMod:GoodbyeWorld"],"picked":"ReplayTheSpireMod:Omega Cannon","floor":10.0},{"not_picked":["Streamline","Sweeping Beam"],"picked":"Cold Snap","floor":13.0},{"not_picked":["ReplayTheSpireMod:Reroute Power","Steam"],"picked":"Barrage","floor":14.0},{"not_picked":["Core Surge","hubris:SpecializedCircuitry"],"picked":"ReplayTheSpireMod:Fabricate Wheel","floor":16.0},{"not_picked":["Reprogram+1","Streamline+1"],"picked":"Glacier+1","floor":18.0},{"not_picked":["Melter","Steam"],"picked":"ReplayTheSpireMod:Dual Polarity","floor":18.0},{"not_picked":["Stack","Force Field"],"picked":"Rebound+1","floor":19.0},{"not_picked":["Gash","Blizzard"],"picked":"Redo+1","floor":19.0},{"not_picked":["Double Energy","Reinforced Body+1"],"picked":"Heatsinks+1","floor":21.0},{"not_picked":["Melter","ReplayTheSpireMod:GoodbyeWorld"],"picked":"Double Energy","floor":21.0},{"not_picked":["Gash","Redo"],"picked":"Barrage+1","floor":22.0},{"not_picked":["Skim","Time Bomb"],"picked":"BasicCrystalCard+1","floor":22.0},{"not_picked":["Rip and Tear","Coolheaded"],"picked":"Storm","floor":23.0},{"not_picked":["Beam Cell+1","Recycle"],"picked":"FTL","floor":25.0},{"not_picked":["Rebound","Panic Button"],"picked":"Machine Learning","floor":27.0},{"not_picked":["Go for the Eyes+1","ReplayGash"],"picked":"Streamline","floor":27.0},{"not_picked":["ReplaySort","Ball Lightning"],"picked":"Coolheaded+1","floor":29.0},{"not_picked":["Panic Button","Gash"],"picked":"Defragment+1","floor":29.0},{"not_picked":["Steam","Cold Snap"],"picked":"Hello World","floor":30.0},{"not_picked":["Panic Button","Barrage"],"picked":"Reinforced Body","floor":30.0},{"not_picked":["Biased Cognition","Fission"],"picked":"Thunder Strike","floor":33.0},{"not_picked":["Hologram+1","FIFO Queue"],"picked":"hubris:PowerSurge+1","floor":35.0},{"not_picked":["Beam Cell","Double Energy"],"picked":"Leap+1","floor":35.0},{"not_picked":["Aggregate","ReplaySort+1"],"picked":"Skim+1","floor":36.0},{"not_picked":["Streamline","Genetic Algorithm+1"],"picked":"FIFO Queue","floor":36.0},{"not_picked":["Aggregate","ReplaySort"],"picked":"Sweeping Beam+1","floor":39.0},{"not_picked":["ReplayTheSpireMod:GoodbyeWorld+1","Melter+1"],"picked":"Fusion+1","floor":39.0},{"not_picked":["Steam+1","Fusion"],"picked":"Coolheaded+1","floor":40.0},{"not_picked":["ReplayTheSpireMod:Omega Cannon","BasicCrystalCard"],"picked":"Streamline+1","floor":40.0}],"player_experience":190328,"relics_obtained":[{"floor":8.0,"key":"Bag of Preparation"},{"floor":23.0,"key":"ReplayFunnel"},{"floor":25.0,"key":"Pen Nib"},{"floor":26.0,"key":"Smiling Mask"}],"event_choices":[{"damage_healed":0.0,"max_hp_gain":5.0,"max_hp_loss":0.0,"gold_gain":0.0,"event_name":"Big Fish","player_choice":"Donut","floor":3.0,"gold_loss":0.0,"damage_taken":0.0},{"damage_healed":0.0,"max_hp_gain":0.0,"max_hp_loss":0.0,"gold_gain":0.0,"event_name":"Golden Idol","player_choice":"Take Damage","floor":4.0,"gold_loss":0.0,"damage_taken":21.0,"relics_obtained":["Golden Idol"]},{"damage_healed":0.0,"max_hp_gain":0.0,"max_hp_loss":0.0,"gold_gain":0.0,"event_name":"Living Wall","player_choice":"Grow","floor":5.0,"gold_loss":0.0,"damage_taken":0.0,"cards_upgraded":["Defragment"]},{"damage_healed":0.0,"max_hp_gain":0.0,"max_hp_loss":0.0,"gold_gain":100.0,"event_name":"Golden Shrine","player_choice":"Pray","floor":11.0,"gold_loss":0.0,"damage_taken":0.0},{"damage_healed":0.0,"max_hp_gain":0.0,"max_hp_loss":0.0,"gold_gain":0.0,"cards_transformed":["Barrage"],"event_name":"Transmorgrifier","player_choice":"Transformed","floor":15.0,"gold_loss":0.0,"damage_taken":0.0,"cards_obtained":["conspire:SharedLibrary"]},{"damage_healed":0.0,"max_hp_gain":0.0,"max_hp_loss":8.0,"gold_gain":0.0,"event_name":"betterThird:BetterWriting","player_choice":"Simplicity","floor":28.0,"gold_loss":0.0,"damage_taken":0.0},{"damage_healed":0.0,"max_hp_gain":0.0,"max_hp_loss":0.0,"gold_gain":0.0,"event_name":"Vampires","player_choice":"Ignored","floor":31.0,"gold_loss":0.0,"damage_taken":0.0},{"damage_healed":0.0,"max_hp_gain":0.0,"max_hp_loss":4.0,"gold_gain":0.0,"event_name":"Winding Halls","player_choice":"Max HP","floor":38.0,"gold_loss":0.0,"damage_taken":0.0}],"is_beta":false,"boss_relics":[{"not_picked":["Busted Crown","SacredBark"],"picked":"Philosopher\u0027s Stone"},{"not_picked":["Runic Dome","hubris:Backtick"],"picked":"hubris:VirtuousBlindfold"}],"items_purged_floors":[],"is_endless":false,"potions_floor_spawned":[2,8,10,14,22,27,30,33,40],"killed_by":"Reptomancer","ascension_level":3}}