{"host":"qc1sjgtdjonvdsd8","time":1608833220,"event":{"mods":["BaseMod","Colored Map","Colored Powertips","Downfall","Minty Spire (QoL Compilation)","Replay The Spire","StSLib","The Disciple"],"gold_per_floor":[99,99,99,99,47,58,58,71,71,83,83,83,95,109,34,47,63,160,160,160,180,180,197,215,215,215,227,247,264,264,274,299,373,390,486,486,411,430,481,501,501,501,527,539,206,217,217,235,235,262,187,187],"floor_reached":53,"playtime":7609,"items_purged":[],"score":685,"play_id":"d9982171-2340-4ddb-981d-7ed94fe33b93","local_time":"20201224100700","is_ascension_mode":false,"campfire_choices":[{"data":"Guardian:CurlUp","floor":1,"key":"SMITH"},{"data":"Guardian:TimeSifter","floor":15,"key":"SMITH"},{"data":"Guardian:TimeSifter","floor":20,"key":"SMITH"},{"floor":25,"key":"RECALL"},{"data":"Guardian:Harden","floor":37,"key":"SMITH"},{"floor":42,"key":"REST"},{"data":"Guardian:ArmoredProtocol","floor":47,"key":"SMITH"},{"data":"Guardian:SpikerProtocol","floor":51,"key":"SMITH"}],"circlet_count":0,"master_deck":["Guardian:Strike_Guardian","Guardian:Defend_Guardian","Guardian:Defend_Guardian","Guardian:Defend_Guardian","Guardian:CurlUp+1","Guardian:TwinSlam","Guardian:PiercingHide+1","Guardian:ShieldCharger","Guardian:StasisField","Guardian:ChargeCore","Guardian:Planning","Guardian:VentSteam","Guardian:TimeSifter+1","Guardian:Incinerate","Guardian:TimeCapacitor","Guardian:TimeSifter+1","Guardian:AncientConstruct+1","Guardian:DonusPower+1","Guardian:SentryBeam+1","Guardian:SpikerProtocol+1","Guardian:TemporalStrike","Guardian:Harden+1","Guardian:ArmoredProtocol+1","Guardian:Clone","Guardian:SphericShield","CurseOfTheBell","Guardian:EvasiveProtocol","Guardian:BronzeOrb","expansioncontent:YouAreMine","expansioncontent:SuperHexaguard","Guardian:ChargeUp+1","Guardian:BronzeArmor+1","Guardian:ArmoredProtocol+1"],"relics":["Guardian:ModeShifter","downfall:HeartsMalice","downfall:HeartBlessingBlue","Astrolabe","Replay:WaspNest","FaceOfCleric","Red Mask","Blue Candle","Calling Bell","Bronze Scales","Replay:Bottled Steam","Replay:Towering Pillar of Hats","downfall:HeartBlessingRed","Gambling Chip","Anchor","Replay:Baseball","downfall:HeartBlessingGreen"],"acts_visited":["Exordium","TheCity","TheBeyond"],"potions_floor_usage":[13,18,18,18,29,31,32,35,35,44,50,52],"damage_taken":[{"damage":0,"enemies":"Small Slimes","floor":2,"turns":1},{"damage":0,"enemies":"Cultist","floor":4,"turns":1},{"damage":0,"enemies":"downfall:FleeingMerchant","floor":5,"turns":1},{"damage":3,"enemies":"2 Louse","floor":6,"turns":4},{"damage":0,"enemies":"2 Fungi Beasts","floor":8,"turns":5},{"damage":0,"enemies":"Lots of Slimes","floor":10,"turns":5},{"damage":11,"enemies":"Large Slime","floor":13,"turns":6},{"damage":1,"enemies":"Exordium Wildlife","floor":14,"turns":5},{"damage":0,"enemies":"3 Louse","floor":16,"turns":4},{"damage":10,"enemies":"Exordium Thugs","floor":17,"turns":6},{"damage":31,"enemies":"downfall:Ironclad","floor":18,"turns":12},{"damage":0,"enemies":"Chosen","floor":21,"turns":7},{"damage":4,"enemies":"Shell Parasite","floor":23,"turns":5},{"damage":0,"enemies":"3 Cultists","floor":24,"turns":5},{"damage":0,"enemies":"Snake Plant","floor":27,"turns":4},{"damage":15,"enemies":"Shelled Parasite and Fungi","floor":28,"turns":5},{"damage":13,"enemies":"Cultist and Chosen","floor":29,"turns":6},{"damage":34,"enemies":"Snecko","floor":31,"turns":8},{"damage":8,"enemies":"Masked Bandits","floor":32,"turns":4},{"damage":6,"enemies":"Snake Plant","floor":34,"turns":4},{"damage":12,"enemies":"downfall:Watcher","floor":35,"turns":11},{"damage":1,"enemies":"3 Shapes","floor":38,"turns":6},{"damage":45,"enemies":"2 Orb Walkers","floor":39,"turns":5},{"damage":7,"enemies":"3 Darklings","floor":40,"turns":5},{"damage":35,"enemies":"Transient","floor":44,"turns":5},{"damage":3,"enemies":"Spire Growth","floor":46,"turns":8},{"damage":27,"enemies":"Jaw Worm Horde","floor":48,"turns":5},{"damage":14,"enemies":"Giant Head","floor":50,"turns":10},{"damage":11,"enemies":"downfall:Silent","floor":52,"turns":12}],"seed_played":"3305355688749460931","potions_obtained":[{"floor":6,"key":"AttackPotion"},{"floor":8,"key":"sneckomod:MuddlingPotion"},{"floor":10,"key":"Adrenaline Potion"},{"floor":13,"key":"AttackPotion"},{"floor":17,"key":"Adrenaline Potion"},{"floor":21,"key":"BlessingOfTheForge"},{"floor":23,"key":"ColorlessPotion"},{"floor":27,"key":"AttackPotion"},{"floor":31,"key":"champ:CounterPotion"},{"floor":34,"key":"Dexterity Potion"},{"floor":39,"key":"AttackPotion"},{"floor":48,"key":"AttackPotion"},{"floor":50,"key":"SkillPotion"}],"is_trial":false,"path_per_floor":["R","M","?","M","$","M","T","M","?","M","PTL","PTL","M","M","R","M","M","B",null,"R","M","?","M","M","R","T","M","M","M","?","M","?","T","M","B",null,"R","M","?","M","?","R","T","M","?","M","R","M","?","E","R","B",null],"character_chosen":"GUARDIAN","items_purchased":["Guardian:Gem_Red"],"campfire_rested":1,"item_purchase_floors":[5],"current_hp_per_floor":[80,80,80,80,80,77,77,77,77,77,77,77,66,65,75,75,65,34,90,90,90,90,86,86,86,86,86,71,58,58,25,18,18,13,2,94,94,94,50,44,39,68,68,34,110,108,108,82,82,69,69,59],"gold":187,"neow_bonus":"THREE_ENEMY_KILL","is_daily":false,"chose_seed":false,"campfire_upgraded":6,"win_rate":0.0,"timestamp":1608833220,"path_taken":["R","M","?","?","$","M","T","M","?","M","PTL","PTL","M","M","R","M","M","BOSS","R","M","?","M","M","R","T","M","M","M","?","?","?","?","M","BOSS","R","M","?","M","?","R","T","?","?","M","R","M","?","E","R","BOSS"],"items_purchased_type":["Card"],"build_version":"2020-12-22","purchased_purges":0,"victory":true,"max_hp_per_floor":[80,80,80,80,80,80,80,80,80,80,80,80,80,80,90,90,90,90,90,90,90,90,90,90,90,90,90,90,90,90,91,92,92,93,94,94,94,95,96,97,97,97,97,98,110,111,111,112,112,113,113,114],"card_choices":[{"not_picked":["Guardian:Recover","Guardian:GuardianWhirl"],"picked":"Guardian:PiercingHide","floor":2},{"not_picked":["Guardian:TemporalShield","Guardian:CrystalBeam"],"picked":"Guardian:ShieldCharger","floor":4},{"not_picked":["Guardian:GuardianWhirl","Guardian:PrismaticBeam"],"picked":"Guardian:StasisField","floor":5},{"not_picked":["Guardian:PrimingBeam","Guardian:VentSteam"],"picked":"Guardian:ChargeCore","floor":6},{"not_picked":["Guardian:BronzeArmor","Guardian:TemporalStrike"],"picked":"Guardian:Gem_Purple","floor":8},{"not_picked":["Guardian:Suspension","Guardian:PiercingHide"],"picked":"Guardian:Planning","floor":10},{"not_picked":["Guardian:PrismaticBarrier","Guardian:GuardianWhirl"],"picked":"Guardian:VentSteam","floor":13},{"not_picked":["Guardian:ChargeCore","Guardian:Gem_Green"],"picked":"Guardian:TimeSifter","floor":14},{"not_picked":["Guardian:RollAttack","Guardian:ChargeCore"],"picked":"Guardian:Incinerate","floor":16},{"not_picked":["Guardian:MultiBeam","Guardian:WalkerClaw"],"picked":"Guardian:TimeCapacitor","floor":17},{"not_picked":["Guardian:StasisStrike","Guardian:AncientConstruct"],"picked":"Guardian:TimeSifter","floor":18},{"not_picked":["Guardian:Repulse","Guardian:ShieldCharger+1","Guardian:PolyBeam"],"picked":"SKIP","floor":21},{"not_picked":["Guardian:Repulse+1","Guardian:CrystalBeam"],"picked":"Guardian:SpikerProtocol","floor":23},{"not_picked":["Guardian:Gem_Red","Guardian:Gem_Cyan"],"picked":"Guardian:TemporalStrike","floor":24},{"not_picked":["Guardian:Planning+1","Guardian:Gem_Fragmented"],"picked":"Guardian:Harden","floor":27},{"not_picked":["Guardian:Gem_Fragmented","Guardian:GuardianWhirl"],"picked":"Guardian:ArmoredProtocol","floor":28},{"not_picked":["Guardian:Planning","Guardian:ShieldCharger"],"picked":"Guardian:Gem_Synthetic","floor":29},{"not_picked":["Guardian:PrismaticBarrier+1","Guardian:TemporalStrike","Guardian:PrimingBeam"],"picked":"SKIP","floor":31},{"not_picked":["Guardian:CrystalBeam+1","Guardian:Recover"],"picked":"Guardian:Gem_Red","floor":32},{"not_picked":["Guardian:TimeBomb","Guardian:MultiBeam"],"picked":"Guardian:Clone","floor":34},{"not_picked":["Guardian:BaubleBeam","Guardian:TimeSifter"],"picked":"Guardian:SphericShield","floor":35},{"not_picked":["Guardian:TemporalStrike","Guardian:ShieldCharger"],"picked":"Guardian:EvasiveProtocol","floor":38},{"not_picked":["Guardian:MultiBeam","Guardian:PrismaticBeam"],"picked":"Guardian:Gem_Green","floor":39},{"not_picked":["Guardian:TemporalShield+1","Guardian:Gem_Red"],"picked":"Guardian:BronzeOrb","floor":40},{"not_picked":["expansioncontent:GoopSpray","Replay:SS_hec_4"],"picked":"expansioncontent:YouAreMine","floor":41},{"not_picked":["expansioncontent:TimeRipple","expansioncontent:Hexaburn"],"picked":"expansioncontent:SuperHexaguard","floor":41},{"not_picked":["Guardian:Incinerate+1","Guardian:DecasProtection+1"],"picked":"Guardian:ChargeUp+1","floor":44},{"not_picked":["Guardian:PrismaticBeam","Guardian:CrystalBeam","Guardian:Reroute"],"picked":"SKIP","floor":46},{"not_picked":["Guardian:Clone+1","Guardian:SentryBeam+1"],"picked":"Guardian:BronzeArmor+1","floor":48},{"not_picked":["Guardian:PrimingBeam+1","Guardian:CrystalBeam"],"picked":"Guardian:ArmoredProtocol+1","floor":50}],"player_experience":165480,"relics_obtained":[{"floor":26,"key":"Replay:WaspNest"},{"floor":32,"key":"Red Mask"},{"floor":33,"key":"Blue Candle"},{"floor":36,"key":"Bronze Scales"},{"floor":36,"key":"Replay:Bottled Steam"},{"floor":36,"key":"Replay:Towering Pillar of Hats"},{"floor":39,"key":"Gambling Chip"},{"floor":43,"key":"Anchor"},{"floor":50,"key":"Replay:Baseball"}],"event_choices":[{"cards_removed":["Guardian:Strike_Guardian"],"damage_healed":0,"gold_gain":0,"player_choice":"Forget","damage_taken":0,"max_hp_gain":0,"max_hp_loss":0,"event_name":"Living Wall","floor":9,"gold_loss":0},{"damage_healed":0,"gold_gain":0,"player_choice":"Trade","damage_taken":0,"relics_obtained":["FaceOfCleric"],"max_hp_gain":0,"max_hp_loss":0,"event_name":"FaceTrader","floor":30,"gold_loss":0},{"damage_healed":0,"gold_gain":0,"player_choice":"Fought Bandits","damage_taken":0,"max_hp_gain":0,"max_hp_loss":0,"event_name":"Masked Bandits","floor":32,"gold_loss":0},{"damage_healed":0,"gold_gain":0,"player_choice":"Fight","damage_taken":0,"max_hp_gain":0,"max_hp_loss":0,"event_name":"Mysterious Sphere","floor":39,"gold_loss":0}],"is_beta":false,"boss_relics":[{"not_picked":["Runic Dome","Velvet Choker"],"picked":"Astrolabe"},{"not_picked":["Abe\u0027s Treasure","Kintsugi"],"picked":"Calling Bell"}],"items_purged_floors":[],"is_endless":false,"potions_floor_spawned":[6,8,10,13,17,21,23,27,31,34,39,48,50],"ascension_level":0}}