{"host":"fne7yx97fnz7kq05","time":1608788899,"event":{"mods":["BaseMod","Colored Map","Colored Powertips","Highlight Path","Minty Spire (QoL Compilation)","Relic Stats"],"gold_per_floor":[118,134,134,134,25,44,44,69,69,69,81,96,129,141,141,246,246,260,279,279,279,296,296,321,321,321,334,10,22,56,72,72,174,174,194,194,194,204,204,204,234,89,89,117,129,168,180,162,174,186,198,210,9,42,42,42],"floor_reached":55,"playtime":4828,"items_purged":["Thunder Strike","Redo","Fusion"],"score":1035,"play_id":"43bc5c4b-c202-4c07-a649-4b86cad9507a","local_time":"20201223234819","is_ascension_mode":true,"campfire_choices":[{"data":"Chaos","floor":10.0,"key":"SMITH"},{"floor":15.0,"key":"REST"},{"floor":23.0,"key":"REST"},{"floor":25.0,"key":"REST"},{"floor":32.0,"key":"REST"},{"floor":40.0,"key":"RECALL"},{"data":"Madness","floor":49.0,"key":"SMITH"},{"data":"Madness","floor":52.0,"key":"SMITH"}],"circlet_count":0,"master_deck":["Dualcast","Gash","Reinforced Body","Defragment","Sweeping Beam","Chaos+1","Leap","Gash","Ball Lightning","Fission+1","All For One","White Noise","Capacitor","Rip and Tear","Barrage","Doom and Gloom","White Noise+1","Self Repair+1","Conserve Battery","Gash+1","Chaos+1","Barrage+1","Core Surge+1","Hologram+1","Force Field","Skim+1","Go for the Eyes+1","Madness+1","Madness+1","Purity","Lockon+1"],"relics":["Cracked Core","Torii","Dead Branch","Matryoshka","Gremlin Horn","Pandora\u0027s Box","Nilry\u0027s Codex","Juzu Bracelet","Happy Flower","Molten Egg 2","TungstenRod","Omamori","Cursed Key","HornCleat","Oddly Smooth Stone","PreservedInsect","MawBank","Pen Nib","Dream Catcher","White Beast Statue"],"acts_visited":["Exordium","TheCity","TheBeyond","TheEnding"],"potions_floor_usage":[55,55],"damage_taken":[{"damage":2.0,"enemies":"Jaw Worm","floor":1.0,"turns":3.0},{"damage":2.0,"enemies":"2 Louse","floor":2.0,"turns":4.0},{"damage":2.0,"enemies":"Cultist","floor":6.0,"turns":4.0},{"damage":13.0,"enemies":"3 Sentries","floor":8.0,"turns":8.0},{"damage":19.0,"enemies":"Gremlin Gang","floor":11.0,"turns":4.0},{"damage":20.0,"enemies":"Exordium Thugs","floor":12.0,"turns":5.0},{"damage":17.0,"enemies":"Gremlin Nob","floor":13.0,"turns":5.0},{"damage":6.0,"enemies":"Looter","floor":14.0,"turns":3.0},{"damage":12.0,"enemies":"Slime Boss","floor":16.0,"turns":8.0},{"damage":1.0,"enemies":"Spheric Guardian","floor":18.0,"turns":4.0},{"damage":20.0,"enemies":"Shell Parasite","floor":19.0,"turns":5.0},{"damage":20.0,"enemies":"Chosen and Byrds","floor":22.0,"turns":9.0},{"damage":28.0,"enemies":"Gremlin Leader","floor":24.0,"turns":8.0},{"damage":15.0,"enemies":"Centurion and Healer","floor":27.0,"turns":10.0},{"damage":9.0,"enemies":"3 Cultists","floor":29.0,"turns":4.0},{"damage":0.0,"enemies":"Book of Stabbing","floor":30.0,"turns":4.0},{"damage":10.0,"enemies":"Cultist and Chosen","floor":31.0,"turns":5.0},{"damage":23.0,"enemies":"Collector","floor":33.0,"turns":6.0},{"damage":0.0,"enemies":"3 Shapes","floor":35.0,"turns":3.0},{"damage":6.0,"enemies":"Orb Walker","floor":38.0,"turns":3.0},{"damage":0.0,"enemies":"Giant Head","floor":41.0,"turns":7.0},{"damage":0.0,"enemies":"Reptomancer","floor":44.0,"turns":3.0},{"damage":0.0,"enemies":"Giant Head","floor":46.0,"turns":5.0},{"damage":44.0,"enemies":"Donu and Deca","floor":50.0,"turns":6.0},{"damage":34.0,"enemies":"Shield and Spear","floor":54.0,"turns":4.0},{"damage":90,"enemies":"The Heart","floor":55,"turns":8}],"seed_played":"1060339156853455323","potions_obtained":[{"floor":1.0,"key":"Swift Potion"},{"floor":6.0,"key":"Weak Potion"},{"floor":11.0,"key":"Regen Potion"},{"floor":14.0,"key":"LiquidBronze"},{"floor":19.0,"key":"Strength Potion"},{"floor":29.0,"key":"Block Potion"},{"floor":30.0,"key":"Strength Potion"},{"floor":33.0,"key":"GamblersBrew"},{"floor":41.0,"key":"Regen Potion"},{"floor":48.0,"key":"PotionOfCapacity"},{"floor":48.0,"key":"DuplicationPotion"}],"is_trial":false,"path_per_floor":["M","M","?","?","$","M","?","E","T","R","M","M","E","M","R","B",null,"M","M","?","?","M","R","E","R","T","M","$","M","E","M","R","B",null,"M","?","?","M","?","R","E","$","T","E","T","E","?","?","R","B",null,"R","$","E","B"],"character_chosen":"DEFECT","items_purchased":["Defragment","TungstenRod","Conserve Battery","Go for the Eyes+1","Purity"],"campfire_rested":4,"item_purchase_floors":[5,28,28,42,53],"current_hp_per_floor":[66,64,64,69,69,67,67,54,54,54,35,29,12,6,27,15,73,72,52,52,36,16,37,9,30,30,25,25,26,26,16,37,24,73,73,73,73,73,73,73,73,73,73,73,73,73,65,65,65,31,73,73,73,49,0,0],"gold":42,"neow_bonus":"ONE_RARE_RELIC","is_daily":false,"chose_seed":false,"campfire_upgraded":3,"win_rate":0.0,"timestamp":1608788899,"path_taken":["M","M","?","?","?","M","?","E","T","R","M","M","E","?","R","BOSS","M","?","?","?","M","R","E","R","T","M","$","M","E","M","R","BOSS","M","?","?","M","?","R","E","?","T","E","?","E","?","?","R","BOSS","R","$","E","BOSS"],"items_purchased_type":["Card","Relic","Card","Card","Card"],"build_version":"2020-12-22","purchased_purges":3,"victory":false,"max_hp_per_floor":[68,68,68,73,73,73,73,73,73,73,73,73,73,73,73,73,73,73,73,73,73,73,73,73,73,73,73,73,73,73,73,73,73,73,73,73,73,73,73,73,73,73,73,73,73,73,73,73,73,73,73,73,73,73,73,73],"relic_stats":{"Torii":106,"Gremlin Horn":[23,23],"Happy Flower":[22],"counters":[26,138],"Dead Branch":[103],"PreservedInsect":251,"Pen Nib":[9],"Juzu Bracelet":2,"Cursed Key":2,"MawBank":108,"Dream Catcher":0,"Pandora\u0027s Box":["Fusion","All For One","Redo","White Noise","Capacitor","Rip and Tear"],"obtain_stats":[{"Torii":0,"Gremlin Horn":13,"Happy Flower":26,"Nilry\u0027s Codex":21,"Dead Branch":8,"Oddly Smooth Stone":41,"PreservedInsect":43,"Pen Nib":45,"Juzu Bracelet":24,"Omamori":30,"Cursed Key":34,"MawBank":44,"White Beast Statue":54,"Dream Catcher":46,"Matryoshka":9,"HornCleat":36,"Pandora\u0027s Box":17,"Molten Egg 2":26,"Cracked Core":0,"TungstenRod":28},{"Torii":0,"Gremlin Horn":7,"Happy Flower":13,"Nilry\u0027s Codex":11,"Dead Branch":4,"Oddly Smooth Stone":21,"PreservedInsect":21,"Pen Nib":22,"Juzu Bracelet":13,"Omamori":16,"Cursed Key":18,"MawBank":22,"White Beast Statue":25,"Dream Catcher":23,"Matryoshka":4,"HornCleat":19,"Pandora\u0027s Box":9,"Molten Egg 2":13,"Cracked Core":0,"TungstenRod":14},{"Torii":0,"Gremlin Horn":33,"Happy Flower":70,"Nilry\u0027s Codex":53,"Dead Branch":19,"Oddly Smooth Stone":112,"PreservedInsect":112,"Pen Nib":115,"Juzu Bracelet":70,"Omamori":88,"Cursed Key":99,"MawBank":115,"White Beast Statue":130,"Dream Catcher":120,"Matryoshka":19,"HornCleat":102,"Pandora\u0027s Box":44,"Molten Egg 2":70,"Cracked Core":0,"TungstenRod":80}],"TungstenRod":74},"card_choices":[{"not_picked":["Capacitor","Blizzard"],"picked":"Gash","floor":1.0},{"not_picked":["White Noise","Skim"],"picked":"Reinforced Body","floor":2.0},{"not_picked":["Leap","Barrage"],"picked":"Sweeping Beam","floor":6.0},{"not_picked":["Rebound","Cold Snap"],"picked":"Leap","floor":8.0},{"not_picked":["Coolheaded","Heatsinks"],"picked":"Gash","floor":11.0},{"not_picked":["Barrage","Conserve Battery"],"picked":"Ball Lightning","floor":12.0},{"not_picked":["Turbo","Melter","Multi-Cast"],"picked":"SKIP","floor":13.0},{"not_picked":["Barrage","Conserve Battery"],"picked":"Capacitor","floor":14.0},{"not_picked":["Multi-Cast","Machine Learning"],"picked":"Fission","floor":16.0},{"not_picked":["Steam","Streamline"],"picked":"Barrage","floor":18.0},{"not_picked":["BootSequence","Streamline+1"],"picked":"Doom and Gloom","floor":19.0},{"not_picked":["Chill","Auto Shields+1"],"picked":"White Noise+1","floor":22.0},{"not_picked":["Turbo","Blizzard"],"picked":"Self Repair+1","floor":24.0},{"not_picked":["Go for the Eyes+1","Static Discharge","Ball Lightning+1"],"picked":"SKIP","floor":27.0},{"not_picked":["Sweeping Beam+1","Redo"],"picked":"Gash+1","floor":29.0},{"not_picked":["Stack","Go for the Eyes+1"],"picked":"Chaos+1","floor":30.0},{"not_picked":["Redo+1","Ball Lightning+1"],"picked":"Barrage+1","floor":31.0},{"not_picked":["Biased Cognition","All For One+1"],"picked":"Core Surge+1","floor":33.0},{"not_picked":["Steam+1","Rebound+1"],"picked":"Hologram+1","floor":35.0},{"not_picked":["Steam","Double Energy+1"],"picked":"Force Field","floor":38.0},{"not_picked":["Barrage+1","Aggregate"],"picked":"Skim+1","floor":41.0},{"not_picked":["Reinforced Body","Sweeping Beam+1","Coolheaded"],"picked":"SKIP","floor":44.0},{"not_picked":["Streamline+1","Chaos","Scrape+1"],"picked":"SKIP","floor":46.0},{"not_picked":["Barrage+1","Meteor Strike+1"],"picked":"Lockon+1","floor":54.0}],"player_experience":168221,"relics_obtained":[{"floor":8.0,"key":"Dead Branch"},{"floor":9.0,"key":"Matryoshka"},{"floor":13.0,"key":"Gremlin Horn"},{"floor":21.0,"key":"Nilry\u0027s Codex"},{"floor":24.0,"key":"Juzu Bracelet"},{"floor":26.0,"key":"Happy Flower"},{"floor":26.0,"key":"Molten Egg 2"},{"floor":30.0,"key":"Omamori"},{"floor":41.0,"key":"Oddly Smooth Stone"},{"floor":43.0,"key":"PreservedInsect"},{"floor":44.0,"key":"MawBank"},{"floor":45.0,"key":"Pen Nib"},{"floor":46.0,"key":"Dream Catcher"},{"floor":54.0,"key":"White Beast Statue"}],"event_choices":[{"damage_healed":0.0,"max_hp_gain":0.0,"max_hp_loss":0.0,"gold_gain":0.0,"cards_transformed":["Strike_B"],"event_name":"Living Wall","player_choice":"Change","floor":3.0,"gold_loss":0.0,"damage_taken":0.0,"cards_obtained":["Thunder Strike"]},{"damage_healed":0.0,"max_hp_gain":5.0,"max_hp_loss":0.0,"gold_gain":0.0,"event_name":"Big Fish","player_choice":"Donut","floor":4.0,"gold_loss":0.0,"damage_taken":0.0},{"damage_healed":0.0,"max_hp_gain":0.0,"max_hp_loss":0.0,"gold_gain":0.0,"cards_transformed":["Strike_B"],"event_name":"Transmorgrifier","player_choice":"Transformed","floor":7.0,"gold_loss":0.0,"damage_taken":0.0,"cards_obtained":["Chaos"]},{"cards_removed":["Zap"],"damage_healed":0.0,"max_hp_gain":0.0,"max_hp_loss":0.0,"gold_gain":0.0,"event_name":"Back to Basics","player_choice":"Elegance","floor":20.0,"gold_loss":0.0,"damage_taken":0.0},{"damage_healed":0.0,"max_hp_gain":0.0,"max_hp_loss":0.0,"gold_gain":0.0,"event_name":"Cursed Tome","player_choice":"Obtained Book","floor":21.0,"gold_loss":0.0,"damage_taken":16.0},{"damage_healed":0.0,"max_hp_gain":0.0,"max_hp_loss":0.0,"gold_gain":0.0,"event_name":"WeMeetAgain","player_choice":"Gave Potion","floor":36.0,"gold_loss":0.0,"damage_taken":0.0,"relics_obtained":["HornCleat"]},{"cards_removed":["Capacitor"],"damage_healed":0.0,"max_hp_gain":0.0,"max_hp_loss":0.0,"gold_gain":0.0,"event_name":"Falling","player_choice":"Removed Power","floor":37.0,"gold_loss":0.0,"damage_taken":0.0},{"damage_healed":0.0,"max_hp_gain":0.0,"max_hp_loss":0.0,"gold_gain":0.0,"event_name":"Upgrade Shrine","player_choice":"Upgraded","floor":39.0,"gold_loss":0.0,"damage_taken":0.0,"cards_upgraded":["Fission"]},{"damage_healed":0.0,"max_hp_gain":0.0,"max_hp_loss":0.0,"gold_gain":0.0,"event_name":"Winding Halls","player_choice":"Embrace Madness","floor":47.0,"gold_loss":0.0,"damage_taken":9.0,"cards_obtained":["Madness","Madness"]},{"damage_healed":0.0,"max_hp_gain":0.0,"max_hp_loss":0.0,"gold_gain":0.0,"event_name":"The Woman in Blue","player_choice":"Bought 2 Potions","floor":48.0,"gold_loss":0.0,"damage_taken":0.0}],"is_beta":false,"boss_relics":[{"not_picked":["Calling Bell","SlaversCollar"],"picked":"Pandora\u0027s Box"},{"not_picked":["Runic Dome","Philosopher\u0027s Stone"],"picked":"Cursed Key"}],"items_purged_floors":[5,42,53],"is_endless":false,"potions_floor_spawned":[1,6,11,14,19,29,30,33,41],"killed_by":"The Heart","ascension_level":3}}