{"host":"j019w4cyowrad0mf","time":1608843855,"event":{"mods":["2.2 Compatiblity","BaseMod","CapriCore","HololiveMod","Minty Spire (QoL Compilation)","StSLib","Waifu the Spire","WarShipGirlsR/????R mod"],"gold_per_floor":[113,20,35,35,47,47,63,73,73,103,103,117,117,128,128,128,128],"floor_reached":16,"playtime":707,"items_purged":[],"score":104,"play_id":"29ccc6ac-e32a-44c0-8011-992cd2ae7745","local_time":"20201224130415","is_ascension_mode":false,"campfire_choices":[{"data":"rmod:expedition","floor":6,"key":"SMITH"},{"data":"rmod:expedition+1","floor":11,"key":"SMITH"},{"data":"rmod:expedition+2","floor":13,"key":"SMITH"},{"data":"rmod:diamondstrike","floor":15,"key":"SMITH"}],"circlet_count":0,"master_deck":["rmod:strick","rmod:strick","rmod:strick","rmod:strick","rmod:defend","rmod:defend","rmod:defend","rmod:defend","rmod:basicallowance","rmod:maingunfire","rmod:expedition+3","rmod:tearstotiara","rmod:wasp","rmod:firesupport","rmod:diamondstrike+1","rmod:tearstotiara","rmod:firesupport","rmod:fletcherpendant","rmod:firesupport","rmod:ring","rmod:fuelsupply"],"relics":["rmod:firstchargereward","Sundial","Question Card"],"acts_visited":["Exordium"],"potions_floor_usage":[10,10,10],"damage_taken":[{"damage":0,"enemies":"Cultist","floor":1,"turns":3},{"damage":5,"enemies":"Jaw Worm","floor":3,"turns":3},{"damage":1,"enemies":"2 Louse","floor":5,"turns":3},{"damage":12,"enemies":"Gremlin Gang","floor":7,"turns":4},{"damage":0,"enemies":"Blue Slaver","floor":8,"turns":3},{"damage":18,"enemies":"Lagavulin","floor":10,"turns":4},{"damage":11,"enemies":"3 Louse","floor":12,"turns":3},{"damage":6,"enemies":"Looter","floor":14,"turns":3},{"damage":22,"enemies":"Hexaghost","floor":16,"turns":4}],"seed_played":"-5628212777810294779","potions_obtained":[{"floor":4,"key":"SpeedPotion"},{"floor":4,"key":"Fire Potion"},{"floor":4,"key":"LiquidBronze"},{"floor":5,"key":"Explosive Potion"},{"floor":8,"key":"DistilledChaos"},{"floor":12,"key":"SteroidPotion"},{"floor":14,"key":"Explosive Potion"}],"is_trial":false,"path_per_floor":["M","$","M","?","M","R","M","M","T","E","R","M","R","M","R","B"],"character_chosen":"PRAEFECT","items_purchased":["rmod:wasp","rmod:firesupport"],"campfire_rested":0,"item_purchase_floors":[2,2],"current_hp_per_floor":[75,75,70,70,69,69,57,57,57,39,39,28,28,22,22,0,0],"gold":128,"neow_bonus":"THREE_CARDS","is_daily":false,"chose_seed":false,"campfire_upgraded":4,"win_rate":0.0,"timestamp":1608843855,"path_taken":["M","?","M","?","M","R","M","M","T","E","R","?","R","M","R","BOSS"],"items_purchased_type":["Card","Card"],"build_version":"2020-12-22","purchased_purges":0,"victory":false,"max_hp_per_floor":[75,75,75,75,75,75,75,75,75,75,75,75,75,75,75,75,75],"card_choices":[{"not_picked":["rmod:circuitoustactics","rmod:royalracing"],"picked":"rmod:expedition","floor":0},{"not_picked":["rmod:steelsupply","rmod:intelligenceanalysis"],"picked":"rmod:tearstotiara","floor":1},{"not_picked":["rmod:guardianhero","rmod:gendarmerie"],"picked":"rmod:diamondstrike","floor":3},{"not_picked":["rmod:aluminumsupply","rmod:rockthrower"],"picked":"rmod:tearstotiara","floor":5},{"not_picked":["rmod:highspeedshooting","rmod:intelligenceanalysis"],"picked":"rmod:firesupport","floor":7},{"not_picked":["rmod:garrisonisland","rmod:luckystar"],"picked":"rmod:fletcherpendant","floor":8},{"not_picked":["rmod:victimresponsibility","rmod:gendarmerie"],"picked":"rmod:firesupport","floor":10},{"not_picked":["rmod:victimresponsibility","rmod:diaomin","rmod:combined"],"picked":"rmod:ring","floor":12},{"not_picked":["rmod:firesupport","rmod:unsinkable","rmod:steelsupply"],"picked":"rmod:fuelsupply","floor":14}],"player_experience":271681,"relics_obtained":[{"floor":9,"key":"Sundial"},{"floor":10,"key":"Question Card"}],"event_choices":[{"damage_healed":0,"gold_gain":0,"player_choice":"Got Potions","damage_taken":0,"max_hp_gain":0,"max_hp_loss":0,"event_name":"Lab","floor":4,"gold_loss":0}],"is_beta":false,"boss_relics":[],"items_purged_floors":[],"is_endless":false,"potions_floor_spawned":[5,8,12,14],"killed_by":"Hexaghost","ascension_level":0}}