{"host":"njruw0b0uprlitpx","time":1608784851,"event":{"mods":["2.2 Compatiblity","BaseMod","Better Altar","Better Match","Better Note","Better Sensory Stone","Better Skull","Better Third Choice","Block Reminder","Colored Map","Colored Powertips","Downfall","Energized Spire","Jedi Mod","Keyboard Shortcuts","Minty Spire (QoL Compilation)","Quick Restart","Relic Stats","Replay The Spire","SacredBarkPlus","Spicy Shops","StSLib","SuperFastMode"],"gold_per_floor":[99,112,129,41,53,53,76,88,99,118,9,37,37,37,48,66,82,183,183,33,52,52,52],"floor_reached":21,"playtime":3101,"items_purged":[],"score":185,"play_id":"4483eb95-09a7-4cd6-9b24-7d66866b9acb","local_time":"20201223224051","is_ascension_mode":false,"campfire_choices":[{"floor":1,"key":"RECALL"},{"data":"hexamod:Float","floor":20,"key":"SMITH"}],"circlet_count":0,"master_deck":["hexamod:Strike","hexamod:Strike","hexamod:Strike","hexamod:Defend","hexamod:Defend","hexamod:Defend","hexamod:Defend+1","hexamod:Sear+1","hexamod:Float+1","hexamod:SoulSteal","hexamod:DynamicBlow","hexamod:Hexaguard","hexamod:SuperheatedStrike","hexamod:SpectersWail","hexamod:NightmareGuise","hexamod:ExtraCrispy","hexamod:GhostflameBarrier+1","hexamod:ThermalTransfer","hexamod:SixthSeal","hexamod:EtherealExpedition","hexamod:HauntingEcho+1","hexamod:ChargedBarrage","hexamod:VolcanoVisage","hexamod:InspiringFlames"],"relics":["hexamod:SpiritBrand","Potion Belt","Centennial Puzzle","hexamod:RecyclingMachine","Incense Burner","Painkiller Herb","downfall:HeartBlessingRed","downfall:HeartBlessingGreen"],"acts_visited":["Exordium","TheCity"],"potions_floor_usage":[9,15,15,18],"damage_taken":[{"damage":0,"enemies":"Cultist","floor":2,"turns":3},{"damage":0,"enemies":"Small Slimes","floor":3,"turns":3},{"damage":0,"enemies":"downfall:FleeingMerchant","floor":4,"turns":4},{"damage":0,"enemies":"Jaw Worm","floor":5,"turns":3},{"damage":6,"enemies":"Large Slime","floor":8,"turns":5},{"damage":0,"enemies":"Red Slaver","floor":9,"turns":3},{"damage":6,"enemies":"Exordium Wildlife","floor":10,"turns":3},{"damage":0,"enemies":"downfall:FleeingMerchant","floor":11,"turns":4},{"damage":8,"enemies":"Replay:BlueRogue","floor":12,"turns":4},{"damage":4,"enemies":"Exordium Thugs","floor":15,"turns":3},{"damage":0,"enemies":"2 Fungi Beasts","floor":16,"turns":3},{"damage":0,"enemies":"Exordium Wildlife","floor":17,"turns":3},{"damage":16,"enemies":"downfall:Ironclad","floor":18,"turns":7},{"damage":4,"enemies":"Shell Parasite","floor":21,"turns":4}],"seed_played":"3778519993464964128","potions_obtained":[{"floor":5,"key":"LiquidMemories"},{"floor":8,"key":"AttackPotion"},{"floor":10,"key":"jedi:StrikingPotion"},{"floor":12,"key":"Energy Potion"},{"floor":15,"key":"Guardian:BlockOnCardUsePotion"},{"floor":21,"key":"Strength Potion"}],"is_trial":false,"path_per_floor":["R","M","M","$","M","?","T","M","M","M","$","E","PTL","PTL","M","M","M","B",null,"T","?"],"character_chosen":"THE_SPIRIT","items_purchased":["hexamod:SuperheatedStrike","hexamod:RecyclingMachine"],"campfire_rested":0,"item_purchase_floors":[4,11],"current_hp_per_floor":[70,70,70,70,70,70,70,64,64,58,58,50,50,50,46,46,46,30,70,70,66,66,66],"gold":52,"neow_bonus":"RANDOM_COMMON_RELIC","is_daily":false,"chose_seed":false,"campfire_upgraded":1,"win_rate":0.0,"timestamp":1608784851,"path_taken":["R","M","M","$","?","?","T","M","M","M","?","E","PTL","PTL","M","M","M","BOSS","T","?"],"items_purchased_type":["Card","Relic"],"build_version":"2020-12-22","purchased_purges":0,"victory":false,"max_hp_per_floor":[70,70,70,70,70,70,70,70,70,70,70,70,70,70,70,70,70,70,70,70,70,70,70],"relic_stats":{"Centennial Puzzle":[18],"counters":[14,52],"obtain_stats":[{"Potion Belt":0,"Centennial Puzzle":7,"downfall:HeartBlessingRed":20,"Painkiller Herb":19,"downfall:HeartBlessingGreen":20,"Incense Burner":12,"hexamod:RecyclingMachine":11,"hexamod:SpiritBrand":0},{"Potion Belt":0,"Centennial Puzzle":4,"downfall:HeartBlessingRed":13,"Painkiller Herb":13,"downfall:HeartBlessingGreen":13,"Incense Burner":9,"hexamod:RecyclingMachine":8,"hexamod:SpiritBrand":0},{"Potion Belt":0,"Centennial Puzzle":13,"downfall:HeartBlessingRed":48,"Painkiller Herb":48,"downfall:HeartBlessingGreen":48,"Incense Burner":32,"hexamod:RecyclingMachine":28,"hexamod:SpiritBrand":0}]},"card_choices":[{"not_picked":["hexamod:Hexaguard","hexamod:SpectralAdrenaline"],"picked":"hexamod:SoulSteal","floor":2},{"not_picked":["hexamod:GhostLash","hexamod:BurningTouch"],"picked":"hexamod:DynamicBlow","floor":3},{"not_picked":["hexamod:SecondSeal","hexamod:BurningTouch"],"picked":"hexamod:Hexaguard","floor":4},{"not_picked":["hexamod:ShieldOfDarkness","hexamod:AdvancingGuard"],"picked":"hexamod:SpectersWail","floor":5},{"not_picked":["hexamod:Again","hexamod:GhostOfSpirePast"],"picked":"hexamod:NightmareGuise","floor":8},{"not_picked":["hexamod:Hexaguard","hexamod:Haunt"],"picked":"hexamod:ExtraCrispy","floor":9},{"not_picked":["hexamod:BurningTouch","hexamod:HeatMetal"],"picked":"hexamod:GhostflameBarrier","floor":10},{"not_picked":["hexamod:NightmareStrike","hexamod:NightmareGuise"],"picked":"hexamod:ThermalTransfer","floor":11},{"not_picked":["hexamod:GhostLash","hexamod:SwordOfDarkness"],"picked":"hexamod:SixthSeal","floor":12},{"not_picked":["hexamod:NightmareStrike","hexamod:InspiringFlames"],"picked":"hexamod:EtherealExpedition","floor":15},{"not_picked":["hexamod:Rewind","hexamod:PhantomCloak"],"picked":"hexamod:HauntingEcho","floor":16},{"not_picked":["hexamod:HeatShield","hexamod:NightmareStrike"],"picked":"hexamod:ChargedBarrage","floor":17},{"not_picked":["hexamod:WildfireWeapon","hexamod:TimeWarp"],"picked":"hexamod:VolcanoVisage","floor":18},{"not_picked":["hexamod:Haunt","hexamod:GhostShield"],"picked":"hexamod:InspiringFlames","floor":21}],"player_experience":1388323,"relics_obtained":[{"floor":7,"key":"Centennial Puzzle"},{"floor":12,"key":"Incense Burner"}],"event_choices":[],"is_beta":false,"boss_relics":[{"not_picked":["expansioncontent:StudyCardRelic","energizedSpire:SpiderWeb"],"picked":"Painkiller Herb"}],"items_purged_floors":[],"is_endless":false,"potions_floor_spawned":[5,8,10,12,15,21],"killed_by":"Shell Parasite","ascension_level":0}}