{"host":"d57r1g6l9rdx1vko","time":1608813469,"event":{"mods":["AchievementEnabler","BaseMod","Colored Map","Colored Powertips","GifTheSpireLib","Marisa£®ÏF”Í°°ƒß¿Ì…≥£©","Minty Spire (QoL Compilation)","Replay The Spire","StSLib"],"gold_per_floor":[118,130,130,305,0,35,35,55,131,144,187,205,252,21,21,21,21],"floor_reached":16,"playtime":731,"items_purged":[],"score":174,"play_id":"90c5a365-6c3b-430f-8d1c-0289591ba05b","local_time":"20201224203749","is_ascension_mode":true,"campfire_choices":[{"data":"ManaConvection","floor":15.0,"key":"SMITH"}],"circlet_count":0,"master_deck":["Strike_MRS","Strike_MRS","Strike_MRS","Strike_MRS","Defend_MRS","Defend_MRS","Defend_MRS","Defend_MRS","MasterSpark","UpSweep","PropBag","DoubleSpark","Spreading Infection","Doubt","WitchLeyline+1","WitchOfGreed","MagicChant","ManaConvection+1","DragonMeteor"],"relics":["MiniHakkero","NeowsBlessing","Ring of Panic","Ring of Fangs","MagicBroom","PreservedInsect","Ornamental Fan","Eternal Feather","Nunchaku","Medical Kit","Shuriken"],"acts_visited":["Exordium"],"potions_floor_usage":[16,16,16],"damage_taken":[{"damage":0.0,"enemies":"Cultist","floor":1.0,"turns":1.0},{"damage":0.0,"enemies":"2 Louse","floor":2.0,"turns":1.0},{"damage":0.0,"enemies":"Lagavulin","floor":6.0,"turns":4.0},{"damage":6.0,"enemies":"Small Slimes","floor":8.0,"turns":3.0},{"damage":5.0,"enemies":"Exordium Wildlife","floor":10.0,"turns":5.0},{"damage":9.0,"enemies":"Gremlin Nob","floor":11.0,"turns":3.0},{"damage":0.0,"enemies":"Looter","floor":12.0,"turns":2.0},{"damage":15.0,"enemies":"3 Sentries","floor":13.0,"turns":6.0},{"damage":49,"enemies":"The Guardian","floor":16,"turns":9}],"seed_played":"6836968271347053844","potions_obtained":[{"floor":1.0,"key":"LifebloodPotion"},{"floor":6.0,"key":"SkillPotion"},{"floor":11.0,"key":"Weak Potion"},{"floor":12.0,"key":"Venom Potion"},{"floor":13.0,"key":"Doom Potion"}],"is_trial":false,"path_per_floor":["M","M","?","?","$","E","?","M","T","M","E","M","E","$","R","B"],"character_chosen":"MARISA","items_purchased":["MagicBroom","Medical Kit","DragonMeteor"],"campfire_rested":0,"item_purchase_floors":[5,14,14],"current_hp_per_floor":[75,75,75,75,75,75,75,69,69,64,55,55,40,40,49,0,0],"gold":21,"neow_bonus":"THREE_ENEMY_KILL","is_daily":false,"chose_seed":false,"campfire_upgraded":1,"win_rate":0.0,"timestamp":1608813469,"path_taken":["M","M","?","?","$","E","?","M","T","?","E","M","E","$","R","BOSS"],"items_purchased_type":["Relic","Relic","Card"],"build_version":"2020-12-22","purchased_purges":0,"victory":false,"max_hp_per_floor":[75,75,75,75,75,75,75,75,75,75,75,75,75,75,75,75,75],"card_choices":[{"not_picked":["PowerUp","GalacticHalo"],"picked":"PropBag","floor":1.0},{"not_picked":["GrandCross","LuminesStrike"],"picked":"DoubleSpark","floor":2.0},{"not_picked":["SporeBomb","AlicesGift"],"picked":"WitchLeyline","floor":6.0},{"not_picked":["Acceleration","DC","MilkyWay"],"picked":"SKIP","floor":8.0},{"not_picked":["GrandCross","FairyDestructionRay"],"picked":"WitchOfGreed","floor":10.0},{"not_picked":["Singularity","OneTimeOff","EarthLightRay"],"picked":"SKIP","floor":11.0},{"not_picked":["Singularity","MilkyWay"],"picked":"MagicChant","floor":12.0},{"not_picked":["AsteroidBelt","PulseMagic"],"picked":"ManaConvection","floor":13.0}],"player_experience":111971,"relics_obtained":[{"floor":3.0,"key":"Ring of Panic"},{"floor":3.0,"key":"Ring of Fangs"},{"floor":6.0,"key":"PreservedInsect"},{"floor":9.0,"key":"Ornamental Fan"},{"floor":11.0,"key":"Eternal Feather"},{"floor":13.0,"key":"Nunchaku"}],"event_choices":[{"damage_healed":0.0,"max_hp_gain":0.0,"max_hp_loss":0.0,"gold_gain":175.0,"event_name":"Liars Game","player_choice":"AGREE","floor":4.0,"gold_loss":0.0,"damage_taken":0.0,"cards_obtained":["Doubt"]},{"damage_healed":0.0,"max_hp_gain":0.0,"max_hp_loss":0.0,"gold_gain":0.0,"event_name":"Upgrade Shrine","player_choice":"Upgraded","floor":7.0,"gold_loss":0.0,"damage_taken":0.0,"cards_upgraded":["WitchLeyline"]}],"is_beta":false,"boss_relics":[],"items_purged_floors":[],"is_endless":false,"potions_floor_spawned":[1,6,12],"killed_by":"The Guardian","ascension_level":4}}