{"host":"utqe55yv0jihe4d6","time":1608777975,"event":{"mods":["2.2 Compatiblity","AchievementEnabler","BaseMod","Block Reminder","Colored Map","Colored Powertips","Minty Spire (QoL Compilation)","Quick Restart","Rare Cards Sparkle","Relic Stats","SuperFastMode"],"gold_per_floor":[112,57,57,71,87,87,108,108,108,133,151,151,165,193,193,193,193],"floor_reached":16,"playtime":918,"items_purged":[],"score":220,"play_id":"851fd9d0-be3f-4fe2-95cf-236d1253b861","local_time":"20201223214615","is_ascension_mode":true,"campfire_choices":[{"data":"Multi-Cast","floor":6,"key":"SMITH"},{"floor":8,"key":"REST"},{"floor":12,"key":"REST"},{"data":"Rainbow","floor":15,"key":"SMITH"}],"circlet_count":0,"master_deck":["AscendersBane","Strike_B","Strike_B","Strike_B","Strike_B","Defend_B","Defend_B","Defend_B","Defend_B","Zap","Dualcast","Multi-Cast+1","Rebound","Capacitor","Ball Lightning","Streamline","Ball Lightning","Doom and Gloom","Doom and Gloom","Rainbow+1"],"relics":["Cracked Core","Odd Mushroom","Pen Nib","Nunchaku","Letter Opener"],"acts_visited":["Exordium"],"potions_floor_usage":[13,14,16],"damage_taken":[{"damage":0,"enemies":"2 Louse","floor":1,"turns":2},{"damage":7,"enemies":"Jaw Worm","floor":4,"turns":2},{"damage":0,"enemies":"Small Slimes","floor":5,"turns":3},{"damage":28,"enemies":"The Mushroom Lair","floor":7,"turns":3},{"damage":45,"enemies":"3 Sentries","floor":10,"turns":7},{"damage":5,"enemies":"3 Louse","floor":11,"turns":3},{"damage":11,"enemies":"Exordium Thugs","floor":13,"turns":4},{"damage":8,"enemies":"Gremlin Nob","floor":14,"turns":3},{"damage":11,"enemies":"The Guardian","floor":16,"turns":4}],"seed_played":"-182624945452614711","potions_obtained":[{"floor":5,"key":"Weak Potion"},{"floor":10,"key":"AttackPotion"},{"floor":13,"key":"Dexterity Potion"}],"is_trial":false,"path_per_floor":["M","$","?","M","M","R","?","R","T","E","M","R","M","E","R","B"],"character_chosen":"DEFECT","items_purchased":["Strength Potion"],"campfire_rested":2,"item_purchase_floors":[2],"current_hp_per_floor":[64,64,69,62,62,62,34,56,56,11,6,28,17,9,9,0,0],"gold":193,"neow_bonus":"ONE_RANDOM_RARE_CARD","is_daily":false,"chose_seed":false,"campfire_upgraded":2,"win_rate":0.0,"timestamp":1608777975,"path_taken":["M","$","?","M","M","R","?","R","T","E","M","R","M","E","R","BOSS"],"items_purchased_type":["Potion"],"build_version":"2020-12-22","purchased_purges":0,"victory":false,"max_hp_per_floor":[71,71,76,76,76,76,76,76,76,76,76,76,76,76,76,76,76],"relic_stats":{"Nunchaku":[1],"counters":[9,31],"Pen Nib":[2],"Letter Opener":[0],"obtain_stats":[{"Nunchaku":10,"Pen Nib":9,"Letter Opener":14,"Odd Mushroom":7,"Cracked Core":0},{"Nunchaku":5,"Pen Nib":4,"Letter Opener":8,"Odd Mushroom":4,"Cracked Core":0},{"Nunchaku":17,"Pen Nib":10,"Letter Opener":27,"Odd Mushroom":10,"Cracked Core":0}]},"card_choices":[{"not_picked":["Stack","Turbo"],"picked":"Rebound","floor":1},{"not_picked":["Steam","Barrage"],"picked":"Capacitor","floor":4},{"not_picked":["Beam Cell","Compile Driver"],"picked":"Ball Lightning","floor":5},{"not_picked":["Hello World","Steam"],"picked":"Streamline","floor":7},{"not_picked":["Double Energy","Capacitor"],"picked":"Ball Lightning","floor":10},{"not_picked":["Leap","Ball Lightning"],"picked":"Doom and Gloom","floor":11},{"not_picked":["Rebound","Genetic Algorithm"],"picked":"Doom and Gloom","floor":13},{"not_picked":["Creative AI","Stack"],"picked":"Rainbow","floor":14}],"player_experience":2840961,"relics_obtained":[{"floor":7,"key":"Odd Mushroom"},{"floor":9,"key":"Pen Nib"},{"floor":10,"key":"Nunchaku"},{"floor":14,"key":"Letter Opener"}],"event_choices":[{"damage_healed":0,"gold_gain":0,"player_choice":"Donut","damage_taken":0,"max_hp_gain":5,"max_hp_loss":0,"event_name":"Big Fish","floor":3,"gold_loss":0},{"damage_healed":0,"gold_gain":0,"player_choice":"Fought Mushrooms","damage_taken":0,"max_hp_gain":0,"max_hp_loss":0,"event_name":"Mushrooms","floor":7,"gold_loss":0}],"is_beta":false,"boss_relics":[],"items_purged_floors":[],"is_endless":false,"potions_floor_spawned":[5,10,13],"killed_by":"The Guardian","ascension_level":20}}