{"host":"640uue19m79c7wbt","time":1608769212,"event":{"mods":["BaseMod","Colored Map","Googly Eyes","Highlight Path","Minty Spire (QoL Compilation)","Quick Restart","StSLib"],"gold_per_floor":[114,289,305,305,325,354,44,64,64,78,43,77,77,2,2,97,97,115,15,15,15,25,25,35,35,35,49,49,68,68,68],"floor_reached":30,"playtime":1732,"items_purged":["Strike_G","Strike_G"],"score":406,"play_id":"1643c679-421c-4e72-ba10-0add8031596c","local_time":"20201223192012","is_ascension_mode":true,"campfire_choices":[{"floor":13,"key":"REST"},{"floor":15,"key":"REST"},{"floor":23,"key":"REST"},{"floor":28,"key":"REST"}],"circlet_count":0,"master_deck":["Strike_G","Strike_G","Strike_G","Defend_G","Defend_G","Defend_G","Defend_G","Defend_G","Survivor","Neutralize","Cloak And Dagger","Flying Knee","Bouncing Flask","Infinite Blades","Crippling Poison","Well Laid Plans","Predator","Venomology","Noxious Fumes","Corpse Explosion","CurseOfTheBell","Flying Knee+1","PiercingWail","Enlightenment","Finisher+1","Storm of Steel","Distraction","Blur","Underhanded Strike","Shame","Riddle With Holes+1","Eviscerate","Tactician","Cloak And Dagger","Envenom"],"relics":["Ring of the Snake","NeowsBlessing","Ice Cream","Bag of Marbles","Odd Mushroom","Calipers","Turnip","Calling Bell","Prayer Wheel","HornCleat","Dream Catcher","Boot","Eternal Feather"],"acts_visited":["Exordium","TheCity"],"potions_floor_usage":[6,6,6,8,12,16,18,18,24,24,24,24,27,29],"damage_taken":[{"damage":0,"enemies":"2 Louse","floor":1,"turns":1},{"damage":0,"enemies":"Cultist","floor":3,"turns":1},{"damage":0,"enemies":"Small Slimes","floor":5,"turns":1},{"damage":19,"enemies":"Lagavulin","floor":6,"turns":4},{"damage":14,"enemies":"The Mushroom Lair","floor":8,"turns":4},{"damage":11,"enemies":"Looter","floor":10,"turns":4},{"damage":23,"enemies":"Gremlin Nob","floor":12,"turns":5},{"damage":25,"enemies":"Hexaghost","floor":16,"turns":10},{"damage":19,"enemies":"2 Thieves","floor":18,"turns":2},{"damage":20,"enemies":"3 Byrds","floor":22,"turns":4},{"damage":0,"enemies":"Snake Plant","floor":24,"turns":4},{"damage":27,"enemies":"Centurion and Healer","floor":27,"turns":7},{"damage":27,"enemies":"Chosen and Byrds","floor":29,"turns":6},{"damage":3,"enemies":"3 Cultists","floor":30,"turns":4}],"seed_played":"-3342726917060384158","potions_obtained":[{"floor":1,"key":"AttackPotion"},{"floor":5,"key":"EntropicBrew"},{"floor":16,"key":"AttackPotion"},{"floor":18,"key":"CultistPotion"},{"floor":29,"key":"FearPotion"}],"is_trial":false,"path_per_floor":["M","?","M","?","M","E","$","?","T","M","?","E","R","$","R","B",null,"M","$","?","$","M","R","M","?","T","M","R","M","M"],"character_chosen":"THE_SILENT","items_purchased":["Bag of Marbles","Crippling Poison","Well Laid Plans"],"campfire_rested":4,"item_purchase_floors":[7,7,7],"current_hp_per_floor":[63,63,63,63,63,44,44,30,30,19,36,13,34,34,55,30,60,41,41,29,29,9,30,30,30,30,3,42,15,12,12],"gold":68,"neow_bonus":"THREE_ENEMY_KILL","is_daily":false,"chose_seed":false,"campfire_upgraded":0,"win_rate":0.0,"timestamp":1608769212,"path_taken":["M","?","M","?","?","E","$","?","T","M","?","E","R","?","R","BOSS","M","$","?","?","M","R","M","?","T","M","R","?","M"],"items_purchased_type":["Relic","Card","Card"],"build_version":"2020-12-22","purchased_purges":2,"victory":false,"max_hp_per_floor":[70,70,70,70,70,70,70,70,70,70,70,70,70,70,70,70,70,70,70,70,70,70,70,70,70,70,70,70,70,70,70],"card_choices":[{"not_picked":["Flechettes","Dagger Throw"],"picked":"Cloak And Dagger","floor":1},{"not_picked":["Outmaneuver","Sucker Punch"],"picked":"Flying Knee","floor":3},{"not_picked":["Deflect","Reflex"],"picked":"Bouncing Flask","floor":5},{"not_picked":["Riddle With Holes","Dodge and Roll"],"picked":"Infinite Blades","floor":6},{"not_picked":["Bane","Backflip"],"picked":"Predator","floor":8},{"not_picked":["Choke","All Out Attack"],"picked":"Venomology","floor":10},{"not_picked":["Acrobatics","Setup"],"picked":"Noxious Fumes","floor":12},{"not_picked":["Die Die Die","A Thousand Cuts"],"picked":"Corpse Explosion","floor":16},{"not_picked":["Prepared","Deflect"],"picked":"Flying Knee+1","floor":18},{"not_picked":["Escape Plan","Deflect+1"],"picked":"PiercingWail","floor":18},{"not_picked":["Dodge and Roll","Cloak And Dagger"],"picked":"Finisher+1","floor":22},{"not_picked":["PiercingWail","Crippling Poison"],"picked":"Storm of Steel","floor":22},{"not_picked":["Underhanded Strike","Dagger Spray"],"picked":"Distraction","floor":23},{"not_picked":["Bouncing Flask","Underhanded Strike"],"picked":"Blur","floor":24},{"not_picked":["Backflip","Infinite Blades"],"picked":"Underhanded Strike","floor":24},{"not_picked":["Deadly Poison","Deflect"],"picked":"Riddle With Holes+1","floor":27},{"not_picked":["Backflip+1","Poisoned Stab"],"picked":"Eviscerate","floor":27},{"not_picked":["Deflect","Bane+1"],"picked":"Tactician","floor":28},{"not_picked":["Skewer","Deflect"],"picked":"Cloak And Dagger","floor":29},{"not_picked":["Sucker Punch+1","Noxious Fumes"],"picked":"Envenom","floor":29}],"player_experience":1222385,"relics_obtained":[{"floor":6,"key":"Ice Cream"},{"floor":8,"key":"Odd Mushroom"},{"floor":9,"key":"Calipers"},{"floor":12,"key":"Turnip"},{"floor":17,"key":"Prayer Wheel"},{"floor":17,"key":"HornCleat"},{"floor":17,"key":"Dream Catcher"},{"floor":26,"key":"Eternal Feather"}],"event_choices":[{"damage_healed":0,"gold_gain":175,"player_choice":"AGREE","damage_taken":0,"max_hp_gain":0,"max_hp_loss":0,"event_name":"Liars Game","floor":2,"gold_loss":0,"cards_obtained":["Doubt"]},{"cards_removed":["Doubt"],"damage_healed":0,"gold_gain":0,"player_choice":"Purged","damage_taken":0,"max_hp_gain":0,"max_hp_loss":0,"event_name":"Purifier","floor":4,"gold_loss":0},{"damage_healed":0,"gold_gain":0,"player_choice":"Fought Mushrooms","damage_taken":0,"max_hp_gain":0,"max_hp_loss":0,"event_name":"Mushrooms","floor":8,"gold_loss":0},{"damage_healed":17,"gold_gain":0,"player_choice":"Healed","damage_taken":0,"max_hp_gain":0,"max_hp_loss":0,"event_name":"The Cleric","floor":11,"gold_loss":35},{"damage_healed":0,"gold_gain":0,"player_choice":"CARD ","damage_taken":12,"max_hp_gain":0,"max_hp_loss":0,"event_name":"Knowing Skull","floor":20,"potions_obtained":[],"gold_loss":0,"cards_obtained":["Enlightenment"]},{"damage_healed":0,"gold_gain":0,"player_choice":"Stole Relic","damage_taken":0,"relics_obtained":["Boot"],"max_hp_gain":0,"max_hp_loss":0,"event_name":"Addict","floor":25,"gold_loss":0,"cards_obtained":["Shame"]}],"is_beta":false,"boss_relics":[{"not_picked":["Runic Pyramid","Astrolabe"],"picked":"Calling Bell"}],"items_purged_floors":[14,19],"is_endless":false,"potions_floor_spawned":[1,5,16,18,29],"killed_by":"3 Cultists","ascension_level":9}}