{"host":"12piqfhmdln9x2la","time":1608815545,"event":{"mods":["2.2 Compatiblity","AchievementEnabler","BaseMod","BetterRewards","Colored Powertips","Minty Spire (QoL Compilation)","Quick Restart","SuperFastMode"],"gold_per_floor":[110,110,285,285,300,330,346,346,346,362,392,392,420,450,450,450,450],"floor_reached":16,"playtime":224,"items_purged":[],"score":157,"play_id":"49a283a0-84db-4317-8b8a-2b17f300a158","local_time":"20201224221225","is_ascension_mode":true,"campfire_choices":[{"floor":12,"key":"RECALL"},{"data":"Spot Weakness","floor":15,"key":"SMITH"}],"circlet_count":0,"master_deck":["Strike_R","Strike_R","Strike_R","Strike_R","Defend_R","Defend_R","Defend_R","Defend_R","Bash","Infernal Blade","Anger","Flex","Spot Weakness+1","Heavy Blade","Heavy Blade"],"relics":["Burning Blood","NeowsBlessing","Blue Candle","Bag of Preparation","Singing Bowl","Self Forming Clay","Odd Mushroom","Torii"],"acts_visited":["Exordium"],"potions_floor_usage":[16,16,16],"damage_taken":[{"damage":0,"enemies":"Small Slimes","floor":1,"turns":1},{"damage":0,"enemies":"2 Louse","floor":5,"turns":1},{"damage":0,"enemies":"Lagavulin","floor":6,"turns":1},{"damage":6,"enemies":"Cultist","floor":7,"turns":4},{"damage":11,"enemies":"Looter","floor":10,"turns":2},{"damage":35,"enemies":"Gremlin Nob","floor":11,"turns":4},{"damage":10,"enemies":"The Mushroom Lair","floor":13,"turns":3},{"damage":28,"enemies":"Lagavulin","floor":14,"turns":4},{"damage":24,"enemies":"Hexaghost","floor":16,"turns":7}],"seed_played":"2519492379845064922","potions_obtained":[{"floor":5,"key":"SpeedPotion"},{"floor":7,"key":"Ancient Potion"},{"floor":10,"key":"FearPotion"},{"floor":13,"key":"SkillPotion"}],"is_trial":false,"path_per_floor":["M","?","?","?","M","E","M","?","T","M","E","R","?","E","R","B"],"character_chosen":"IRONCLAD","items_purchased":[],"campfire_rested":0,"item_purchase_floors":[],"current_hp_per_floor":[80,73,73,73,79,80,80,77,77,74,45,45,41,21,21,0,0],"gold":450,"neow_bonus":"THREE_ENEMY_KILL","is_daily":false,"chose_seed":false,"campfire_upgraded":1,"win_rate":0.0,"timestamp":1608815545,"path_taken":["M","?","?","?","?","E","M","?","T","M","E","R","?","E","R","BOSS"],"items_purchased_type":[],"build_version":"2020-12-22","purchased_purges":0,"victory":false,"max_hp_per_floor":[80,80,80,80,80,80,80,80,80,82,82,82,82,84,84,84,84],"card_choices":[{"not_picked":["Warcry","Havoc"],"picked":"Infernal Blade","floor":1},{"not_picked":["Shrug It Off","Carnage"],"picked":"Anger","floor":5},{"not_picked":["Metallicize","Pommel Strike"],"picked":"Flex","floor":6},{"not_picked":["Rupture","Cleave"],"picked":"Spot Weakness","floor":7},{"not_picked":["Double Tap","Feel No Pain","Clash"],"picked":"Singing Bowl","floor":10},{"not_picked":["Havoc","Warcry"],"picked":"Heavy Blade","floor":11},{"not_picked":["Cleave","Warcry"],"picked":"Heavy Blade","floor":13},{"not_picked":["Heavy Blade","Entrench","Thunderclap"],"picked":"Singing Bowl","floor":14}],"player_experience":115785,"relics_obtained":[{"floor":6,"key":"Blue Candle"},{"floor":9,"key":"Singing Bowl"},{"floor":11,"key":"Self Forming Clay"},{"floor":13,"key":"Odd Mushroom"},{"floor":14,"key":"Torii"}],"event_choices":[{"cards_removed":["Strike_R"],"damage_healed":0,"gold_gain":0,"player_choice":"Card Removal","damage_taken":7,"max_hp_gain":0,"max_hp_loss":0,"event_name":"Golden Wing","floor":2,"gold_loss":0},{"damage_healed":0,"gold_gain":175,"player_choice":"AGREE","damage_taken":0,"max_hp_gain":0,"max_hp_loss":0,"event_name":"Liars Game","floor":3,"gold_loss":0,"cards_obtained":["Doubt"]},{"cards_removed":["Doubt"],"damage_healed":0,"gold_gain":0,"player_choice":"Removed Curses","damage_taken":0,"max_hp_gain":0,"max_hp_loss":0,"event_name":"Fountain of Cleansing","floor":4,"gold_loss":0},{"damage_healed":0,"gold_gain":0,"player_choice":"Success","damage_taken":3,"relics_obtained":["Bag of Preparation"],"max_hp_gain":0,"max_hp_loss":0,"event_name":"Scrap Ooze","floor":8,"gold_loss":0},{"damage_healed":0,"gold_gain":0,"player_choice":"Fought Mushrooms","damage_taken":0,"max_hp_gain":0,"max_hp_loss":0,"event_name":"Mushrooms","floor":13,"gold_loss":0}],"is_beta":false,"boss_relics":[],"items_purged_floors":[],"is_endless":false,"potions_floor_spawned":[5,7,10,13,14],"killed_by":"Hexaghost","ascension_level":2}}