{"host":"qjr2x8lg4bxz99yh","time":1608842377,"event":{"mods":["Act Like it!","BaseMod","Colored Powertips","Downfall","Friendly Minions","Hallownest","Hermit","Minty Spire (QoL Compilation)","Replay The Spire","StSLib","The Bug Knight","The Cursed","The Disciple","The Hierophant","The Jungle","The Necromancer","The Runesmith","everything is the same but u backflip on backflip"],"gold_per_floor":[117,117,37,54,72,83,102,114,114,29,101,101,133,145,145,145,145],"floor_reached":16,"playtime":1145,"items_purged":[],"score":104,"play_id":"255dae5a-269d-41fd-9b1b-8260457e5688","local_time":"20201224143937","is_ascension_mode":false,"campfire_choices":[{"floor":15,"key":"REST"}],"circlet_count":0,"master_deck":["Strike_B","Strike_B","Strike_B","Strike_B+1","Defend_B","Defend_B","Defend_B","Defend_B","Zap","Dualcast","Time Bomb","Melter","Chill+1","Gash","Streamline","Auto Shields","Storm","BasicCrystalCard","Double Energy","ReplayTheSpireMod:Splinters","Capacitor","Static Discharge","Doom and Gloom","Reinforced Body"],"relics":["Cracked Core","Ice Cream","InkBottle","MealTicket","Runesmith:Nanobots"],"acts_visited":["Exordium"],"potions_floor_usage":[14,14,16,16],"damage_taken":[{"damage":2,"enemies":"Small Slimes","floor":1,"turns":4},{"damage":1,"enemies":"2 Louse","floor":4,"turns":3},{"damage":1,"enemies":"Jaw Worm","floor":5,"turns":3},{"damage":0,"enemies":"3 Louse","floor":6,"turns":4},{"damage":7,"enemies":"Large Slime","floor":7,"turns":5},{"damage":7,"enemies":"Blue Slaver","floor":8,"turns":3},{"damage":28,"enemies":"Lagavulin","floor":13,"turns":7},{"damage":0,"enemies":"Red Slaver","floor":14,"turns":2},{"damage":30,"enemies":"The Guardian","floor":16,"turns":6}],"seed_played":"2195346915584162762","potions_obtained":[{"floor":5,"key":"SteroidPotion"},{"floor":7,"key":"SpeedPotion"},{"floor":13,"key":"LifebloodPotion"},{"floor":14,"key":"FearPotion"}],"is_trial":false,"path_per_floor":["M","?","$","M","M","M","M","M","T","$","?","?","E","M","R","B"],"character_chosen":"DEFECT","items_purchased":["Melter","BasicCrystalCard","Double Energy"],"campfire_rested":1,"item_purchase_floors":[3,10,10],"current_hp_per_floor":[80,62,62,61,60,60,53,46,46,46,46,30,2,2,26,0,0],"gold":145,"neow_bonus":"TEN_PERCENT_HP_BONUS","is_daily":false,"chose_seed":false,"campfire_upgraded":0,"win_rate":0.0,"timestamp":1608842377,"path_taken":["M","?","$","M","M","M","M","M","T","$","?","?","E","M","R","BOSS"],"items_purchased_type":["Card","Card","Card"],"build_version":"2020-12-22","purchased_purges":0,"victory":false,"max_hp_per_floor":[82,82,82,82,82,82,82,82,82,82,82,82,82,82,82,82,82],"card_choices":[{"not_picked":["Steam","Stack"],"picked":"Time Bomb","floor":1},{"not_picked":["Hologram","Leap"],"picked":"Chill","floor":4},{"not_picked":["Coolheaded","Ball Lightning"],"picked":"Gash","floor":5},{"not_picked":["Ball Lightning","Cold Snap"],"picked":"Streamline","floor":6},{"not_picked":["Barrage","Steam"],"picked":"Auto Shields","floor":7},{"not_picked":["Stack","Streamline"],"picked":"Storm","floor":8},{"not_picked":["Biased Cognition","Coolheaded"],"picked":"Capacitor","floor":11},{"not_picked":["ReplayTheSpireMod:Repulse","Darkness"],"picked":"Static Discharge","floor":11},{"not_picked":["Cold Snap","ReplayTheSpireMod:System Scan"],"picked":"Doom and Gloom","floor":13},{"not_picked":["Reprogram","Stack"],"picked":"Reinforced Body","floor":14}],"player_experience":28563,"relics_obtained":[{"floor":9,"key":"InkBottle"},{"floor":11,"key":"MealTicket"},{"floor":13,"key":"Runesmith:Nanobots"}],"event_choices":[{"damage_healed":0,"gold_gain":0,"player_choice":"Success","damage_taken":18,"relics_obtained":["Ice Cream"],"max_hp_gain":0,"max_hp_loss":0,"event_name":"Scrap Ooze","floor":2,"gold_loss":0},{"damage_healed":0,"gold_gain":0,"player_choice":"Entered Light","damage_taken":16,"max_hp_gain":0,"max_hp_loss":0,"event_name":"Shining Light","floor":12,"gold_loss":0,"cards_upgraded":["Chill","Strike_B"]}],"is_beta":false,"boss_relics":[],"items_purged_floors":[],"is_endless":false,"potions_floor_spawned":[5,7,13,14],"killed_by":"The Guardian","ascension_level":0}}