{"host":"dvpvhz1t6etneyb3","time":1608781033,"event":{"mods":["AchievementEnabler","BaseMod","Colored Map","Highlight Path","Minty Spire (QoL Compilation)","Permanent Neow","Quick Restart"],"gold_per_floor":[113,113,113,132,151,151,181,197,269,269,295,309,309,66,66,145,145,145,145,105,9,9,9,9,9,9,9,9,9,9,9,9,9,9,9,0,0,0,0,0,0,0,0],"floor_reached":42,"playtime":2860,"items_purged":["Pain"],"score":1017,"play_id":"b6ea158a-15e9-4a4e-9b7e-e3437807d275","local_time":"20201223223713","is_ascension_mode":true,"campfire_choices":[{"floor":6.0,"key":"REST"},{"data":"Skewer","floor":10.0,"key":"SMITH"},{"floor":13.0,"key":"REST"},{"floor":15.0,"key":"REST"},{"data":"Footwork","floor":25.0,"key":"SMITH"},{"floor":29.0,"key":"REST"},{"floor":32.0,"key":"REST"},{"floor":40,"key":"REST"}],"circlet_count":0,"master_deck":["AscendersBane","Survivor","Neutralize","Dagger Spray+1","Skewer+1","All Out Attack","Burst","Outmaneuver+1","Backstab","Prepared","Poisoned Stab","Calculated Gamble","Tactician","Acrobatics","Escape Plan","Backflip","Footwork+1","PiercingWail+1","Cloak And Dagger","Footwork","Night Terror","Deadly Poison+1","Secret Technique","Blur","PiercingWail+1"],"relics":["Pandora\u0027s Box","WarpedTongs","Unceasing Top","Blue Candle","Happy Flower","Akabeko","Ectoplasm","Mango","Turnip","Anchor","White Beast Statue","Empty Cage","Red Mask","PreservedInsect"],"acts_visited":["Exordium","TheCity","TheBeyond"],"potions_floor_usage":[39,41],"damage_taken":[{"damage":0.0,"enemies":"2 Louse","floor":1.0,"turns":2.0},{"damage":1.0,"enemies":"Cultist","floor":4.0,"turns":3.0},{"damage":12.0,"enemies":"Small Slimes","floor":5.0,"turns":3.0},{"damage":9.0,"enemies":"Gremlin Nob","floor":7.0,"turns":3.0},{"damage":6.0,"enemies":"Gremlin Gang","floor":8.0,"turns":3.0},{"damage":23.0,"enemies":"3 Sentries","floor":11.0,"turns":5.0},{"damage":1.0,"enemies":"2 Fungi Beasts","floor":12.0,"turns":2.0},{"damage":53.0,"enemies":"The Guardian","floor":16.0,"turns":8.0},{"damage":0.0,"enemies":"Spheric Guardian","floor":18.0,"turns":1.0},{"damage":4.0,"enemies":"2 Thieves","floor":20.0,"turns":2.0},{"damage":21.0,"enemies":"Shelled Parasite and Fungi","floor":22.0,"turns":3.0},{"damage":13.0,"enemies":"Book of Stabbing","floor":23.0,"turns":4.0},{"damage":0.0,"enemies":"Sentry and Sphere","floor":24.0,"turns":3.0},{"damage":26.0,"enemies":"Slavers","floor":27.0,"turns":4.0},{"damage":0.0,"enemies":"Centurion and Healer","floor":28.0,"turns":3.0},{"damage":16.0,"enemies":"Book of Stabbing","floor":30.0,"turns":5.0},{"damage":42.0,"enemies":"Collector","floor":33.0,"turns":12.0},{"damage":0.0,"enemies":"Orb Walker","floor":35.0,"turns":1.0},{"damage":9.0,"enemies":"3 Darklings","floor":38.0,"turns":4.0},{"damage":11,"enemies":"Jaw Worm Horde","floor":39,"turns":4},{"damage":54,"enemies":"Nemesis","floor":41,"turns":11},{"damage":37,"enemies":"Spire Growth","floor":42,"turns":2}],"seed_played":"-7776710308083072018","potions_obtained":[{"floor":1.0,"key":"SpeedPotion"},{"floor":5.0,"key":"FairyPotion"},{"floor":11.0,"key":"BlessingOfTheForge"},{"floor":20.0,"key":"SkillPotion"},{"floor":22.0,"key":"AttackPotion"},{"floor":27.0,"key":"Strength Potion"},{"floor":28.0,"key":"ColorlessPotion"},{"floor":30.0,"key":"Regen Potion"},{"floor":33.0,"key":"AttackPotion"},{"floor":39,"key":"AttackPotion"},{"floor":41,"key":"Explosive Potion"}],"is_trial":false,"path_per_floor":["M","?","?","M","M","R","E","M","T","R","E","M","R","$","R","B",null,"M","?","M","$","M","E","M","R","T","E","M","R","E","?","R","B",null,"M","?","?","M","M","R","E","M"],"character_chosen":"THE_SILENT","items_purchased":["Akabeko","Backflip","Footwork"],"campfire_rested":6,"item_purchase_floors":[14,21,21],"current_hp_per_floor":[59,39,39,38,26,45,36,30,30,30,7,6,25,25,44,19,54,54,76,72,72,51,52,52,52,52,26,26,53,37,37,64,22,73,73,73,73,64,53,80,26,0,0],"gold":0,"neow_bonus":"BOSS_RELIC","is_daily":false,"chose_seed":false,"campfire_upgraded":2,"win_rate":0.0,"timestamp":1608781033,"path_taken":["M","?","?","M","M","R","E","?","T","R","E","M","R","$","R","BOSS","M","?","?","$","M","E","M","R","T","E","M","R","E","?","R","BOSS","M","?","?","M","M","R","E","M"],"items_purchased_type":["Relic","Card","Card"],"build_version":"2020-12-22","purchased_purges":1,"victory":false,"max_hp_per_floor":[66,66,66,66,66,66,66,66,66,66,66,66,66,66,66,66,66,66,76,76,76,76,90,90,90,90,90,90,90,90,90,90,90,90,90,90,90,90,90,90,90,90,90],"card_choices":[{"not_picked":["Endless Agony","Flying Knee"],"picked":"Poisoned Stab","floor":1.0},{"not_picked":["Poisoned Stab","Burst"],"picked":"Calculated Gamble","floor":4.0},{"not_picked":["Flying Knee","Eviscerate","Caltrops"],"picked":"SKIP","floor":5.0},{"not_picked":["Distraction","Blade Dance","Reflex"],"picked":"SKIP","floor":7.0},{"not_picked":["Masterful Stab","Bane"],"picked":"Tactician","floor":8.0},{"not_picked":["Terror","Bouncing Flask","Bullet Time"],"picked":"SKIP","floor":11.0},{"not_picked":["Acrobatics","Finisher","Quick Slash"],"picked":"SKIP","floor":12.0},{"not_picked":["Blade Dance","Slice+1"],"picked":"Acrobatics","floor":18.0},{"not_picked":["Distraction+1","Eviscerate+1"],"picked":"Escape Plan","floor":20.0},{"not_picked":["Prepared","Distraction"],"picked":"PiercingWail+1","floor":22.0},{"not_picked":["Tactician","Poisoned Stab"],"picked":"Cloak And Dagger","floor":23.0},{"not_picked":["Dash+1","Deadly Poison","Finisher"],"picked":"SKIP","floor":24.0},{"not_picked":["Quick Slash","Choke","Caltrops"],"picked":"SKIP","floor":27.0},{"not_picked":["Skewer","Flechettes","Bane"],"picked":"SKIP","floor":28.0},{"not_picked":["Blade Dance","Flying Knee"],"picked":"Footwork","floor":30.0},{"not_picked":["Glass Knife","Bullet Time"],"picked":"Night Terror","floor":33.0},{"not_picked":["Quick Slash","PiercingWail"],"picked":"Deadly Poison+1","floor":35.0},{"not_picked":["Discovery","Violence"],"picked":"Secret Technique","floor":37.0},{"not_picked":["Flechettes","Deadly Poison"],"picked":"Blur","floor":38.0},{"not_picked":["Acrobatics","Choke","Endless Agony"],"picked":"SKIP","floor":39},{"not_picked":["Deflect","Escape Plan"],"picked":"PiercingWail+1","floor":41}],"player_experience":1948271,"relics_obtained":[{"floor":7.0,"key":"Unceasing Top"},{"floor":9.0,"key":"Blue Candle"},{"floor":11.0,"key":"Happy Flower"},{"floor":23.0,"key":"Mango"},{"floor":26.0,"key":"Turnip"},{"floor":27.0,"key":"Anchor"},{"floor":30.0,"key":"White Beast Statue"},{"floor":41,"key":"PreservedInsect"}],"event_choices":[{"damage_healed":0.0,"max_hp_gain":0.0,"max_hp_loss":0.0,"gold_gain":0.0,"event_name":"Shining Light","player_choice":"Entered Light","floor":2.0,"gold_loss":0.0,"damage_taken":20.0,"cards_upgraded":["Outmaneuver","Dagger Spray"]},{"damage_healed":0.0,"max_hp_gain":0.0,"max_hp_loss":0.0,"gold_gain":0.0,"event_name":"Accursed Blacksmith","player_choice":"Rummage","floor":3.0,"gold_loss":0.0,"damage_taken":0.0,"relics_obtained":["WarpedTongs"],"cards_obtained":["Pain"]},{"cards_removed":["Unload"],"damage_healed":12.0,"max_hp_gain":10.0,"max_hp_loss":0.0,"gold_gain":0.0,"event_name":"Bonfire Elementals","player_choice":"Offered Rare","floor":19.0,"gold_loss":0.0,"damage_taken":0.0},{"damage_healed":0.0,"max_hp_gain":0.0,"max_hp_loss":0.0,"gold_gain":0.0,"event_name":"Ghosts","player_choice":"Ignored","floor":31.0,"gold_loss":0.0,"damage_taken":0.0},{"damage_healed":0.0,"max_hp_gain":0.0,"max_hp_loss":0.0,"gold_gain":0.0,"event_name":"Tomb of Lord Red Mask","player_choice":"Paid","floor":36.0,"gold_loss":9.0,"damage_taken":0.0,"relics_obtained":["Red Mask"]},{"damage_healed":0.0,"max_hp_gain":0.0,"max_hp_loss":0.0,"gold_gain":0.0,"event_name":"SensoryStone","player_choice":"Memory 1","floor":37.0,"gold_loss":0.0,"damage_taken":0.0}],"is_beta":false,"boss_relics":[{"not_picked":["WristBlade","Black Star"],"picked":"Ectoplasm"},{"not_picked":["Coffee Dripper","Runic Pyramid"],"picked":"Empty Cage"}],"items_purged_floors":[14],"is_endless":false,"potions_floor_spawned":[1,5,11,12,20,22,27,28,30,33,35,38,39,41],"killed_by":"Spire Growth","ascension_level":20}}