{"host":"s9znsjs818tlhh47","time":1608781859,"event":{"mods":["2.2 Compatiblity","AchievementEnabler","Act Like it!","BaseMod","Bestiary","Better Note","Better Skull","Better Third Choice","Better Vampires","Card Forge","Colored Powertips","Force Act Four","Gensokyo","Marked Mod","Minty Spire (QoL Compilation)","Permanent Neow","Quick Restart","RumiaBox-露米娅的神秘盒子","StSLib","TheWitcher","【功能Mod】混沌之环修复补丁","残留之物"],"gold_per_floor":[126,15,15,15,43,79,79,114,139,184,29,29,44,44,44,168,168,191,224,243,243,272,308,308,322,322,360,360,360,405,421,421,421,421],"floor_reached":33,"playtime":1822,"items_purged":["SnafuTest:DefaultCommonAttack"],"score":297,"play_id":"2f179e0f-582f-43a9-831f-5a5113cca446","local_time":"20201223225059","is_ascension_mode":false,"campfire_choices":[{"data":"SnafuTest:SpellArcaneDomain","floor":15.0,"key":"SMITH"},{"floor":24,"key":"REST"},{"floor":28,"key":"REST"},{"floor":32,"key":"REST"}],"circlet_count":0,"master_deck":["SnafuTest:DefaultCommonAttack","SnafuTest:DefaultCommonAttack","SnafuTest:BountyHunt+1","SnafuTest:DefaultCommonSkill","SnafuTest:DefaultCommonSkill","SnafuTest:DefaultCommonSkill+1","SnafuTest:SignQuen+1","SnafuTest:PowerBloodLust+1","SnafuTest:SpellIncendiaryShower","SnafuTest:PowerFireDamnation","SnafuTest:SignIgni","SnafuTest:SpellArcaneDomain+1","SnafuTest:Meditation","SnafuTest:FlashingEvasion+1","SnafuTest:MagePersecution","SnafuTest:PowerCounterAttack","SnafuTest:SpellChainLightning+1","SnafuTest:CalculatingAmbition+1","SnafuTest:SignAxii","SnafuTest:UnpredictablePuncture","SnafuTest:SignYrden","SnafuTest:PowerTrialOfGrasses"],"relics":["SnafuTest:PlaceholderRelic","Hammer of Thor","Seething Fire","Anvil of the Gods","Golden Idol","SnafuTest:IgniRelic","SnafuTest:AardRelic","Pocketwatch","Chemical X","Akabeko","Snecko Eye","War Paint","Lantern"],"acts_visited":["Exordium","TheCity"],"potions_floor_usage":[],"damage_taken":[{"damage":0.0,"enemies":"Cultist","floor":1.0,"turns":3.0},{"damage":0.0,"enemies":"2 Louse","floor":5.0,"turns":3.0},{"damage":16.0,"enemies":"Lagavulin","floor":6.0,"turns":6.0},{"damage":3.0,"enemies":"Jaw Worm","floor":8.0,"turns":3.0},{"damage":35.0,"enemies":"3 Sentries","floor":10.0,"turns":6.0},{"damage":0.0,"enemies":"Exordium Thugs","floor":13.0,"turns":2.0},{"damage":37.0,"enemies":"The Guardian","floor":16.0,"turns":6.0},{"damage":0.0,"enemies":"Spheric Guardian","floor":18.0,"turns":4.0},{"damage":0.0,"enemies":"3 Byrds","floor":19.0,"turns":4.0},{"damage":29.0,"enemies":"Centurion and Healer","floor":20.0,"turns":3.0},{"damage":5.0,"enemies":"Snecko","floor":22.0,"turns":3.0},{"damage":37,"enemies":"Book of Stabbing","floor":23,"turns":4},{"damage":6,"enemies":"Cultist and Chosen","floor":25,"turns":5},{"damage":19,"enemies":"Shelled Parasite and Fungi","floor":27,"turns":6},{"damage":22,"enemies":"Gremlin Leader","floor":30,"turns":5},{"damage":0,"enemies":"Snake Plant","floor":31,"turns":2},{"damage":38,"enemies":"Champ","floor":33,"turns":3}],"seed_played":"8675545378708884440","potions_obtained":[{"floor":5.0,"key":"Weak Potion"},{"floor":6.0,"key":"Dexterity Potion"},{"floor":18.0,"key":"FearPotion"},{"floor":29,"key":"Dexterity Potion"},{"floor":29,"key":"ColorlessPotion"}],"is_trial":false,"path_per_floor":["M","$","$","?","M","E","?","M","T","E","$","?","M","?","R","B",null,"M","M","M","?","M","E","R","M","T","M","R","?","E","M","R","B"],"character_chosen":"THE_WITCHER","items_purchased":["SnafuTest:PowerFireDamnation","Chemical X"],"campfire_rested":3,"item_purchase_floors":[2,11],"current_hp_per_floor":[75,75,75,75,75,59,75,72,72,37,37,25,25,50,50,13,75,75,75,46,46,41,4,26,20,20,1,23,23,1,1,23,0,0],"gold":421,"neow_bonus":"THREE_CARDS","is_daily":false,"chose_seed":false,"campfire_upgraded":1,"win_rate":0.0,"timestamp":1608781859,"path_taken":["M","$","?","?","M","E","?","?","T","E","$","?","M","?","R","BOSS","M","M","M","?","M","E","R","M","T","?","R","?","E","M","R","BOSS"],"items_purchased_type":["Card","Relic"],"build_version":"2020-12-22","purchased_purges":1,"victory":false,"max_hp_per_floor":[75,75,75,75,75,75,75,75,75,75,75,75,75,75,75,75,75,75,75,75,75,75,75,75,75,75,75,75,75,75,75,75,75,75],"card_choices":[{"not_picked":["SnafuTest:BombDimeritium","SnafuTest:SpellTortoise"],"picked":"SnafuTest:PowerBloodLust","floor":0.0},{"not_picked":["SnafuTest:DesperateRemediation","SnafuTest:SpellLifeDrain"],"picked":"SnafuTest:SpellIncendiaryShower","floor":1.0},{"not_picked":["SnafuTest:SneakKill","SnafuTest:FlashingEvasion"],"picked":"SnafuTest:SignIgni","floor":5.0},{"not_picked":["SnafuTest:SpellTelekinesis","SnafuTest:PowerProbingFeint"],"picked":"SnafuTest:SpellArcaneDomain","floor":6.0},{"not_picked":["SnafuTest:SpellHellfire","SnafuTest:WitchHunt"],"picked":"SnafuTest:Meditation","floor":8.0},{"not_picked":["SnafuTest:BombMoonDust","SnafuTest:FirstAid"],"picked":"SnafuTest:FlashingEvasion","floor":10.0},{"not_picked":["SnafuTest:Offering","SnafuTest:SwiftAssault","SnafuTest:FlashingRaid"],"picked":"SKIP","floor":13.0},{"not_picked":["SnafuTest:OtherWorld","SnafuTest:PowerRhymeBeyondTime"],"picked":"SnafuTest:MagePersecution","floor":16.0},{"not_picked":["SnafuTest:SpellTortoise","SnafuTest:Shooting","SnafuTest:BombDevilsPuffball"],"picked":"SKIP","floor":18.0},{"not_picked":["SnafuTest:Kick","SnafuTest:PowerVainGlory"],"picked":"SnafuTest:PowerCounterAttack","floor":19.0},{"not_picked":["SnafuTest:BombDancingStar","SnafuTest:BombDragonsDream"],"picked":"SnafuTest:SpellChainLightning+1","floor":20.0},{"not_picked":["SnafuTest:PaySmithWorkshop","SnafuTest:WitchHunt","SnafuTest:BombDragonsDream+1"],"picked":"SKIP","floor":22.0},{"not_picked":["SnafuTest:Meditation","SnafuTest:PayHappyHour+1"],"picked":"SnafuTest:CalculatingAmbition+1","floor":23},{"not_picked":["SnafuTest:Meditation","SnafuTest:MCMockAndRun"],"picked":"SnafuTest:SignAxii","floor":25},{"not_picked":["SnafuTest:PowerAlwaysOnRoads","SnafuTest:SignAard+1"],"picked":"SnafuTest:UnpredictablePuncture","floor":27},{"not_picked":["SnafuTest:WhiteWolfRise","SnafuTest:PowerVainGlory+1"],"picked":"SnafuTest:SignYrden","floor":30},{"not_picked":["SnafuTest:QueensGuard","SnafuTest:UnpredictablePuncture"],"picked":"SnafuTest:PowerTrialOfGrasses","floor":31}],"player_experience":284776,"relics_obtained":[{"floor":6.0,"key":"SnafuTest:IgniRelic"},{"floor":9.0,"key":"SnafuTest:AardRelic"},{"floor":10.0,"key":"Pocketwatch"},{"floor":23,"key":"War Paint"},{"floor":30,"key":"Lantern"}],"event_choices":[{"damage_healed":0.0,"max_hp_gain":0.0,"max_hp_loss":0.0,"gold_gain":0.0,"event_name":"Golden Idol","player_choice":"Take Wound","floor":4.0,"gold_loss":0.0,"damage_taken":0.0,"relics_obtained":["Golden Idol"],"cards_obtained":["Injury"]},{"damage_healed":16.0,"max_hp_gain":0.0,"max_hp_loss":0.0,"gold_gain":0.0,"event_name":"Wheel of Change","player_choice":"Full Heal","floor":7.0,"gold_loss":0.0,"damage_taken":0.0},{"damage_healed":0.0,"max_hp_gain":0.0,"max_hp_loss":0.0,"gold_gain":0.0,"event_name":"betterThird:BetterScrap","player_choice":"Relic ","floor":12.0,"gold_loss":0.0,"damage_taken":12.0,"cards_obtained":["MarkedMod:SlowDance"]},{"damage_healed":25.0,"max_hp_gain":0.0,"max_hp_loss":0.0,"gold_gain":0.0,"event_name":"Big Fish","player_choice":"Banana","floor":14.0,"gold_loss":0.0,"damage_taken":0.0},{"damage_healed":0.0,"max_hp_gain":0.0,"max_hp_loss":0.0,"gold_gain":0.0,"event_name":"betterNote:BetterNote","player_choice":"Ignored","floor":21.0,"gold_loss":0.0,"damage_taken":0.0,"cards_obtained":["Vigilance"]},{"damage_healed":0,"gold_gain":0,"player_choice":"Got Potions","damage_taken":0,"max_hp_gain":0,"max_hp_loss":0,"event_name":"Lab","floor":29,"gold_loss":0}],"is_beta":false,"boss_relics":[{"not_picked":["Coffee Dripper","Velvet Choker"],"picked":"Snecko Eye"}],"items_purged_floors":[2],"is_endless":false,"potions_floor_spawned":[5,6,18,20,27,31],"killed_by":"Champ","ascension_level":0}}