{"host":"v4s5k3c6jywmeofl","time":1608851017,"event":{"mods":["Act Like it!","BaseMod","Colored Map","Downfall","Gensokyo","Hallownest","Hermit","Marisa????????","Minty Spire (QoL Compilation)","Quick Restart","Random Character Button","Rare Cards Sparkle","Replay The Spire","StSLib","The Animator","The Bug Knight","The Cursed","The Hierophant","The Servant 0.9.4"],"gold_per_floor":[109,109,34,83,95,95,115,17,17,49,66,95,95,114,114,114,114],"floor_reached":16,"playtime":691,"items_purged":[],"score":135,"play_id":"209771cb-5cd0-4d8c-b341-7e17f9d8d94c","local_time":"20201224180337","is_ascension_mode":false,"campfire_choices":[{"data":"Replay:Undeath\u0027s Touch","floor":6,"key":"SMITH"},{"floor":15,"key":"REST"}],"circlet_count":0,"master_deck":["Strike_R","Strike_R","Strike_R","Strike_R","Defend_R","Defend_R","Defend_R","Defend_R","Bash","Sever Soul","Entrench","Hallownest:skillGreenpathMap","Replay:Undeath\u0027s Touch+1","Combust","Flex","Armaments","Iron Wave","Bloodletting","Twin Strike","Life Link"],"relics":["Burning Blood","Bronze Scales","Nunchaku","Shuriken","Replay:Rubber Ducky","Mercury Hourglass","Hallownest:DreamNailRelic"],"acts_visited":["Hallownest:Greenpath"],"potions_floor_usage":[16,16],"damage_taken":[{"damage":0,"enemies":"Hallownest:2_Tiktiks_and_1_Crawlid","floor":1,"turns":5},{"damage":0,"enemies":"Hallownest:monsterHuskWarrior","floor":5,"turns":4},{"damage":3,"enemies":"Hallownest:monsterHuskGuard","floor":7,"turns":3},{"damage":45,"enemies":"Hallownest:eliteCrystalGuardian","floor":10,"turns":6},{"damage":3,"enemies":"Hallownest:MossCreep_and_Mosskin","floor":11,"turns":5},{"damage":10,"enemies":"Hallownest:eliteVengeflyKing","floor":12,"turns":4},{"damage":9,"enemies":"Hallownest:Wandering_and_Horned","floor":14,"turns":3},{"damage":63,"enemies":"Hallownest:BossHornet","floor":16,"turns":7}],"seed_played":"8346300451451912610","potions_obtained":[{"floor":1,"key":"Guardian:BlockOnCardUsePotion"},{"floor":7,"key":"Venom Potion"},{"floor":12,"key":"LifebloodPotion"}],"is_trial":false,"path_per_floor":["M","?","?","T","M","R","M","$","T","E","M","E","?","M","R","B"],"character_chosen":"IRONCLAD","items_purchased":["Flex","Armaments"],"campfire_rested":1,"item_purchase_floors":[8,8],"current_hp_per_floor":[80,80,80,80,80,80,80,80,80,41,44,40,40,37,61,0,0],"gold":114,"neow_bonus":"RANDOM_COMMON_RELIC","is_daily":false,"chose_seed":false,"campfire_upgraded":1,"win_rate":0.0,"timestamp":1608851017,"path_taken":["M","?","?","?","M","R","M","?","T","E","?","E","?","?","R","BOSS"],"items_purchased_type":["Card","Card"],"build_version":"2020-12-22","purchased_purges":0,"victory":false,"max_hp_per_floor":[80,80,80,80,80,80,80,80,80,80,80,80,80,80,80,80,80],"card_choices":[{"not_picked":["Defy Death","Warcry"],"picked":"Sever Soul","floor":1},{"not_picked":["Dual Wield","Run Through"],"picked":"Replay:Undeath\u0027s Touch","floor":5},{"not_picked":["Clash","True Grit"],"picked":"Combust","floor":7},{"not_picked":["Twin Strike","Thunderclap"],"picked":"Iron Wave","floor":10},{"not_picked":["Fire Breathing","ReplayTheSpireMod:Limb From Limb"],"picked":"Bloodletting","floor":11},{"not_picked":["Dark Embrace","Sword Boomerang"],"picked":"Twin Strike","floor":12},{"not_picked":["Massacre","Whirlwind"],"picked":"Life Link","floor":14}],"player_experience":142424,"relics_obtained":[{"floor":4,"key":"Nunchaku"},{"floor":9,"key":"Shuriken"},{"floor":10,"key":"Replay:Rubber Ducky"},{"floor":12,"key":"Mercury Hourglass"}],"event_choices":[],"is_beta":false,"boss_relics":[],"items_purged_floors":[],"is_endless":false,"potions_floor_spawned":[1,7,12,14],"killed_by":"Hallownest:BossHornet","ascension_level":0}}