{"host":"3rixevx6n8b56xaj","time":1608825108,"event":{"mods":["2.2 Compatiblity","AchievementEnabler","Arknights The Spire","BaseMod","Colored Map","DeckTracker","Friendly Minions","Minty Spire (QoL Compilation)","StSLib","SuperFastMode"],"gold_per_floor":[119,119,69,69,144,144,174,193,193,63,63,73,86,100,100,201,201,213,213,227,239,10,10,41,41,41,41,57,72,72,72],"floor_reached":30,"playtime":1220,"items_purged":["ats:Strike G"],"score":275,"play_id":"4a8117b6-9c39-48eb-9550-3d42c04314ef","local_time":"20201225005148","is_ascension_mode":false,"campfire_choices":[{"data":"ats:Ignite","floor":6,"key":"SMITH"},{"data":"ats:True Silver Slash","floor":11,"key":"SMITH"},{"data":"ats:Burning Ground","floor":15,"key":"SMITH"},{"data":"ats:Calcification","floor":23,"key":"SMITH"},{"floor":25,"key":"REST"},{"data":"ats:Armor Crushing Shot","floor":27,"key":"SMITH"}],"circlet_count":0,"master_deck":["ats:Strike C","ats:Strike S","ats:Armor Crushing Shot+1","ats:Defend","ats:Defend","ats:Emotion Absorption","ats:Ignite+1","ats:Counter Healing Mode","ats:Burning Ground+1","ats:Leaping Hammer","ats:Explosion Area Strengthen","ats:True Silver Slash+1","ats:Calcification+1","ats:Childhood Dance","ats:Shadow Assault","ats:Collapsing Strike","ats:Powerful Strike+1","ats:Blood Oath+1","ats:Hammer On"],"relics":["ats:Sanity","NeowsBlessing","ats:Originium","Anchor","White Beast Statue","ats:Omniscience","ats:MaxSp1","ats:Originium","Pantograph","Sundial"],"acts_visited":["Exordium","TheCity"],"potions_floor_usage":[16,18,24],"damage_taken":[{"damage":0,"enemies":"2 Louse","floor":1,"turns":1},{"damage":0,"enemies":"3 Sentries","floor":7,"turns":1},{"damage":0,"enemies":"Small Slimes","floor":8,"turns":1},{"damage":0,"enemies":"Jaw Worm","floor":12,"turns":3},{"damage":0,"enemies":"Lots of Slimes","floor":13,"turns":2},{"damage":0,"enemies":"Exordium Wildlife","floor":14,"turns":3},{"damage":4,"enemies":"Slime Boss","floor":16,"turns":9},{"damage":13,"enemies":"Spheric Guardian","floor":18,"turns":5},{"damage":17,"enemies":"Shell Parasite","floor":20,"turns":7},{"damage":18,"enemies":"Cultist and Chosen","floor":21,"turns":7},{"damage":36,"enemies":"Slavers","floor":24,"turns":6},{"damage":20,"enemies":"Sentry and Sphere","floor":28,"turns":5},{"damage":0,"enemies":"Snecko","floor":29,"turns":3},{"damage":33,"enemies":"Book of Stabbing","floor":30,"turns":6}],"seed_played":"-1737893727928156584","potions_obtained":[{"floor":7,"key":"SpeedPotion"},{"floor":12,"key":"ats:Emergency Sanity Potion"},{"floor":13,"key":"Fruit Juice"},{"floor":14,"key":"Dexterity Potion"},{"floor":16,"key":"DuplicationPotion"},{"floor":18,"key":"Fruit Juice"},{"floor":19,"key":"BlessingOfTheForge"},{"floor":24,"key":"GamblersBrew"}],"is_trial":false,"path_per_floor":["M","?","?","?","?","R","E","M","T","$","R","M","M","M","R","B",null,"M","?","M","M","$","R","E","R","T","R","M","M","E"],"character_chosen":"DOCTOR_CLASS","items_purchased":["ats:Explosion Area Strengthen","ats:True Silver Slash","ats:MaxSp1"],"campfire_rested":1,"item_purchase_floors":[10,10,22],"current_hp_per_floor":[72,72,72,65,54,54,54,54,54,54,54,54,55,56,56,58,77,70,70,55,39,39,39,14,38,38,38,24,24,0,0],"gold":72,"neow_bonus":"THREE_ENEMY_KILL","is_daily":false,"chose_seed":false,"campfire_upgraded":5,"win_rate":0.0,"timestamp":1608825108,"path_taken":["M","?","?","?","?","R","E","?","T","?","R","M","M","M","R","BOSS","M","?","?","M","$","R","E","R","T","R","M","M","E"],"items_purchased_type":["Card","Card","Relic"],"build_version":"2020-12-22","purchased_purges":1,"victory":false,"max_hp_per_floor":[72,72,72,72,72,72,72,72,72,72,72,72,72,72,72,77,77,82,82,82,82,82,82,82,82,82,82,82,82,82,82],"card_choices":[{"not_picked":["ats:Burning Ground","ats:Assault Order"],"picked":"ats:Ignite","floor":1},{"not_picked":["ats:Leaping Hammer","ats:Directed Diagnosis"],"picked":"ats:Burning Ground","floor":7},{"not_picked":["ats:Powerful Strike","ats:Assault Order"],"picked":"ats:Leaping Hammer","floor":8},{"not_picked":["ats:Flexible Camouflage","ats:Powerful Strike"],"picked":"ats:Calcification","floor":12},{"not_picked":["ats:Soul Absorption","ats:Revitalization","ats:Assault Order"],"picked":"SKIP","floor":13},{"not_picked":["ats:Assault Order","ats:Counter Healing Mode"],"picked":"ats:Childhood Dance","floor":14},{"not_picked":["ats:Calcification","ats:Ambush"],"picked":"ats:Shadow Assault","floor":16},{"not_picked":["ats:Powerful Strike","ats:Explosion Area Strengthen+1"],"picked":"ats:Collapsing Strike","floor":18},{"not_picked":["ats:Flexible Camouflage","ats:Consecutive Shot Auto"],"picked":"ats:Powerful Strike+1","floor":20},{"not_picked":["ats:Consecutive Shot Auto","ats:Shell Defense"],"picked":"ats:Blood Oath+1","floor":21},{"not_picked":["ats:Curse Doll","ats:Shadow Raid"],"picked":"ats:Hammer On","floor":24},{"not_picked":["ats:Cat Scratch","ats:Childhood Dance","ats:Flexible Camouflage"],"picked":"SKIP","floor":28},{"not_picked":["ats:Wolf Pack","ats:Cat Scratch","ats:Curse Doll"],"picked":"SKIP","floor":29}],"player_experience":547587,"relics_obtained":[{"floor":7,"key":"ats:Originium"},{"floor":7,"key":"Anchor"},{"floor":9,"key":"White Beast Statue"},{"floor":24,"key":"ats:Originium"},{"floor":24,"key":"Pantograph"},{"floor":26,"key":"Sundial"}],"event_choices":[{"damage_healed":0,"gold_gain":0,"cards_transformed":["ats:Strike V"],"player_choice":"Change","damage_taken":0,"max_hp_gain":0,"max_hp_loss":0,"event_name":"Living Wall","floor":2,"gold_loss":0,"cards_obtained":["ats:Counter Healing Mode"]},{"cards_removed":["ats:Defend"],"damage_healed":0,"gold_gain":0,"player_choice":"Card Removal","damage_taken":0,"max_hp_gain":0,"max_hp_loss":0,"event_name":"The Cleric","floor":3,"gold_loss":50},{"cards_removed":["ats:Defend"],"damage_healed":0,"gold_gain":0,"player_choice":"Card Removal","damage_taken":7,"max_hp_gain":0,"max_hp_loss":0,"event_name":"Golden Wing","floor":4,"gold_loss":0},{"damage_healed":0,"gold_gain":75,"player_choice":"Gather Gold","damage_taken":11,"max_hp_gain":0,"max_hp_loss":0,"event_name":"World of Goop","floor":5,"gold_loss":0},{"damage_healed":0,"gold_gain":0,"player_choice":"Got Potions","damage_taken":0,"max_hp_gain":0,"max_hp_loss":0,"event_name":"Lab","floor":19,"gold_loss":0}],"is_beta":false,"boss_relics":[{"not_picked":["Fusion Hammer","Calling Bell"],"picked":"ats:Omniscience"}],"items_purged_floors":[22],"is_endless":false,"potions_floor_spawned":[7,12,13,14,16,18,20,21,24,28,29],"killed_by":"Book of Stabbing","ascension_level":0}}