{"host":"12","time":1608808457,"event":{"mods":["ATMod(°¢èªMod)","Act Like it!","BaseMod","Colored Powertips","Minty Spire (QoL Compilation)","StSLib","¡¾¹¦ÄÜMod¡¿»ìãçÖ®»·ÐÞ¸´²¹¶¡"],"gold_per_floor":[110,110,121,46,64,64,89,101,169,169,179,206,206,216,216,293,293,309,320,337,337,352,352,385,385,385,385,398,414,445,445,445,518,518,537,548,566,576,595,625,625,660,696,723,735,758,507,507,507,507,507,507,507,124,154,154],"floor_reached":57,"playtime":2676,"items_purged":["Strike_B","Defend_B","Strike_B"],"score":2836,"play_id":"61f4bdb3-a90c-4683-99aa-2bd9ec435978","local_time":"20201224191417","is_ascension_mode":true,"campfire_choices":[{"data":"Dualcast","floor":6.0,"key":"SMITH"},{"floor":13.0,"key":"DIG"},{"floor":15.0,"key":"DIG"},{"floor":23.0,"key":"DIG"},{"data":"Coolheaded","floor":25.0,"key":"SMITH"},{"floor":27.0,"key":"DIG"},{"floor":32.0,"key":"DIG"},{"floor":41.0,"key":"DIG"},{"floor":45.0,"key":"DIG"},{"floor":49.0,"key":"RECALL"},{"floor":53.0,"key":"DIG"}],"circlet_count":0,"master_deck":["AscendersBane","Defend_B","Defend_B","Zap","Dualcast+1","AT_TwilightShroud","Turbo","Coolheaded+1","Glacier","Storm","White Noise","Electrodynamics","Chill","AT_WaterDrop","Chill","Defragment+1","AT_EMC2+1","Recycle+1","Biased Cognition","Creative AI","Recycle+1","Reprogram","Amplify+1","Core Surge","Consume","AT_CelerityRune","AT_StudyProgram"],"relics":["Cracked Core","AT_ATBox","Shovel","Meat on the Bone","Blood Vial","AT_RedTearstoneRing","Torii","Inserter","Art of War","Tiny Chest","InkBottle","Bronze Scales","StoneCalendar","Nloth\u0027s Gift","Matryoshka","Empty Cage","Omamori","Girya","MawBank","Akabeko","AT_ChloranthyRing","AT_SunfireAegis","DataDisk","Blue Candle","Membership Card","AT_SpeedBoots","War Paint"],"acts_visited":["Exordium","TheCity","TheBeyond","TheEnding"],"potions_floor_usage":[56,56],"damage_taken":[{"damage":0.0,"enemies":"Jaw Worm","floor":1.0,"turns":1.0},{"damage":0.0,"enemies":"Cultist","floor":3.0,"turns":1.0},{"damage":0.0,"enemies":"Small Slimes","floor":5.0,"turns":1.0},{"damage":21.0,"enemies":"3 Sentries","floor":7.0,"turns":22.0},{"damage":22.0,"enemies":"Gremlin Gang","floor":8.0,"turns":9.0},{"damage":0.0,"enemies":"3 Louse","floor":11.0,"turns":4.0},{"damage":3.0,"enemies":"Lagavulin","floor":12.0,"turns":8.0},{"damage":7.0,"enemies":"Exordium Wildlife","floor":14.0,"turns":4.0},{"damage":23.0,"enemies":"The Guardian","floor":16.0,"turns":17.0},{"damage":23.0,"enemies":"Spheric Guardian","floor":18.0,"turns":16.0},{"damage":1.0,"enemies":"3 Byrds","floor":19.0,"turns":4.0},{"damage":30.0,"enemies":"Cultist and Chosen","floor":20.0,"turns":6.0},{"damage":7.0,"enemies":"3 Cultists","floor":22.0,"turns":3.0},{"damage":13.0,"enemies":"Gremlin Leader","floor":24.0,"turns":8.0},{"damage":12.0,"enemies":"Snecko","floor":28.0,"turns":4.0},{"damage":0.0,"enemies":"Centurion and Healer","floor":29.0,"turns":9.0},{"damage":22.0,"enemies":"Book of Stabbing","floor":30.0,"turns":5.0},{"damage":11.0,"enemies":"Collector","floor":33.0,"turns":10.0},{"damage":1.0,"enemies":"Orb Walker","floor":35.0,"turns":7.0},{"damage":15.0,"enemies":"3 Shapes","floor":36.0,"turns":5.0},{"damage":28.0,"enemies":"Sphere and 2 Shapes","floor":37.0,"turns":5.0},{"damage":33.0,"enemies":"3 Darklings","floor":38.0,"turns":3.0},{"damage":34.0,"enemies":"Transient","floor":39.0,"turns":6.0},{"damage":21.0,"enemies":"Nemesis","floor":40.0,"turns":9.0},{"damage":0.0,"enemies":"Reptomancer","floor":42.0,"turns":7.0},{"damage":16.0,"enemies":"Spire Growth","floor":44.0,"turns":4.0},{"damage":38.0,"enemies":"Jaw Worm Horde","floor":46.0,"turns":6.0},{"damage":9.0,"enemies":"Donu and Deca","floor":50.0,"turns":7.0},{"damage":1.0,"enemies":"Time Eater","floor":51.0,"turns":11.0},{"damage":47,"enemies":"Shield and Spear","floor":55,"turns":7},{"damage":26,"enemies":"The Heart","floor":56,"turns":9}],"seed_played":"-4153941585582811609","potions_obtained":[{"floor":2.0,"key":"EssenceOfSteel"},{"floor":2.0,"key":"FairyPotion"},{"floor":8.0,"key":"Swift Potion"},{"floor":22.0,"key":"Dexterity Potion"},{"floor":40.0,"key":"SteroidPotion"},{"floor":44.0,"key":"FearPotion"}],"is_trial":false,"path_per_floor":["M","?","M","$","M","R","E","M","T","?","M","E","R","M","R","B",null,"M","M","M","?","M","R","E","R","T","R","M","M","E","?","R","B",null,"M","M","M","M","M","E","R","E","T","M","R","M","$","T","R","B","B",null,"R","$","E","B",null],"character_chosen":"DEFECT","items_purchased":["Swift Potion","AT_CelerityRune","Membership Card","SteroidPotion","SteroidPotion","AT_StudyProgram","AT_SpeedBoots"],"campfire_rested":0,"item_purchase_floors":[47,47,54,54,54,54,54],"current_hp_per_floor":[64,64,64,64,64,64,43,21,21,21,33,42,42,37,37,28,60,39,40,24,24,31,31,32,32,32,32,34,36,28,28,28,31,61,62,49,35,16,33,26,26,40,40,38,38,14,14,14,14,19,32,61,61,61,28,16],"gold":154,"neow_bonus":"THREE_ENEMY_KILL","is_daily":false,"chose_seed":false,"campfire_upgraded":2,"win_rate":0.0,"timestamp":1608808457,"path_taken":["M","?","?","$","M","R","E","?","T","?","M","E","R","M","R","BOSS","BOSS","M","M","M","?","M","R","E","R","T","R","M","M","E","?","R","BOSS","M","M","M","?","?","E","R","E","T","M","R","M","$","?","R","BOSS","BOSS","R","$","E","BOSS"],"items_purchased_type":["Potion","Card","Relic","Potion","Potion","Card","Relic"],"build_version":"2020-12-18","purchased_purges":3,"victory":true,"max_hp_per_floor":[71,71,71,71,71,71,71,71,71,71,71,71,71,71,71,71,71,71,71,71,71,71,71,71,71,71,71,71,71,71,71,71,71,71,71,71,71,71,71,71,71,71,71,71,71,71,71,71,71,71,71,71,71,71,71,71],"card_choices":[{"not_picked":["Leap","Steam"],"picked":"Turbo","floor":1.0},{"not_picked":["Beam Cell","Go for the Eyes"],"picked":"Coolheaded","floor":3.0},{"not_picked":["Self Repair","Turbo"],"picked":"Glacier","floor":5.0},{"not_picked":["Coolheaded","Scrape"],"picked":"Storm","floor":7.0},{"not_picked":["Auto Shields","Melter"],"picked":"White Noise","floor":8.0},{"not_picked":["Beam Cell","Steam"],"picked":"Electrodynamics","floor":11.0},{"not_picked":["Go for the Eyes","Stack"],"picked":"Chill","floor":12.0},{"not_picked":["Undo","Blizzard","Streamline"],"picked":"SKIP","floor":14.0},{"not_picked":["Reboot","Electrodynamics"],"picked":"AT_WaterDrop","floor":16.0},{"not_picked":["Auto Shields","Sweeping Beam","Redo"],"picked":"SKIP","floor":18.0},{"not_picked":["Leap","Beam Cell+1"],"picked":"Chill","floor":19.0},{"not_picked":["Cold Snap","Fusion"],"picked":"Defragment+1","floor":20.0},{"not_picked":["Cold Snap","Rebound","AT_HeatAcrobatics"],"picked":"SKIP","floor":22.0},{"not_picked":["Cold Snap","Rebound","AT_HeatAcrobatics"],"picked":"SKIP","floor":22.0},{"not_picked":["Ball Lightning+1","Redo","Turbo"],"picked":"SKIP","floor":24.0},{"not_picked":["Doom and Gloom","Gash"],"picked":"AT_EMC2+1","floor":28.0},{"not_picked":["Aggregate+1","Turbo"],"picked":"Recycle","floor":29.0},{"not_picked":["Conserve Battery","Ball Lightning"],"picked":"Biased Cognition","floor":30.0},{"not_picked":["Buffer","Echo Form"],"picked":"Creative AI","floor":33.0},{"not_picked":["Coolheaded","Gash+1"],"picked":"Recycle+1","floor":35.0},{"not_picked":["Ball Lightning","FTL+1","Barrage+1"],"picked":"SKIP","floor":36.0},{"not_picked":["Auto Shields","Fusion","Loop"],"picked":"SKIP","floor":37.0},{"not_picked":["Cold Snap","Machine Learning"],"picked":"Reprogram","floor":38.0},{"not_picked":["Double Energy","AT_HeatAcrobatics"],"picked":"Amplify","floor":39.0},{"not_picked":["Double Energy","Multi-Cast"],"picked":"Core Surge","floor":40.0},{"not_picked":["Sweeping Beam","Compile Driver"],"picked":"Consume","floor":42.0},{"not_picked":["Hologram","Compile Driver","Echo Form"],"picked":"SKIP","floor":44.0},{"not_picked":["Rip and Tear","Scrape","Barrage"],"picked":"SKIP","floor":46.0},{"not_picked":["Multi-Cast","Redo","Buffer"],"picked":"SKIP","floor":55}],"player_experience":566095,"relics_obtained":[{"floor":7.0,"key":"Shovel"},{"floor":9.0,"key":"Meat on the Bone"},{"floor":12.0,"key":"Blood Vial"},{"floor":13.0,"key":"AT_RedTearstoneRing"},{"floor":15.0,"key":"Torii"},{"floor":23.0,"key":"Art of War"},{"floor":24.0,"key":"Tiny Chest"},{"floor":26.0,"key":"InkBottle"},{"floor":27.0,"key":"Bronze Scales"},{"floor":30.0,"key":"StoneCalendar"},{"floor":32.0,"key":"Matryoshka"},{"floor":40.0,"key":"Omamori"},{"floor":41.0,"key":"Girya"},{"floor":42.0,"key":"MawBank"},{"floor":43.0,"key":"Akabeko"},{"floor":43.0,"key":"AT_ChloranthyRing"},{"floor":45.0,"key":"AT_SunfireAegis"},{"floor":48.0,"key":"DataDisk"},{"floor":53.0,"key":"Blue Candle"},{"floor":55,"key":"War Paint"}],"event_choices":[{"damage_healed":0.0,"max_hp_gain":0.0,"max_hp_loss":0.0,"gold_gain":0.0,"event_name":"Lab","player_choice":"Got Potions","floor":2.0,"gold_loss":0.0,"damage_taken":0.0},{"damage_healed":0.0,"max_hp_gain":0.0,"max_hp_loss":0.0,"gold_gain":0.0,"event_name":"Shining Light","player_choice":"Ignored","floor":10.0,"gold_loss":0.0,"damage_taken":0.0},{"cards_removed":["Strike_B"],"damage_healed":0.0,"max_hp_gain":0.0,"max_hp_loss":0.0,"gold_gain":0.0,"event_name":"Back to Basics","player_choice":"Elegance","floor":21.0,"gold_loss":0.0,"damage_taken":0.0},{"damage_healed":0.0,"max_hp_gain":0.0,"max_hp_loss":0.0,"gold_gain":0.0,"event_name":"N\u0027loth","player_choice":"Traded Relic","floor":31.0,"relics_lost":["NeowsBlessing"],"gold_loss":0.0,"damage_taken":0.0,"relics_obtained":["Nloth\u0027s Gift"]}],"is_beta":true,"boss_relics":[{"not_picked":["Velvet Choker","Sozu"],"picked":"Inserter"},{"not_picked":["Astrolabe","Pandora\u0027s Box"],"picked":"Empty Cage"}],"items_purged_floors":[4,47,54],"is_endless":false,"potions_floor_spawned":[7,8,11,14,18,22,28,30,33,36,40,44],"ascension_level":20}}