{"host":"ds1yr10zonoc6w4a","time":1608835555,"event":{"mods":["2.2 Compatiblity","AchievementEnabler","Act Like it!","BaseMod","Downfall","Elementarium","Gensokyo","Infinite Spire","Jorbs\u0027s Wanderer Trilogy","Koishi","Menagerie","Minty Spire (QoL Compilation)","Pale of the Ancients","StSLib","The Animator","Wandering Minibosses"],"gold_per_floor":[121,121,121,136,166,166,166,210,210,231,257,38,102,115,115,241,241,277,300,300,339,358,397,14,60,83,83,83,118,118,118],"floor_reached":30,"playtime":4586,"items_purged":["animator:Strike","animator:Strike"],"score":510,"play_id":"2abaadfb-8321-465d-8795-dd4ba8b80135","local_time":"20201224114555","is_ascension_mode":true,"campfire_choices":[{"data":"animator:PandorasActor","floor":6,"key":"SMITH"},{"data":"Menagerie:MirarisWake","floor":15,"key":"SMITH"},{"floor":28,"key":"RECALL"}],"circlet_count":0,"master_deck":["AscendersBane","animator:Strike_TenSura","animator:Defend_TenSura","animator:Strike","animator:Defend","animator:Defend","animator:Defend","animator:Benimaru","animator:Shuna","animator:PandorasActor+1","animator:Cocytus","animator:NarberalGamma","Menagerie:MirarisWake+1","animator:Entoma+7","animator:Nanami","animator:Vesta","animator:Albedo","animator:Veldora","animator:Rimuru","animator:Millim+3","animator:Shion","infinitespire:FutureSight","animator:GazelDwargon+1","animator:AcuraAkari+1","animator:CowGirl+1","Gensokyo:BlemishedSteel","Gensokyo:Shovel","Gensokyo:LockedMedkit","Gensokyo:TarnishedGold","animator:Tet","animator:DolaRiku"],"relics":["animator:LivingPicture","animator:TheMissingPiece","Calipers","Golden Idol","Bag of Preparation","infinitespire:CheckeredPen","Happy Flower","infinitespire:Satchel","animator:CursedGlyph","Sozu","Bottled Flame","Philosopher\u0027s Stone","wanderingMiniBosses:Blackblade","infinitespire:Joker Card","OrangePellets","Paper Crane","animator:AlchemistGlove"],"acts_visited":["Menagerie:Menagerie","Gensokyo:Gensokyoer"],"potions_floor_usage":[8,22],"damage_taken":[{"damage":1,"enemies":"Menagerie:2_RABBITS","floor":1,"turns":5},{"damage":0,"enemies":"Menagerie:WhisperingWraith","floor":4,"turns":4},{"damage":0,"enemies":"Menagerie:StygianBoar","floor":5,"turns":3},{"damage":25,"enemies":"Menagerie:Hydra","floor":8,"turns":6},{"damage":3,"enemies":"Menagerie:BEAST_MAGE_AND_PROWLING_AMALGAM","floor":10,"turns":6},{"damage":0,"enemies":"Menagerie:RedMage","floor":11,"turns":5},{"damage":0,"enemies":"Menagerie:MaskedSummoner","floor":13,"turns":6},{"damage":2,"enemies":"Menagerie:3_RABBITS","floor":14,"turns":4},{"damage":2,"enemies":"Menagerie:Suneater","floor":16,"turns":8},{"damage":0,"enemies":"Gensokyo:CosmicMonolith","floor":18,"turns":5},{"damage":22,"enemies":"Gensokyo:Chomper","floor":19,"turns":6},{"damage":15,"enemies":"Gensokyo:Swordslinger","floor":21,"turns":4},{"damage":35,"enemies":"Gensokyo:3_Gloops","floor":22,"turns":8},{"damage":6,"enemies":"Gensokyo:Tenshi","floor":23,"turns":3},{"damage":0,"enemies":"Gensokyo:Koishi","floor":25,"turns":4},{"damage":8,"enemies":"Gensokyo:Tenshi","floor":29,"turns":2},{"damage":7,"enemies":"Gensokyo:Wraith","floor":30,"turns":2}],"seed_played":"7434005723013539689","potions_obtained":[{"floor":4,"key":"FairyPotion"},{"floor":5,"key":"SteroidPotion"},{"floor":13,"key":"SteroidPotion"},{"floor":16,"key":"LiquidMemories"}],"is_trial":false,"path_per_floor":["M","?","?","M","M","R","?","E","T","M","M","$","E","M","R","B",null,"M","M","AVR","M","M","E","COS","E","T","?","R","E","M"],"character_chosen":"THE_ANIMATOR","items_purchased":["Happy Flower"],"campfire_rested":0,"item_purchase_floors":[12],"current_hp_per_floor":[58,58,42,43,43,43,43,19,19,16,18,18,20,20,20,21,60,62,41,41,26,16,12,12,12,12,12,12,5,0,0],"gold":118,"neow_bonus":"ONE_RARE_RELIC","is_daily":false,"chose_seed":false,"campfire_upgraded":2,"win_rate":0.0,"timestamp":1608835555,"path_taken":["M","?","?","M","M","R","?","E","T","M","M","$","E","?","R","BOSS","M","M","AVR","M","M","E","COS","E","T","?","R","E","?"],"items_purchased_type":["Relic"],"build_version":"2020-12-22","purchased_purges":2,"victory":false,"max_hp_per_floor":[66,66,66,67,67,67,67,68,68,68,70,70,72,70,70,73,73,75,76,76,76,78,80,80,80,80,80,80,81,81,81],"card_choices":[{"not_picked":["animator:Guy","animator:Shinoa"],"picked":"animator:PandorasActor","floor":1},{"not_picked":["animator:ZankiKiguchi","animator:FielNirvalen"],"picked":"animator:Cocytus","floor":4},{"not_picked":["animator:Fredrika","animator:Shinoa"],"picked":"animator:NarberalGamma","floor":5},{"not_picked":["Menagerie:CrumblingSanctuary","Menagerie:LightningBolt"],"picked":"Menagerie:MirarisWake","floor":7},{"not_picked":["animator:Evileye","animator:Demiurge"],"picked":"animator:Entoma","floor":8},{"not_picked":["animator:Spearman","animator:Witch"],"picked":"animator:Nanami","floor":10},{"not_picked":["animator:PandorasActor","animator:Shichika"],"picked":"animator:Vesta","floor":11},{"not_picked":["animator:FielNirvalen","animator:Vesta"],"picked":"animator:Albedo","floor":13},{"not_picked":["animator:Shizu","animator:Shion"],"picked":"animator:Veldora","floor":14},{"not_picked":["animator:Shiro","animator:Ainz"],"picked":"animator:Rimuru","floor":16},{"not_picked":["animator:Emonzaemon","animator:Nanami"],"picked":"animator:Millim+1","floor":18},{"not_picked":["animator:ZankiKiguchi+1","animator:DwarfShaman"],"picked":"animator:Shion","floor":19},{"not_picked":["animator:DolaStephanie","animator:Togame"],"picked":"animator:GazelDwargon+1","floor":21},{"not_picked":["animator:Shuna","animator:Benimaru"],"picked":"animator:Millim","floor":22},{"not_picked":["animator:Emonzaemon","animator:Benimaru"],"picked":"animator:AcuraAkari+1","floor":22},{"not_picked":["animator:Layla+1","animator:Witch"],"picked":"animator:CowGirl+1","floor":23},{"not_picked":["animator:Priestess","animator:Witch"],"picked":"animator:Tet","floor":25},{"not_picked":["animator:Shinoa+1","animator:Shigure"],"picked":"animator:DolaRiku","floor":29}],"player_experience":512213,"relics_obtained":[{"floor":8,"key":"Bag of Preparation"},{"floor":9,"key":"infinitespire:CheckeredPen"},{"floor":13,"key":"infinitespire:Satchel"},{"floor":14,"key":"animator:CursedGlyph"},{"floor":22,"key":"wanderingMiniBosses:Blackblade"},{"floor":23,"key":"infinitespire:Joker Card"},{"floor":25,"key":"Paper Crane"},{"floor":29,"key":"animator:AlchemistGlove"}],"event_choices":[{"cards_removed":["Decay"],"damage_healed":0,"gold_gain":0,"player_choice":"Snake","damage_taken":0,"max_hp_gain":0,"max_hp_loss":0,"event_name":"Menagerie:ThreeAnimals","floor":2,"gold_loss":0},{"damage_healed":0,"gold_gain":0,"player_choice":"Take Damage","damage_taken":16,"relics_obtained":["Golden Idol"],"max_hp_gain":0,"max_hp_loss":0,"event_name":"Golden Idol","floor":3,"gold_loss":0},{"damage_healed":0,"gold_gain":0,"player_choice":"Peek","damage_taken":0,"max_hp_gain":0,"max_hp_loss":0,"event_name":"Menagerie:OvergrownLibrary","floor":7,"gold_loss":0}],"is_beta":false,"boss_relics":[{"not_picked":["Cursed Key","animator:CursedBlade"],"picked":"Sozu"}],"items_purged_floors":[12,20],"is_endless":false,"potions_floor_spawned":[4,5,13,16,18,21,29],"killed_by":"Gensokyo:Wraith","ascension_level":10}}