{"host":"1s3zwrha01am7rbu","time":1608768834,"event":{"mods":["AchievementEnabler","BaseMod","Better Note","Block Reminder","Colored Map","Colored Powertips","Curses Come First","DeckTracker","Emptier Cage","Minty Spire (QoL Compilation)","Quick Restart","Rare Cards Sparkle","Relic Stats","StSLib","SuperFastMode","Uncapped","Unceasing Turn Reminder","everything is the same but u backflip on backflip"],"gold_per_floor":[134,164,195,227,78,132,207,172,195,195,232,245,245,274,274,392,392,432,432,432,452,463,463,463],"floor_reached":23,"playtime":806,"items_purged":["Writhe"],"score":280,"play_id":"52f05edc-32c7-451f-b215-b258f9e1b24a","local_time":"20201223191354","is_ascension_mode":false,"campfire_choices":[{"data":"Vault","floor":10,"key":"SMITH"},{"floor":13,"key":"REST"},{"data":"CutThroughFate","floor":15,"key":"SMITH"}],"circlet_count":0,"master_deck":["Strike_P","Strike_P","Strike_P","Defend_P","Defend_P","Defend_P","Defend_P","Eruption","Vigilance","HandOfGreed","CutThroughFate+1","SandsOfTime","BattleHymn","WindmillStrike","Vault+1","DeusExMachina","SandsOfTime+1"],"relics":["PureWater","Bird Faced Urn","Nunchaku","Bag of Preparation","Philosopher\u0027s Stone"],"acts_visited":["Exordium","TheCity"],"potions_floor_usage":[12,14,23],"damage_taken":[{"damage":4,"enemies":"Cultist","floor":1,"turns":4},{"damage":0,"enemies":"Jaw Worm","floor":2,"turns":4},{"damage":5,"enemies":"Small Slimes","floor":3,"turns":3},{"damage":0,"enemies":"Exordium Thugs","floor":4,"turns":2},{"damage":21,"enemies":"3 Sentries","floor":6,"turns":5},{"damage":14,"enemies":"Lots of Slimes","floor":7,"turns":7},{"damage":0,"enemies":"Looter","floor":11,"turns":2},{"damage":0,"enemies":"Red Slaver","floor":12,"turns":2},{"damage":0,"enemies":"Lagavulin","floor":14,"turns":4},{"damage":0,"enemies":"Slime Boss","floor":16,"turns":4},{"damage":16,"enemies":"2 Thieves","floor":18,"turns":5},{"damage":0,"enemies":"Chosen","floor":21,"turns":3},{"damage":0,"enemies":"Snake Plant","floor":22,"turns":2},{"damage":25,"enemies":"Slavers","floor":23,"turns":3}],"seed_played":"-8737159207949081606","potions_obtained":[{"floor":2,"key":"Swift Potion"},{"floor":4,"key":"Fire Potion"},{"floor":11,"key":"SpeedPotion"},{"floor":12,"key":"StancePotion"},{"floor":14,"key":"Strength Potion"},{"floor":22,"key":"SmokeBomb"}],"is_trial":false,"path_per_floor":["M","M","M","M","$","E","M","?","T","R","M","M","R","E","R","B",null,"M","?","?","M","M","E"],"character_chosen":"WATCHER","items_purchased":["WindmillStrike"],"campfire_rested":1,"item_purchase_floors":[5],"current_hp_per_floor":[68,68,63,63,63,42,28,46,46,46,46,46,67,69,69,71,72,58,58,58,60,60,37,37],"gold":463,"neow_bonus":"RANDOM_COLORLESS_2","is_daily":false,"chose_seed":false,"campfire_upgraded":2,"win_rate":0.0,"timestamp":1608768834,"path_taken":["M","M","M","M","$","E","M","?","T","R","M","M","R","E","R","BOSS","M","?","?","M","?","E"],"items_purchased_type":["Card"],"build_version":"2020-12-22","purchased_purges":1,"victory":false,"max_hp_per_floor":[72,72,72,72,72,72,72,72,72,72,72,72,72,72,72,72,72,72,72,72,72,72,72,72],"relic_stats":{"Nunchaku":[4],"counters":[14,50],"Bird Faced Urn":[10],"Bag of Preparation":[10],"obtain_stats":[{"Nunchaku":9,"Bird Faced Urn":6,"Philosopher\u0027s Stone":17,"Bag of Preparation":14,"PureWater":0},{"Nunchaku":6,"Bird Faced Urn":5,"Philosopher\u0027s Stone":10,"Bag of Preparation":9,"PureWater":0},{"Nunchaku":25,"Bird Faced Urn":18,"Philosopher\u0027s Stone":37,"Bag of Preparation":33,"PureWater":0}]},"card_choices":[{"not_picked":["The Bomb","Violence"],"picked":"HandOfGreed","floor":0},{"not_picked":["Perseverance","Wireheading"],"picked":"CutThroughFate","floor":1},{"not_picked":["Crescendo","FlurryOfBlows"],"picked":"SandsOfTime","floor":2},{"not_picked":["Evaluate","BowlingBash"],"picked":"BattleHymn","floor":3},{"not_picked":["DeceiveReality","Swivel","Tantrum"],"picked":"SKIP","floor":4},{"not_picked":["Crescendo","Fasting2","CrushJoints"],"picked":"SKIP","floor":6},{"not_picked":["Consecrate","CrushJoints"],"picked":"Vault","floor":7},{"not_picked":["Prostrate","TalkToTheHand","Consecrate"],"picked":"SKIP","floor":11},{"not_picked":["PathToVictory","CarveReality","FlyingSleeves"],"picked":"SKIP","floor":12},{"not_picked":["Prostrate","FlurryOfBlows","CutThroughFate"],"picked":"SKIP","floor":14},{"not_picked":["Weave+1","PathToVictory","EmptyBody+1"],"picked":"SKIP","floor":18},{"not_picked":["Protect","EmptyFist"],"picked":"SandsOfTime+1","floor":21},{"not_picked":["FlurryOfBlows+1","Prostrate","FollowUp"],"picked":"SKIP","floor":22}],"player_experience":194351,"relics_obtained":[{"floor":6,"key":"Bird Faced Urn"},{"floor":9,"key":"Nunchaku"},{"floor":14,"key":"Bag of Preparation"}],"event_choices":[{"damage_healed":18,"gold_gain":0,"player_choice":"Healed","damage_taken":0,"max_hp_gain":0,"max_hp_loss":0,"event_name":"The Cleric","floor":8,"gold_loss":35},{"damage_healed":0,"gold_gain":0,"player_choice":"Ignored","damage_taken":0,"max_hp_gain":0,"max_hp_loss":0,"event_name":"betterNote:BetterNote","floor":19,"gold_loss":0,"cards_obtained":["Judgement"]},{"damage_healed":0,"gold_gain":0,"cards_transformed":["Strike_P"],"player_choice":"Transformed","damage_taken":0,"max_hp_gain":0,"max_hp_loss":0,"event_name":"Transmorgrifier","floor":20,"gold_loss":0,"cards_obtained":["DeusExMachina"]}],"is_beta":false,"boss_relics":[{"not_picked":["Snecko Eye","Runic Dome"],"picked":"Philosopher\u0027s Stone"}],"items_purged_floors":[5],"is_endless":false,"potions_floor_spawned":[2,4,11,12,14,22],"killed_by":"Slavers","ascension_level":0}}