{"host":"m6aaltr68g9tvoay","time":1608804252,"event":{"mods":["AchievementEnabler","BaseMod","Colored Map","Minty Spire (QoL Compilation)","StSLib"],"gold_per_floor":[118,129,129,129,142,178,178,219,219,113,113,127,152,171,171,260,260,260,273,198,198,28,28,49,65,65,65,104,104,104,127,127,222,222,240,240,259,104,437,437,466,466,466,476,476,490,490,510,510,510],"floor_reached":51,"playtime":1992,"items_purged":[],"score":1356,"play_id":"1894f68d-95d2-4876-8e7d-5ba673409952","local_time":"20201224020412","is_ascension_mode":true,"campfire_choices":[{"floor":7.0,"key":"REST"},{"floor":11.0,"key":"REST"},{"data":"Static Discharge","floor":15.0,"key":"SMITH"},{"data":"Defragment","floor":23.0,"key":"SMITH"},{"floor":27,"key":"REST"},{"floor":32,"key":"REST"},{"floor":40,"key":"REST"},{"data":"Panacea","floor":45,"key":"SMITH"},{"data":"Buffer","floor":47,"key":"SMITH"},{"floor":49,"key":"REST"}],"circlet_count":0,"master_deck":["AscendersBane","Strike_B+1","Strike_B+1","Defend_B+1","Defend_B+1","Defend_B+1","Zap","Dualcast+1","Buffer+1","Sunder","Rebound","BootSequence","Glacier","Static Discharge+1","Echo Form","Hyperbeam+1","Biased Cognition+1","Lockon+1","Melter","Defragment+1","Capacitor","BootSequence+1","Defragment+1","Tempest","Leap","Panacea+1","Doubt","Barrage+1","Force Field"],"relics":["FrozenCore","Matryoshka","Singing Bowl","War Paint","Pear","Astrolabe","Pantograph","Bottled Tornado","Molten Egg 2","Gremlin Horn","Calipers","Mummified Hand"],"acts_visited":["Exordium","TheCity","TheBeyond"],"potions_floor_usage":[33,50],"damage_taken":[{"damage":3.0,"enemies":"2 Louse","floor":1.0,"turns":4.0},{"damage":8.0,"enemies":"Small Slimes","floor":2.0,"turns":4.0},{"damage":12.0,"enemies":"Jaw Worm","floor":5.0,"turns":2.0},{"damage":28.0,"enemies":"3 Sentries","floor":6.0,"turns":5.0},{"damage":8.0,"enemies":"Lagavulin","floor":8.0,"turns":6.0},{"damage":14.0,"enemies":"Large Slime","floor":12.0,"turns":7.0},{"damage":1.0,"enemies":"3 Louse","floor":13.0,"turns":5.0},{"damage":0.0,"enemies":"2 Fungi Beasts","floor":14.0,"turns":3.0},{"damage":30.0,"enemies":"Hexaghost","floor":16.0,"turns":9.0},{"damage":0.0,"enemies":"3 Byrds","floor":18.0,"turns":2.0},{"damage":18.0,"enemies":"Spheric Guardian","floor":19.0,"turns":4.0},{"damage":0.0,"enemies":"Snecko","floor":24.0,"turns":5.0},{"damage":51,"enemies":"Cultist and Chosen","floor":25,"turns":5},{"damage":20,"enemies":"Book of Stabbing","floor":28,"turns":7},{"damage":25,"enemies":"Centurion and Healer","floor":31,"turns":5},{"damage":18,"enemies":"Automaton","floor":33,"turns":14},{"damage":19,"enemies":"3 Darklings","floor":35,"turns":5},{"damage":4,"enemies":"3 Shapes","floor":37,"turns":5},{"damage":69,"enemies":"Reptomancer","floor":41,"turns":8},{"damage":1,"enemies":"Writhing Mass","floor":44,"turns":8},{"damage":0,"enemies":"4 Shapes","floor":46,"turns":3},{"damage":19,"enemies":"3 Darklings","floor":48,"turns":6},{"damage":42,"enemies":"Time Eater","floor":50,"turns":7}],"seed_played":"2774394775429446021","potions_obtained":[{"floor":1.0,"key":"EssenceOfSteel"},{"floor":5.0,"key":"SteroidPotion"},{"floor":24.0,"key":"Strength Potion"},{"floor":25,"key":"Ancient Potion"},{"floor":37,"key":"Ancient Potion"},{"floor":46,"key":"FocusPotion"}],"is_trial":false,"path_per_floor":["M","M","?","?","M","E","R","E","T","$","R","M","M","M","R","B",null,"M","M","?","?","$","R","M","M","T","R","E","?","T","M","R","B",null,"M","?","M","$","?","R","E","?","T","M","R","M","R","M","R","B",null],"character_chosen":"DEFECT","items_purchased":["SmokeBomb","Melter","Defragment","Leap","Panacea"],"campfire_rested":6,"item_purchase_floors":[10,22,22,38,38],"current_hp_per_floor":[61,53,53,53,41,13,34,26,36,36,60,48,49,49,49,19,69,69,53,53,70,70,70,72,21,21,47,27,27,27,4,31,40,80,61,61,57,57,57,84,17,95,95,96,96,96,96,77,97,55],"gold":510,"neow_bonus":"ONE_RANDOM_RARE_CARD","is_daily":false,"chose_seed":false,"campfire_upgraded":4,"win_rate":0.0,"timestamp":1608804252,"path_taken":["M","M","?","?","M","E","R","E","T","$","R","?","M","M","R","BOSS","M","M","?","?","$","R","M","M","T","R","E","?","?","M","R","BOSS","M","?","M","$","?","R","E","?","T","M","R","M","R","M","R","BOSS"],"items_purchased_type":["Potion","Card","Card","Card","Card"],"build_version":"2020-12-22","purchased_purges":0,"victory":true,"max_hp_per_floor":[71,71,71,71,71,71,71,71,81,81,81,83,85,85,85,85,85,85,87,87,87,87,87,89,89,89,89,89,89,89,91,91,93,93,93,93,93,93,93,93,95,95,95,97,97,97,97,97,97,97],"card_choices":[{"not_picked":["Compile Driver","Steam Power"],"picked":"Sunder","floor":1.0},{"not_picked":["Hologram","Beam Cell"],"picked":"Conserve Battery","floor":2.0},{"not_picked":["Steam Power","Beam Cell"],"picked":"Rebound","floor":5.0},{"not_picked":["Static Discharge","Steam"],"picked":"BootSequence","floor":6.0},{"not_picked":["Double Energy","Hologram"],"picked":"Glacier","floor":8.0},{"not_picked":["Auto Shields","Coolheaded","Stack"],"picked":"Singing Bowl","floor":12.0},{"not_picked":["Turbo","Recycle","Barrage"],"picked":"Singing Bowl","floor":13.0},{"not_picked":["Stack","Fusion"],"picked":"Static Discharge","floor":14.0},{"not_picked":["Machine Learning","Amplify"],"picked":"Echo Form","floor":16.0},{"not_picked":["Barrage","Coolheaded","Scrape+1"],"picked":"Singing Bowl","floor":19.0},{"not_picked":["Chaos","Ball Lightning","Hologram"],"picked":"Singing Bowl","floor":24.0},{"not_picked":["Fusion","Scrape"],"picked":"Capacitor","floor":25},{"not_picked":["Conserve Battery","Steam"],"picked":"BootSequence+1","floor":28},{"not_picked":["Gash+1","Compile Driver+1","Heatsinks"],"picked":"Singing Bowl","floor":31},{"not_picked":["Reboot","Hyperbeam+1","Machine Learning"],"picked":"Singing Bowl","floor":33},{"not_picked":["Consume","Heatsinks"],"picked":"Defragment+1","floor":35},{"not_picked":["Compile Driver+1","Sweeping Beam+1"],"picked":"Tempest","floor":37},{"not_picked":["Cold Snap+1","Conserve Battery","Turbo+1"],"picked":"Singing Bowl","floor":41},{"not_picked":["Coolheaded","Streamline+1","Sunder+1"],"picked":"Singing Bowl","floor":44},{"not_picked":["Conserve Battery","Cold Snap+1"],"picked":"Barrage+1","floor":46},{"not_picked":["Echo Form","Redo"],"picked":"Force Field","floor":48}],"player_experience":1308370,"relics_obtained":[{"floor":6.0,"key":"Matryoshka"},{"floor":8.0,"key":"Singing Bowl"},{"floor":9.0,"key":"War Paint"},{"floor":9.0,"key":"Pear"},{"floor":26,"key":"Pantograph"},{"floor":26,"key":"Bottled Tornado"},{"floor":28,"key":"Molten Egg 2"},{"floor":30,"key":"Gremlin Horn"},{"floor":41,"key":"Calipers"},{"floor":43,"key":"Mummified Hand"}],"event_choices":[{"damage_healed":0.0,"max_hp_gain":0.0,"max_hp_loss":0.0,"gold_gain":0.0,"event_name":"Golden Idol","player_choice":"Take Wound","floor":3.0,"gold_loss":0.0,"damage_taken":0.0,"relics_obtained":["Golden Idol"],"cards_obtained":["Injury"]},{"damage_healed":0.0,"max_hp_gain":0.0,"max_hp_loss":0.0,"gold_gain":0.0,"event_name":"Liars Game","player_choice":"Ignored","floor":4.0,"gold_loss":0.0,"damage_taken":0.0},{"cards_removed":["Injury"],"damage_healed":0.0,"max_hp_gain":0.0,"max_hp_loss":0.0,"gold_gain":0.0,"event_name":"Beggar","player_choice":"Gave Gold","floor":20.0,"gold_loss":75.0,"damage_taken":0.0},{"damage_healed":17.0,"max_hp_gain":0.0,"max_hp_loss":0.0,"gold_gain":0.0,"event_name":"The Library","player_choice":"Heal","floor":21.0,"gold_loss":0.0,"damage_taken":0.0},{"damage_healed":0,"gold_gain":0,"player_choice":"Simplicity","damage_taken":0,"max_hp_gain":0,"max_hp_loss":0,"event_name":"Back to Basics","floor":29,"gold_loss":0,"cards_upgraded":["Strike_B","Strike_B","Defend_B","Defend_B"]},{"cards_removed":["Conserve Battery"],"damage_healed":0,"gold_gain":0,"player_choice":"Removed Skill","damage_taken":0,"max_hp_gain":0,"max_hp_loss":0,"event_name":"Falling","floor":36,"gold_loss":0},{"damage_healed":0,"gold_gain":333,"player_choice":"Gave Idol","damage_taken":0,"max_hp_gain":0,"max_hp_loss":0,"event_name":"The Moai Head","floor":39,"relics_lost":["Golden Idol"],"gold_loss":0},{"damage_healed":78,"gold_gain":0,"player_choice":"Heal","damage_taken":0,"max_hp_gain":0,"max_hp_loss":0,"event_name":"MindBloom","floor":42,"gold_loss":0,"cards_obtained":["Doubt"]}],"is_beta":false,"boss_relics":[{"not_picked":["Tiny House","SlaversCollar"],"picked":"Astrolabe"},{"not_picked":["Empty Cage","Runic Dome"],"picked":"FrozenCore"}],"items_purged_floors":[],"is_endless":false,"potions_floor_spawned":[1,5,14,18,24,25,37,41,46,48],"ascension_level":19}}