{"host":"wshh0nphwn6jv7vj","time":1608830411,"event":{"mods":["BaseMod","Bestiary","Minty Spire (QoL Compilation)"],"gold_per_floor":[115,128,146,146,146,175,175,189,243,298,330,356,356,356,356,433,433,433,134,134,49,0,0,19,48,48,75,91,91,91],"floor_reached":29,"playtime":1801,"items_purged":["Strike_B"],"score":484,"play_id":"4423d2e0-179b-4a59-b67f-359798ef62b0","local_time":"20201224122011","is_ascension_mode":true,"campfire_choices":[{"data":"Sunder","floor":7,"key":"SMITH"},{"data":"Steam","floor":13,"key":"SMITH"},{"data":"Hologram","floor":15,"key":"SMITH"},{"floor":23,"key":"REST"}],"circlet_count":0,"master_deck":["AscendersBane","Strike_B+1","Strike_B+1","Strike_B","Defend_B","Defend_B","Defend_B","Defend_B","Zap","Dualcast","Hologram+1","Sunder+1","Chill","Steam+1","Compile Driver","Cold Snap","Auto Shields","Sweeping Beam","Fission","Capacitor","Doom and Gloom","Coolheaded","Recycle","Loop","Barrage","Leap+1"],"relics":["Philosopher\u0027s Stone","Meat on the Bone","Whetstone","Oddly Smooth Stone","Letter Opener","Odd Mushroom","Sundial","Velvet Choker","Happy Flower","Tiny Chest","Matryoshka","CaptainsWheel"],"acts_visited":["Exordium","TheCity"],"potions_floor_usage":[10,11,18,25,27,29],"damage_taken":[{"damage":2,"enemies":"2 Louse","floor":1,"turns":2},{"damage":1,"enemies":"Cultist","floor":2,"turns":4},{"damage":3,"enemies":"Jaw Worm","floor":3,"turns":4},{"damage":32,"enemies":"Lagavulin","floor":6,"turns":8},{"damage":0,"enemies":"Looter","floor":8,"turns":2},{"damage":0,"enemies":"3 Sentries","floor":10,"turns":5},{"damage":12,"enemies":"Gremlin Nob","floor":11,"turns":5},{"damage":8,"enemies":"The Mushroom Lair","floor":12,"turns":3},{"damage":34,"enemies":"The Guardian","floor":16,"turns":11},{"damage":1,"enemies":"Chosen","floor":18,"turns":4},{"damage":4,"enemies":"Shell Parasite","floor":24,"turns":5},{"damage":18,"enemies":"Gremlin Leader","floor":25,"turns":9},{"damage":41,"enemies":"Slavers","floor":27,"turns":7},{"damage":10,"enemies":"Cultist and Chosen","floor":28,"turns":8},{"damage":24,"enemies":"Gremlin Leader","floor":29,"turns":6}],"seed_played":"-3833589389703718197","potions_obtained":[{"floor":2,"key":"LiquidMemories"},{"floor":8,"key":"FocusPotion"},{"floor":12,"key":"SpeedPotion"},{"floor":16,"key":"SmokeBomb"},{"floor":24,"key":"FearPotion"},{"floor":25,"key":"LiquidBronze"},{"floor":27,"key":"Swift Potion"}],"is_trial":false,"path_per_floor":["M","M","M","?","?","E","R","M","T","?","E","?","R","T","R","B",null,"M","$","?","?","?","R","M","E","T","E","M","E"],"character_chosen":"DEFECT","items_purchased":["Capacitor","Doom and Gloom","Coolheaded"],"campfire_rested":1,"item_purchase_floors":[19,19,19],"current_hp_per_floor":[62,61,58,58,71,39,39,39,39,39,39,43,43,43,43,21,59,58,58,38,38,38,60,56,50,50,21,23,0,0],"gold":91,"neow_bonus":"BOSS_RELIC","is_daily":false,"chose_seed":false,"campfire_upgraded":3,"win_rate":0.0,"timestamp":1608830411,"path_taken":["M","M","M","?","?","E","R","?","T","?","E","?","R","?","R","BOSS","M","$","?","?","?","R","M","E","T","E","M","E"],"items_purchased_type":["Card","Card","Card"],"build_version":"2020-12-22","purchased_purges":1,"victory":false,"max_hp_per_floor":[71,71,71,71,71,71,71,71,71,71,71,71,71,71,71,71,71,71,71,76,76,76,76,76,76,76,76,76,76,76],"card_choices":[{"not_picked":["Barrage","Beam Cell"],"picked":"Hologram","floor":1},{"not_picked":["Conserve Battery","Defragment"],"picked":"Sunder","floor":2},{"not_picked":["Steam","Lockon"],"picked":"Chill","floor":3},{"not_picked":["Lockon","Storm"],"picked":"Steam","floor":6},{"not_picked":["Gash","Rebound"],"picked":"Compile Driver","floor":8},{"not_picked":["Go for the Eyes","Storm"],"picked":"Cold Snap","floor":10},{"not_picked":["Ball Lightning","Sunder"],"picked":"Auto Shields","floor":11},{"not_picked":["Streamline","Coolheaded"],"picked":"Sweeping Beam","floor":12},{"not_picked":["Creative AI","Meteor Strike"],"picked":"Fission","floor":16},{"not_picked":["Redo","Conserve Battery+1"],"picked":"Recycle","floor":24},{"not_picked":["Steam","Gash+1"],"picked":"Loop","floor":25},{"not_picked":["Leap","Sweeping Beam"],"picked":"Barrage","floor":27},{"not_picked":["Rebound","Sunder"],"picked":"Leap+1","floor":28}],"player_experience":1494167,"relics_obtained":[{"floor":6,"key":"Meat on the Bone"},{"floor":9,"key":"Whetstone"},{"floor":10,"key":"Oddly Smooth Stone"},{"floor":11,"key":"Letter Opener"},{"floor":12,"key":"Odd Mushroom"},{"floor":14,"key":"Sundial"},{"floor":25,"key":"Tiny Chest"},{"floor":26,"key":"Matryoshka"},{"floor":27,"key":"CaptainsWheel"}],"event_choices":[{"damage_healed":0,"gold_gain":0,"player_choice":"Ignored","damage_taken":0,"max_hp_gain":0,"max_hp_loss":0,"event_name":"Liars Game","floor":4,"gold_loss":0},{"damage_healed":13,"gold_gain":0,"player_choice":"Full Heal","damage_taken":0,"max_hp_gain":0,"max_hp_loss":0,"event_name":"Wheel of Change","floor":5,"gold_loss":0},{"damage_healed":0,"gold_gain":30,"player_choice":"Searched \u00272\u0027 times","damage_taken":0,"max_hp_gain":0,"max_hp_loss":0,"event_name":"Dead Adventurer","floor":10,"gold_loss":0},{"damage_healed":0,"gold_gain":0,"player_choice":"Fought Mushrooms","damage_taken":0,"max_hp_gain":0,"max_hp_loss":0,"event_name":"Mushrooms","floor":12,"gold_loss":0},{"damage_healed":0,"gold_gain":0,"player_choice":"Shed Blood","damage_taken":25,"max_hp_gain":5,"max_hp_loss":0,"event_name":"Forgotten Altar","floor":20,"gold_loss":0},{"damage_healed":0,"gold_gain":0,"player_choice":"Obtained Relic","damage_taken":0,"relics_obtained":["Happy Flower"],"max_hp_gain":0,"max_hp_loss":0,"event_name":"Addict","floor":21,"gold_loss":85},{"damage_healed":0,"gold_gain":0,"player_choice":"Paid Fearfully","damage_taken":0,"max_hp_gain":0,"max_hp_loss":0,"event_name":"Masked Bandits","floor":22,"gold_loss":49}],"is_beta":false,"boss_relics":[{"not_picked":["SacredBark","Runic Dome"],"picked":"Velvet Choker"}],"items_purged_floors":[19],"is_endless":false,"potions_floor_spawned":[2,8,12,16,24,25,27],"killed_by":"Gremlin Leader","ascension_level":16}}