{"host":"kiauivt48syq9iz6","time":1608845438,"event":{"mods":["BaseMod","Conspire","Downfall","Hermit","Minty Spire (QoL Compilation)","Replay The Spire","SIMod","StSLib","The Animator","The Construct","The Cursed","The Runesmith","The Servant 0.9.4"],"gold_per_floor":[116,152,189,200,211,211,222,222,245,258,271,289,289,27,27,127,127,141,141,40,59,72,72,72,19,67,101,101,119,119,147,147,248,248,258,287,25,57,57,57,73,2,49,25,25,25],"floor_reached":45,"playtime":2431,"items_purged":[],"score":470,"play_id":"e40b4fdc-3354-44a2-9cb5-cb56c0ac084f","local_time":"20201224143038","is_ascension_mode":false,"campfire_choices":[{"data":"hermit:Grudge","floor":6,"key":"SMITH"},{"floor":13,"key":"REST"},{"data":"hermit:Maintenance","floor":15,"key":"SMITH"},{"floor":23,"key":"REST"},{"floor":28,"key":"REST"},{"floor":40,"key":"REST"}],"circlet_count":0,"master_deck":["hermit:Strike_Hermit+1","hermit:Strike_Hermit+1","hermit:Strike_Hermit+1","hermit:Strike_Hermit+1","hermit:Defend_Hermit+1","hermit:Defend_Hermit+1","hermit:Defend_Hermit+1","hermit:Defend_Hermit+1","hermit:Snapshot","hermit:Covet","hermit:Vantage","hermit:Determination","ReplayTheSpireMod:Splinters","hermit:Grudge+1","hermit:Determination","hermit:Dissolve","hermit:Maintenance+1","hermit:SprayPray","hermit:CalledShot","hermit:Deadeye","hermit:Desperado","hermit:Grudge","hermit:Grudge","hermit:Dissolve+1","hermit:FromBeyond","hermit:Gestalt","hermit:Gestalt","hermit:ShadowCloak","hermit:Headshot","hermit:GhostlyPresence","hermit:LowProfile","hermit:HoleUp+1","hermit:Snipe","hermit:Manifest+1","hermit:Snipe","hermit:DeadOrAlive+1","CurseOfTheBell","hermit:Quickdraw+1","hermit:TakeAim+1","hermit:LowProfile+1","hermit:Virtue+1","hermit:GhostlyPresence","hermit:Quickdraw"],"relics":["hermit:Momento","Ancient Tea Set","hermit:RedScarf","hermit:RyeStalk","Runesmith:UraniumAnvil","Blood Vial","conspire:Flyswatter","ReplayTheSpireMod:TigerMarble","Replay:Grab Bag","Replay:Bronze Core","conspire:RoyalGoblet","SacredBark","Calling Bell","Dream Catcher","Replay:Accelerometer","Replay:Multitool","Divine Protection","War Paint"],"acts_visited":["Exordium","TheCity","TheBeyond"],"potions_floor_usage":[10,10,21,38,38,38,45,45],"damage_taken":[{"damage":0,"enemies":"conspire:RoseBush","floor":1,"turns":3},{"damage":5,"enemies":"conspire:MimicChest","floor":2,"turns":6},{"damage":0,"enemies":"2 Louse","floor":4,"turns":2},{"damage":7,"enemies":"Small Slimes","floor":5,"turns":2},{"damage":0,"enemies":"Looter","floor":7,"turns":2},{"damage":2,"enemies":"Lots of Slimes","floor":10,"turns":1},{"damage":1,"enemies":"2 Fungi Beasts","floor":11,"turns":3},{"damage":4,"enemies":"Exordium Thugs","floor":12,"turns":4},{"damage":37,"enemies":"The Guardian","floor":16,"turns":9},{"damage":0,"enemies":"Spheric Guardian","floor":18,"turns":4},{"damage":2,"enemies":"Shell Parasite","floor":21,"turns":3},{"damage":16,"enemies":"Snake Plant","floor":22,"turns":4},{"damage":15,"enemies":"conspire:SneckoGhost","floor":27,"turns":10},{"damage":14,"enemies":"Centurion and Healer","floor":29,"turns":8},{"damage":1,"enemies":"conspire:Head Lice","floor":31,"turns":7},{"damage":13,"enemies":"conspire:MysteriousRune","floor":33,"turns":11},{"damage":2,"enemies":"Orb Walker","floor":35,"turns":5},{"damage":7,"enemies":"3 Darklings","floor":36,"turns":9},{"damage":27,"enemies":"Sphere and 2 Shapes","floor":38,"turns":7},{"damage":57,"enemies":"Jaw Worm Horde","floor":41,"turns":6},{"damage":15,"enemies":"3 Darklings","floor":45,"turns":6}],"seed_played":"3071388216743722023","potions_obtained":[{"floor":0,"key":"DistilledChaos"},{"floor":0,"key":"champ:CounterPotion"},{"floor":0,"key":"sneckomod:MuddlingPotion"},{"floor":5,"key":"Adrenaline Potion"},{"floor":16,"key":"SpeedPotion"},{"floor":29,"key":"SteroidPotion"},{"floor":31,"key":"Toxic Potion"},{"floor":33,"key":"DistilledChaos"},{"floor":36,"key":"hermit:Tonic"},{"floor":41,"key":"Strength Potion"}],"is_trial":false,"path_per_floor":["M","?","?","M","M","R","M","?","T","M","M","M","R","$","R","B",null,"M","?","$","M","M","R","?","$","T","E","R","M","?","E","R","B",null,"M","M","$","M","?","R","M","$","T","$","M"],"character_chosen":"HERMIT","items_purchased":["hermit:Desperado","hermit:Grudge","hermit:Dissolve","hermit:ShadowCloak","hermit:Headshot","hermit:HoleUp","Divine Protection","DuplicationPotion","hermit:Quickdraw"],"campfire_rested":4,"item_purchase_floors":[14,14,14,20,20,25,37,42,44],"current_hp_per_floor":[75,70,70,70,63,63,63,63,63,61,60,56,75,75,75,38,75,75,75,75,73,57,75,75,75,75,60,75,61,61,62,75,62,75,73,68,68,43,43,65,10,10,10,10,0,0],"gold":25,"neow_bonus":"THREE_SMALL_POTIONS","is_daily":false,"chose_seed":false,"campfire_upgraded":2,"win_rate":0.0,"timestamp":1608845438,"path_taken":["M","?","?","?","M","R","M","?","T","?","M","M","R","?","R","BOSS","M","?","$","?","M","R","?","$","T","E","R","M","?","E","R","BOSS","M","M","$","M","?","R","?","?","T","$","M"],"items_purchased_type":["Card","Card","Card","Card","Card","Card","Relic","Potion","Card"],"build_version":"2020-12-22","purchased_purges":0,"victory":false,"max_hp_per_floor":[75,75,75,75,75,75,75,75,75,75,75,75,75,75,75,75,75,75,75,75,75,75,75,75,75,75,75,75,75,75,75,75,75,75,75,75,75,75,75,75,75,75,75,75,75,75],"card_choices":[{"not_picked":["hermit:CalledShot","hermit:Snipe"],"picked":"hermit:Vantage","floor":1},{"not_picked":["hermit:Deadeye","hermit:Coalescence"],"picked":"hermit:Determination","floor":2},{"not_picked":["hermit:Midnight","hermit:Misfire"],"picked":"hermit:Grudge","floor":3},{"not_picked":["hermit:Glare","hermit:CursedWeapon"],"picked":"hermit:Determination","floor":4},{"not_picked":["hermit:Roulette","hermit:BodyArmor"],"picked":"hermit:Dissolve","floor":5},{"not_picked":["hermit:BodyArmor","hermit:TrackingShot"],"picked":"hermit:Maintenance","floor":7},{"not_picked":["hermit:Headshot","hermit:Vantage"],"picked":"hermit:SprayPray","floor":10},{"not_picked":["hermit:Spite","hermit:Feint"],"picked":"hermit:CalledShot","floor":11},{"not_picked":["hermit:Roulette","hermit:BodyArmor"],"picked":"hermit:Deadeye","floor":12},{"not_picked":["hermit:FinalCanter","hermit:RoundhouseKick"],"picked":"hermit:FromBeyond","floor":16},{"not_picked":["hermit:Glare","hermit:PistolWhip"],"picked":"hermit:Gestalt","floor":18},{"not_picked":["hermit:SprayPray","hermit:EyeOfTheStorm+1"],"picked":"hermit:GhostlyPresence","floor":21},{"not_picked":["hermit:SprayPray+1","hermit:GhostlyPresence"],"picked":"hermit:LowProfile","floor":22},{"not_picked":["hermit:WideOpen","hermit:Manifest+1"],"picked":"hermit:Snipe","floor":27},{"not_picked":["hermit:GoldenBullet","hermit:Feint"],"picked":"hermit:Manifest","floor":29},{"not_picked":["hermit:Desperado","hermit:HighCaliber"],"picked":"hermit:Snipe","floor":31},{"not_picked":["hermit:BlackWind","hermit:Purgatory"],"picked":"hermit:DeadOrAlive","floor":33},{"not_picked":["hermit:TrackingShot","hermit:Snipe"],"picked":"hermit:Quickdraw+1","floor":35},{"not_picked":["hermit:Vantage+1","hermit:WideOpen"],"picked":"hermit:TakeAim+1","floor":36},{"not_picked":["hermit:Snipe","hermit:CursedWeapon+1"],"picked":"hermit:LowProfile+1","floor":38},{"not_picked":["hermit:CalledShot","hermit:Ricochet"],"picked":"hermit:Virtue+1","floor":40},{"not_picked":["hermit:ItchyTrigger+1","hermit:Ricochet+1"],"picked":"hermit:GhostlyPresence","floor":41}],"player_experience":49284,"relics_obtained":[{"floor":2,"key":"Ancient Tea Set"},{"floor":3,"key":"hermit:RedScarf"},{"floor":9,"key":"hermit:RyeStalk"},{"floor":26,"key":"Blood Vial"},{"floor":27,"key":"conspire:Flyswatter"},{"floor":31,"key":"ReplayTheSpireMod:TigerMarble"},{"floor":34,"key":"Dream Catcher"},{"floor":34,"key":"Replay:Accelerometer"},{"floor":34,"key":"Replay:Multitool"},{"floor":43,"key":"War Paint"}],"event_choices":[{"damage_healed":0,"gold_gain":0,"player_choice":"Bought 0 Potions","damage_taken":0,"max_hp_gain":0,"max_hp_loss":0,"event_name":"The Woman in Blue","floor":8,"gold_loss":0},{"damage_healed":0,"gold_gain":0,"player_choice":"Copied","damage_taken":0,"max_hp_gain":0,"max_hp_loss":0,"event_name":"Duplicator","floor":19,"gold_loss":0,"cards_obtained":["hermit:Gestalt"]},{"damage_healed":0,"gold_gain":0,"player_choice":"Leave","damage_taken":0,"max_hp_gain":0,"max_hp_loss":0,"event_name":"conspire:Investor","floor":24,"gold_loss":0},{"damage_healed":0,"gold_gain":0,"player_choice":"Simplicity","damage_taken":0,"max_hp_gain":0,"max_hp_loss":0,"event_name":"Back to Basics","floor":30,"gold_loss":0,"cards_upgraded":["hermit:Strike_Hermit","hermit:Strike_Hermit","hermit:Strike_Hermit","hermit:Strike_Hermit","hermit:Defend_Hermit","hermit:Defend_Hermit","hermit:Defend_Hermit","hermit:Defend_Hermit"]},{"damage_healed":0,"gold_gain":0,"player_choice":"Upgraded","damage_taken":0,"max_hp_gain":0,"max_hp_loss":0,"event_name":"Upgrade Shrine","floor":39,"gold_loss":0,"cards_upgraded":["hermit:DeadOrAlive"]}],"is_beta":false,"boss_relics":[{"not_picked":["Philosopher\u0027s Stone","Black Star"],"picked":"Runesmith:UraniumAnvil"},{"not_picked":["Tiny House","Astrolabe"],"picked":"Replay:Grab Bag"},{"not_picked":["ChewingGum","ReplayTheSpireMod:DimensionalGlitch"],"picked":"Replay:Bronze Core"},{"not_picked":["Coffee Dripper","Velvet Choker"],"picked":"conspire:RoyalGoblet"},{"not_picked":["Snecko Eye","construct:WeddingRing"],"picked":"SacredBark"},{"not_picked":["conspire:RunicOctahedron","Replay:Drink Me"],"picked":"Calling Bell"}],"items_purged_floors":[],"is_endless":false,"potions_floor_spawned":[2,4,5,16,29,31,33,36,41],"killed_by":"3 Darklings","ascension_level":0}}