{"host":"e87rn453naquue3h","time":1608806183,"event":{"mods":["AchievementEnabler","BaseMod","Downfall","Minty Spire (QoL Compilation)","StSLib"],"gold_per_floor":[99,118,175,5,21,21,21,40,55,84,96,21,34,68,86,86,86,86],"floor_reached":16,"playtime":1191,"items_purged":[],"score":114,"play_id":"67522152-cc88-4986-ae06-89ba4462ee78","local_time":"20201224053623","is_ascension_mode":false,"campfire_choices":[{"floor":1,"key":"RECALL"},{"data":"champ:Devastate","floor":6,"key":"SMITH"},{"floor":12,"key":"REST"}],"circlet_count":0,"master_deck":["champ:Strike","champ:Strike","champ:Strike","champ:Strike","champ:Defend","champ:Defend","champ:Defend","champ:Defend","champ:Execute","champ:Taunt","champ:Haymaker","champ:RisingSlash","champ:Devastate+1","champ:Balance","champ:PreciseThrust","champ:CalledShot","champ:DeathBlow","champ:FocusedGladiator","champ:MurderStrike"],"relics":["SacredBark","Letter Opener","Orichalcum","downfall:HeartBlessingRed","Dream Catcher"],"acts_visited":["Exordium"],"potions_floor_usage":[9,10,14,16],"damage_taken":[{"damage":12,"enemies":"Cultist","floor":2,"turns":6},{"damage":28,"enemies":"Gremlin Nob","floor":3,"turns":5},{"damage":10,"enemies":"downfall:FleeingMerchant","floor":4,"turns":4},{"damage":0,"enemies":"Jaw Worm","floor":5,"turns":2},{"damage":0,"enemies":"2 Louse","floor":8,"turns":3},{"damage":23,"enemies":"Lots of Slimes","floor":9,"turns":2},{"damage":36,"enemies":"Gremlin Nob","floor":10,"turns":4},{"damage":0,"enemies":"Blue Slaver","floor":11,"turns":4},{"damage":5,"enemies":"Red Slaver","floor":13,"turns":5},{"damage":43,"enemies":"Lagavulin","floor":14,"turns":4},{"damage":23,"enemies":"Large Slime","floor":15,"turns":5},{"damage":37,"enemies":"downfall:Defect","floor":16,"turns":5}],"seed_played":"8469944981152026107","potions_obtained":[{"floor":3,"key":"hexamod:EctoCoolerPotion"},{"floor":5,"key":"LiquidBronze"},{"floor":10,"key":"ColorlessPotion"},{"floor":13,"key":"champ:UltimateStancePotion"},{"floor":14,"key":"EssenceOfSteel"}],"is_trial":false,"path_per_floor":["R","M","?","$","M","R","T","M","M","E","M","R","M","E","M","B"],"character_chosen":"THE_CHAMP","items_purchased":["champ:Balance","champ:PreciseThrust","champ:OpenerPotion"],"campfire_rested":1,"item_purchase_floors":[4,4,4],"current_hp_per_floor":[90,88,70,70,70,70,70,70,57,47,47,74,69,44,32,0,0,0],"gold":86,"neow_bonus":"BOSS_RELIC","is_daily":false,"chose_seed":false,"campfire_upgraded":1,"win_rate":0.0,"timestamp":1608806183,"path_taken":["R","?","?","$","M","R","T","M","M","E","M","R","M","E","M","BOSS"],"items_purchased_type":["Card","Card","Potion"],"build_version":"2020-12-22","purchased_purges":0,"victory":false,"max_hp_per_floor":[90,90,90,90,90,90,90,90,90,90,90,90,90,90,90,90,90,90],"card_choices":[{"not_picked":["champ:FlashCut","champ:BringItOn"],"picked":"champ:Haymaker","floor":2},{"not_picked":["champ:AdrenalArmor","champ:FlashCut"],"picked":"champ:RisingSlash","floor":3},{"not_picked":["champ:CalledShot","champ:GladiatorsShout"],"picked":"champ:Devastate","floor":4},{"not_picked":["champ:DefensiveShout","champ:FocusedBerserking"],"picked":"champ:CalledShot","floor":5},{"not_picked":["champ:PerfectedStrike","champ:Encircle"],"picked":"champ:DeathBlow","floor":8},{"not_picked":["champ:BerserkersShout","champ:PerfectedStrike"],"picked":"champ:FocusedGladiator","floor":9},{"not_picked":["champ:BringItOn","champ:TornadoPunch"],"picked":"champ:MurderStrike","floor":10},{"not_picked":["champ:GutPunch","champ:StanceDance","champ:AdrenalArmor"],"picked":"SKIP","floor":11},{"not_picked":["champ:BerserkersShout","champ:PerfectedStrike","champ:Haymaker"],"picked":"SKIP","floor":13},{"not_picked":["champ:Haymaker","champ:FocusedGladiator","champ:BladeFlurry"],"picked":"SKIP","floor":14},{"not_picked":["champ:FanOfKnives","champ:FocusedDefense","champ:Circumvent"],"picked":"SKIP","floor":15}],"player_experience":2381511,"relics_obtained":[{"floor":3,"key":"Letter Opener"},{"floor":10,"key":"Orichalcum"},{"floor":14,"key":"Dream Catcher"}],"event_choices":[],"is_beta":false,"boss_relics":[],"items_purged_floors":[],"is_endless":false,"potions_floor_spawned":[3,5,8,10,13,14],"killed_by":"downfall:Defect","ascension_level":0}}