{"host":"8xt6qtpg1rkermdd","time":1608815380,"event":{"mods":["AchievementEnabler","Astrologer","Bard","BaseMod","Colored Powertips","Downfall","Hermit","Highlight Path","Hubris","Infinite Spire","Jorbs\u0027s Wanderer Trilogy","Marisa????????","Minty Spire (QoL Compilation)","Replay The Spire","Shade Mod","StSLib","The Blackbeard","The Bladedancer","The Bug Knight","The Construct","The Cursed","The Disciple","The Dragon Tamer","The Gatherer","The Hayseed","The Marked","The Necromancer","The Runesmith","The Servant 0.9.4","TheArtist"],"gold_per_floor":[99,99,118,136,136,136,188,188,188,207,220,237,12,162,174,174,174],"floor_reached":16,"playtime":652,"items_purged":[],"score":92,"play_id":"59795eb1-06d2-4e44-a647-369be8e531fa","local_time":"20201224070940","is_ascension_mode":false,"campfire_choices":[{"floor":1,"key":"DIG"},{"floor":9,"key":"RECALL"}],"circlet_count":0,"master_deck":["sneckomod:Strike","sneckomod:Strike","sneckomod:Defend","sneckomod:Defend","sneckomod:Defend+1","sneckomod:TailWhip","sneckomod:SnekBite","sneckomod:Unknown","sneckomod:Unknown+1","sneckomod:UnknownClassBUGKNIGHT_GRAY_COLOR+1","sneckomod:DiceBlock","Regret","sneckomod:WideSting","hermit:Showdown","sneckomod:UnknownCommonAttack","hermit:GoldenBullet","sneckomod:QuickBite","sneckomod:UnknownBlock"],"relics":["sneckomod:SneckoSoul","Replay:Baseball","Strange Spoon"],"acts_visited":["Exordium"],"potions_floor_usage":[],"damage_taken":[{"damage":14,"enemies":"Small Slimes","floor":3,"turns":3},{"damage":0,"enemies":"Cultist","floor":4,"turns":2},{"damage":0,"enemies":"2 Louse","floor":10,"turns":2},{"damage":30,"enemies":"Large Slime","floor":11,"turns":10},{"damage":14,"enemies":"2 Fungi Beasts","floor":12,"turns":3},{"damage":10,"enemies":"downfall:FleeingMerchant","floor":13,"turns":4},{"damage":23,"enemies":"Lots of Slimes","floor":15,"turns":4},{"damage":24,"enemies":"downfall:Ironclad","floor":16,"turns":4}],"seed_played":"-1216318321525966556","potions_obtained":[{"floor":2,"key":"CultistPotion"},{"floor":2,"key":"Fire Potion"},{"floor":2,"key":"SneckoOil"}],"is_trial":false,"path_per_floor":["R","?","M","M","?","?","T","?","R","M","M","M","$","?","M","B"],"character_chosen":"THE_SNECKO","items_purchased":["Strange Spoon","sneckomod:QuickBite"],"campfire_rested":0,"item_purchase_floors":[13,13],"current_hp_per_floor":[99,99,86,86,86,86,86,86,86,86,56,50,44,44,22,0,0],"gold":174,"neow_bonus":"TEN_PERCENT_HP_BONUS","is_daily":false,"chose_seed":false,"campfire_upgraded":0,"win_rate":0.0,"timestamp":1608815380,"path_taken":["R","?","M","?","?","?","T","?","R","M","M","M","$","?","M","BOSS"],"items_purchased_type":["Relic","Card"],"build_version":"2020-12-22","purchased_purges":0,"victory":false,"max_hp_per_floor":[99,99,100,100,100,100,100,100,100,100,100,101,101,101,102,102,102],"card_choices":[{"not_picked":["hermit:Virtue","sneckomod:UnknownBlock"],"picked":"sneckomod:UnknownClassBUGKNIGHT_GRAY_COLOR","floor":3},{"not_picked":["sneckomod:UnknownClassCULL_RED_COLOR","sneckomod:UnknownClassBLUE"],"picked":"sneckomod:DiceBlock","floor":4},{"not_picked":["hermit:FlashPowder","hermit:Brawl"],"picked":"sneckomod:WideSting","floor":10},{"not_picked":["sneckomod:UnknownClassTHE_CHAMP_GRAY","sneckomod:QuickMove"],"picked":"hermit:Showdown","floor":11},{"not_picked":["hermit:CalledShot","sneckomod:SoulDraw"],"picked":"sneckomod:UnknownCommonAttack","floor":12},{"not_picked":["sneckomod:RainOfDice","sneckomod:Unknown0Cost"],"picked":"hermit:GoldenBullet","floor":13},{"not_picked":["sneckomod:UnknownClassBARD_COLOR","hermit:Glare"],"picked":"sneckomod:UnknownBlock","floor":15}],"player_experience":29324,"relics_obtained":[{"floor":1,"key":"hubris:Metronome"},{"floor":7,"key":"Replay:Baseball"}],"event_choices":[{"damage_healed":0,"gold_gain":0,"player_choice":"Got Potions","damage_taken":0,"max_hp_gain":0,"max_hp_loss":0,"event_name":"Lab","floor":2,"gold_loss":0}],"is_beta":false,"boss_relics":[],"items_purged_floors":[],"is_endless":false,"potions_floor_spawned":[3,12,15],"killed_by":"downfall:Ironclad","ascension_level":0}}