{"host":"4akf6f7tvzk9vus6","time":1608795348,"event":{"mods":["BaseMod","Downfall","Minty Spire (QoL Compilation)","StSLib"],"gold_per_floor":[111,111,286,286,305,2,37,49,49,64,64,64,64,81,81,81,81],"floor_reached":16,"playtime":2293,"items_purged":["Strike_G"],"score":115,"play_id":"b763c4f3-cbd7-4885-a549-9e39c013a135","local_time":"20201224013548","is_ascension_mode":true,"campfire_choices":[{"floor":11,"key":"REST"},{"data":"Cloak And Dagger","floor":13,"key":"SMITH"},{"data":"Escape Plan","floor":15,"key":"SMITH"}],"circlet_count":0,"master_deck":["Strike_G","Strike_G","Strike_G+1","Strike_G","Defend_G","Defend_G","Defend_G+1","Defend_G","Defend_G","Survivor","Neutralize","Cloak And Dagger+1","Doubt","Acrobatics","Escape Plan+1","Dagger Throw","Catalyst"],"relics":["SacredBark","Toolbox","Anchor","Ninja Scroll"],"acts_visited":["Exordium"],"potions_floor_usage":[16,16,16],"damage_taken":[{"damage":8,"enemies":"Jaw Worm","floor":1,"turns":7},{"damage":0,"enemies":"2 Louse","floor":5,"turns":3},{"damage":50,"enemies":"3 Sentries","floor":7,"turns":17},{"damage":0,"enemies":"Small Slimes","floor":8,"turns":3},{"damage":0,"enemies":"3 Louse","floor":10,"turns":4},{"damage":0,"enemies":"Large Slime","floor":14,"turns":5},{"damage":62,"enemies":"The Guardian","floor":16,"turns":19}],"seed_played":"-2484202286034222845","potions_obtained":[{"floor":7,"key":"LiquidMemories"},{"floor":8,"key":"Guardian:BlockOnCardUsePotion"},{"floor":14,"key":"Slimebound:ThreeZeroPotion"}],"is_trial":false,"path_per_floor":["M","?","?","?","M","$","E","M","T","M","R","$","R","M","R","B"],"character_chosen":"THE_SILENT","items_purchased":["Toolbox","Escape Plan"],"campfire_rested":1,"item_purchase_floors":[6,6],"current_hp_per_floor":[62,48,48,70,70,70,20,20,20,20,41,41,41,41,41,0,0],"gold":81,"neow_bonus":"BOSS_RELIC","is_daily":false,"chose_seed":false,"campfire_upgraded":2,"win_rate":0.0,"timestamp":1608795348,"path_taken":["M","?","?","?","M","$","E","M","T","M","R","$","R","M","R","BOSS"],"items_purchased_type":["Relic","Card"],"build_version":"2020-12-22","purchased_purges":1,"victory":false,"max_hp_per_floor":[70,70,70,70,70,70,70,70,70,70,70,70,70,70,70,70,70],"card_choices":[{"not_picked":["Prepared","Dodge and Roll"],"picked":"Cloak And Dagger","floor":1},{"not_picked":["Bane","Calculated Gamble"],"picked":"Acrobatics","floor":5},{"not_picked":["Outmaneuver","Dash"],"picked":"Dagger Throw","floor":7},{"not_picked":["Doppelganger","Eviscerate"],"picked":"Catalyst","floor":8},{"not_picked":["Crippling Poison","PiercingWail","Expertise"],"picked":"SKIP","floor":10},{"not_picked":["Bane","Underhanded Strike","Quick Slash"],"picked":"SKIP","floor":14}],"player_experience":271375,"relics_obtained":[{"floor":7,"key":"Anchor"},{"floor":9,"key":"Ninja Scroll"}],"event_choices":[{"damage_healed":0,"gold_gain":0,"player_choice":"Entered Light","damage_taken":14,"max_hp_gain":0,"max_hp_loss":0,"event_name":"Shining Light","floor":2,"gold_loss":0,"cards_upgraded":["Strike_G","Defend_G"]},{"damage_healed":0,"gold_gain":175,"player_choice":"AGREE","damage_taken":0,"max_hp_gain":0,"max_hp_loss":0,"event_name":"Liars Game","floor":3,"gold_loss":0,"cards_obtained":["Doubt"]},{"damage_healed":23,"gold_gain":0,"player_choice":"Banana","damage_taken":0,"max_hp_gain":0,"max_hp_loss":0,"event_name":"Big Fish","floor":4,"gold_loss":0}],"is_beta":false,"boss_relics":[],"items_purged_floors":[6],"is_endless":false,"potions_floor_spawned":[7,8,14],"killed_by":"The Guardian","ascension_level":3}}