{"host":"wbdly04l9mkn9nrc","time":1608804517,"event":{"mods":["AchievementEnabler","BaseMod","BetterRewards","Minty Spire (QoL Compilation)","StSLib","[IsaacMod]ÒÔÈö¼âËþ"],"gold_per_floor":[111,111,33,108,73,102,127,152,220,268,275,275,300,324,324,429,429,463,183,183,183,183,183,208,208,232,11,11,44,99,118,118,226,226,265,272,332,390,340,340,381,433,456,456,480,522,564,586,586,600],"floor_reached":51,"playtime":3798,"items_purged":["Strike_R","Strike_R","Writhe","Rage"],"score":1881,"play_id":"67a70797-41cd-4f4c-a1e5-56de768072bf","local_time":"20201224180837","is_ascension_mode":true,"campfire_choices":[{"floor":12.0,"key":"REST"},{"data":"Armaments","floor":15.0,"key":"SMITH"},{"data":"True Grit","floor":23.0,"key":"SMITH"},{"data":"Body Slam","floor":25.0,"key":"SMITH"},{"data":"Armaments","floor":32.0,"key":"SMITH"},{"data":"Barricade","floor":40.0,"key":"SMITH"},{"floor":44,"key":"REST"},{"floor":49,"key":"REST"}],"circlet_count":0,"master_deck":["AscendersBane","Strike_R+1","Strike_R+1","Strike_R+1","Defend_R+1","Defend_R+1","Defend_R+1","Bash","BloodyBrimstone","Reaper","Armaments+1","Spot Weakness","Infernal Blade","Barricade+1","Fire Breathing","True Grit+1","Inflame","Power Through","Body Slam+1","Immolate","Offering","Entrench","Metallicize","Armaments+1","Offering","Headbutt","Madness","Madness","Body Slam","Parasite","Shrug It Off"],"relics":["Burning Blood","HushsDoor","SatanicBible","TheBible","Red Skull","SteamSale","Shuriken","Bag of Preparation","Anchor","SalivaCoin","Bottled Flame","Boot","Philosopher\u0027s Stone","Ice Cream","Habit","Gambling Chip","Akabeko","Letter Opener","Smiling Mask","Incense Burner","Vajra","Potion Belt","Regal Pillow"],"acts_visited":["Exordium","TheCity","TheBeyond"],"potions_floor_usage":[47],"damage_taken":[{"damage":0.0,"enemies":"Small Slimes","floor":1.0,"turns":3.0},{"damage":12.0,"enemies":"Gremlin Nob","floor":6.0,"turns":4.0},{"damage":2.0,"enemies":"Cultist","floor":7.0,"turns":5.0},{"damage":10.0,"enemies":"2 Louse","floor":8.0,"turns":4.0},{"damage":30.0,"enemies":"Lagavulin","floor":10.0,"turns":9.0},{"damage":0.0,"enemies":"Looter","floor":13.0,"turns":2.0},{"damage":0.0,"enemies":"Exordium Thugs","floor":14.0,"turns":6.0},{"damage":0.0,"enemies":"Slime Boss","floor":16.0,"turns":9.0},{"damage":15.0,"enemies":"Shell Parasite","floor":18.0,"turns":4.0},{"damage":20.0,"enemies":"Chosen","floor":24.0,"turns":7.0},{"damage":6.0,"enemies":"Snecko","floor":29.0,"turns":5.0},{"damage":6.0,"enemies":"Gremlin Leader","floor":30.0,"turns":3.0},{"damage":0.0,"enemies":"Cultist and Chosen","floor":31.0,"turns":6.0},{"damage":6.0,"enemies":"Champ","floor":33.0,"turns":10.0},{"damage":18.0,"enemies":"Orb Walker","floor":35.0,"turns":5.0},{"damage":6.0,"enemies":"2 Orb Walkers","floor":37.0,"turns":4.0},{"damage":34.0,"enemies":"3 Shapes","floor":38.0,"turns":4.0},{"damage":23.0,"enemies":"Maw","floor":41.0,"turns":8.0},{"damage":16,"enemies":"Nemesis","floor":42,"turns":5},{"damage":0,"enemies":"Writhing Mass","floor":45,"turns":4},{"damage":1,"enemies":"Reptomancer","floor":46,"turns":5},{"damage":28,"enemies":"Sphere and 2 Shapes","floor":47,"turns":3},{"damage":6,"enemies":"Transient","floor":48,"turns":5},{"damage":0,"enemies":"Donu and Deca","floor":50,"turns":4}],"seed_played":"1311182213158931743","potions_obtained":[{"floor":1.0,"key":"Dexterity Potion"},{"floor":10.0,"key":"BlessingOfTheForge"},{"floor":45,"key":"Dexterity Potion"},{"floor":46,"key":"Explosive Potion"},{"floor":47,"key":"FairyPotion"}],"is_trial":false,"path_per_floor":["M","?","$","?","?","E","M","M","T","E","?","R","M","M","R","B",null,"M","$","?","?","?","R","M","R","T","$","?","M","E","M","R","B",null,"M","?","?","M","$","R","M","E","T","R","M","E","M","M","R","B",null],"character_chosen":"IRONCLAD","items_purchased":["Reaper","Armaments","TheBible","Spot Weakness","Red Skull","SteamSale","Shuriken","Bag of Preparation","Explosive Potion","Anchor","Offering","Ice Cream","Habit","Letter Opener","Metallicize"],"campfire_rested":3,"item_purchase_floors":[0,0,0,0,0,0,0,0,0,3,17,19,19,27,27],"current_hp_per_floor":[38,38,38,27,47,47,56,56,56,32,25,47,53,73,73,74,70,61,61,61,61,61,61,52,52,52,52,52,57,70,70,70,67,67,55,47,57,34,34,34,22,17,17,36,42,52,39,39,58,55],"gold":600,"neow_bonus":"","is_daily":false,"chose_seed":false,"campfire_upgraded":5,"win_rate":0.0,"timestamp":1608804517,"path_taken":["M","?","$","?","?","E","M","?","T","E","?","R","M","M","R","BOSS","M","$","?","?","?","R","?","R","T","$","?","M","E","M","R","BOSS","M","?","?","?","$","R","M","E","T","R","M","E","M","M","R","BOSS"],"items_purchased_type":["Card","Card","Relic","Card","Relic","Relic","Relic","Relic","Potion","Relic","Card","Relic","Relic","Relic","Card"],"build_version":"2020-12-22","purchased_purges":4,"victory":true,"max_hp_per_floor":[80,80,80,80,80,77,77,77,77,74,74,74,74,74,74,74,70,70,70,70,70,70,70,70,70,70,70,70,70,70,70,70,67,67,67,67,67,67,67,67,67,64,64,64,64,61,61,58,58,55],"card_choices":[{"not_picked":[],"picked":"BloodyBrimstone","floor":0.0},{"not_picked":["Reckless Charge","Havoc"],"picked":"Infernal Blade","floor":1.0},{"not_picked":["Bloodletting","Sentinel"],"picked":"Barricade","floor":6.0},{"not_picked":["Twin Strike","Havoc"],"picked":"Fire Breathing","floor":7.0},{"not_picked":["Cleave","Iron Wave"],"picked":"True Grit","floor":8.0},{"not_picked":["Spot Weakness","Perfected Strike"],"picked":"Inflame","floor":10.0},{"not_picked":["Flex","Sever Soul"],"picked":"Power Through","floor":13.0},{"not_picked":["Iron Wave","Shrug It Off"],"picked":"Body Slam","floor":14.0},{"not_picked":["Bludgeon","Reaper"],"picked":"Immolate","floor":16.0},{"not_picked":["Warcry","Havoc","Anger"],"picked":"SKIP","floor":18.0},{"not_picked":["Heavy Blade","Flex"],"picked":"Rage","floor":24.0},{"not_picked":["Carnage","Sever Soul","Rampage"],"picked":"SKIP","floor":29.0},{"not_picked":["Inflame","Iron Wave+1","Demon Form"],"picked":"SKIP","floor":30.0},{"not_picked":["Cleave","Wild Strike"],"picked":"Armaments","floor":31.0},{"not_picked":["Double Tap","Barricade"],"picked":"Offering","floor":33.0},{"not_picked":["Burning Pact","Cleave+1"],"picked":"Headbutt","floor":35.0},{"not_picked":["Warcry","Clash","Spot Weakness"],"picked":"SKIP","floor":38.0},{"not_picked":["Headbutt+1","True Grit"],"picked":"Body Slam","floor":41.0},{"not_picked":["Clash","Anger","Evolve+1"],"picked":"SKIP","floor":42},{"not_picked":["Wild Strike+1","Bloodletting"],"picked":"Shrug It Off","floor":45},{"not_picked":["Hemokinesis+1","Blood for Blood","Carnage+1"],"picked":"SKIP","floor":46},{"not_picked":["Reaper","Havoc","Iron Wave"],"picked":"SKIP","floor":47},{"not_picked":["Body Slam","Anger","Sword Boomerang"],"picked":"SKIP","floor":48}],"player_experience":111487,"relics_obtained":[{"floor":6.0,"key":"SalivaCoin"},{"floor":9.0,"key":"Bottled Flame"},{"floor":10.0,"key":"Boot"},{"floor":26.0,"key":"Akabeko"},{"floor":30.0,"key":"Smiling Mask"},{"floor":37.0,"key":"Incense Burner"},{"floor":42,"key":"Vajra"},{"floor":43,"key":"Potion Belt"},{"floor":46,"key":"Regal Pillow"}],"event_choices":[{"damage_healed":0.0,"max_hp_gain":0.0,"max_hp_loss":0.0,"gold_gain":75.0,"event_name":"World of Goop","player_choice":"Gather Gold","floor":4.0,"gold_loss":0.0,"damage_taken":11.0},{"damage_healed":20.0,"max_hp_gain":0.0,"max_hp_loss":0.0,"gold_gain":0.0,"event_name":"The Cleric","player_choice":"Healed","floor":5.0,"gold_loss":35.0,"damage_taken":0.0},{"cards_removed":["Defend_R"],"damage_healed":0.0,"max_hp_gain":0.0,"max_hp_loss":0.0,"gold_gain":0.0,"event_name":"Golden Wing","player_choice":"Card Removal","floor":11.0,"gold_loss":0.0,"damage_taken":7.0},{"damage_healed":0.0,"max_hp_gain":0.0,"max_hp_loss":0.0,"gold_gain":0.0,"event_name":"The Library","player_choice":"Read","floor":21.0,"gold_loss":0.0,"damage_taken":0.0,"cards_obtained":["Entrench"]},{"damage_healed":0.0,"max_hp_gain":0.0,"max_hp_loss":0.0,"gold_gain":0.0,"event_name":"The Mausoleum","player_choice":"Opened","floor":22.0,"gold_loss":0.0,"damage_taken":0.0,"relics_obtained":["Gambling Chip"],"cards_obtained":["Writhe"]},{"damage_healed":0.0,"max_hp_gain":0.0,"max_hp_loss":0.0,"gold_gain":0.0,"event_name":"Back to Basics","player_choice":"Simplicity","floor":28.0,"gold_loss":0.0,"damage_taken":0.0,"cards_upgraded":["Strike_R","Strike_R","Strike_R","Defend_R","Defend_R","Defend_R"]},{"damage_healed":0.0,"max_hp_gain":0.0,"max_hp_loss":0.0,"gold_gain":0.0,"event_name":"Winding Halls","player_choice":"Embrace Madness","floor":36.0,"gold_loss":0.0,"damage_taken":8.0,"cards_obtained":["Madness","Madness"]},{"damage_healed":0.0,"max_hp_gain":0.0,"max_hp_loss":0.0,"gold_gain":0.0,"event_name":"Mysterious Sphere","player_choice":"Fight","floor":37.0,"gold_loss":0.0,"damage_taken":0.0}],"is_beta":false,"boss_relics":[{"not_picked":["Coffee Dripper","Snecko Eye"],"picked":"Philosopher\u0027s Stone"},{"not_picked":[]},{"not_picked":["ChampionBelt","Runic Pyramid","Pandora\u0027s Box"]},{"not_picked":["ChampionBelt","Runic Pyramid","Pandora\u0027s Box"]}],"items_purged_floors":[0,19,27,39],"is_endless":false,"potions_floor_spawned":[1,10,14,29,30,37,45,46,47],"ascension_level":12}}