{"host":"08nxni9rwzvm98vp","time":1608797295,"event":{"mods":["AchievementEnabler","BaseMod","Card Forge","Colored Powertips","Googly Eyes","Highlight Path","Marisa£¨Ùöéë¡¡Øª×âÞÞ£©","Minty Spire (QoL Compilation)","Quick Restart","Rare Cards Sparkle","StSLib","SuperFastMode"],"gold_per_floor":[116,116,41,41,60,60,93,93,120,155,186,212,241,281,293,305,305],"floor_reached":16,"playtime":953,"items_purged":["Strike_MRS"],"score":126,"play_id":"84cf76e8-dad5-4c82-aa67-3c77d4b01038","local_time":"20201224170815","is_ascension_mode":true,"campfire_choices":[{"data":"PulseMagic","floor":6,"key":"SMITH"},{"data":"EnergyFlow","floor":8,"key":"SMITH"},{"data":"AsteroidBelt","floor":15,"key":"SMITH"}],"circlet_count":0,"master_deck":["Strike_MRS","Strike_MRS","Strike_MRS","Defend_MRS","Defend_MRS+1","Defend_MRS","Defend_MRS","MasterSpark","UpSweep+1","PulseMagic+1","AsteroidBelt+1","EnergyFlow+1","FairyDestructionRay","DoubleSpark"],"relics":["Hammer of Thor","Seething Fire","Anvil of the Gods","Sozu","Blood Vial","Happy Flower","MawBank","Prayer Wheel"],"acts_visited":["Exordium"],"potions_floor_usage":[],"damage_taken":[{"damage":0,"enemies":"Small Slimes","floor":1,"turns":3},{"damage":0,"enemies":"Jaw Worm","floor":5,"turns":3},{"damage":5,"enemies":"3 Sentries","floor":7,"turns":12},{"damage":4,"enemies":"Lagavulin","floor":10,"turns":6},{"damage":0,"enemies":"Cultist","floor":11,"turns":4},{"damage":0,"enemies":"Looter","floor":12,"turns":3},{"damage":5,"enemies":"3 Louse","floor":13,"turns":2},{"damage":14,"enemies":"Gremlin Nob","floor":14,"turns":5},{"damage":47,"enemies":"Slime Boss","floor":16,"turns":7}],"seed_played":"-8182359824599862522","potions_obtained":[],"is_trial":false,"path_per_floor":["M","?","$","?","M","R","E","R","T","E","M","M","M","E","R","B"],"character_chosen":"MARISA","items_purchased":[],"campfire_rested":0,"item_purchase_floors":[],"current_hp_per_floor":[75,60,60,60,60,60,55,55,55,53,55,57,54,42,42,0,0],"gold":305,"neow_bonus":"BOSS_RELIC","is_daily":false,"chose_seed":false,"campfire_upgraded":3,"win_rate":0.0,"timestamp":1608797295,"path_taken":["M","?","$","?","M","R","E","R","T","E","M","M","M","E","R","BOSS"],"items_purchased_type":[],"build_version":"2020-12-22","purchased_purges":1,"victory":false,"max_hp_per_floor":[75,75,75,75,75,75,75,75,75,75,75,75,75,75,75,75,75],"card_choices":[{"not_picked":["PowerUp","ShootingEcho"],"picked":"PulseMagic","floor":1},{"not_picked":["MagicAbsorber","MachineGunSpark"],"picked":"AsteroidBelt","floor":5},{"not_picked":["BlazingStar","EventHorizon"],"picked":"EnergyFlow","floor":7},{"not_picked":["UnstableBomb","WitchOfGreed","NonDirectionalLaser"],"picked":"SKIP","floor":10},{"not_picked":["UnstableBomb","MilkyWay","SporeBomb"],"picked":"SKIP","floor":11},{"not_picked":["Orbital","ShootingEcho"],"picked":"FairyDestructionRay","floor":12},{"not_picked":["GravityBeat","NonDirectionalLaser"],"picked":"DoubleSpark","floor":13},{"not_picked":["GalacticHalo","StarBarrage","AsteroidBelt"],"picked":"SKIP","floor":14}],"player_experience":638081,"relics_obtained":[{"floor":7,"key":"Blood Vial"},{"floor":9,"key":"Happy Flower"},{"floor":10,"key":"MawBank"},{"floor":14,"key":"Prayer Wheel"}],"event_choices":[{"damage_healed":0,"gold_gain":0,"player_choice":"Entered Light","damage_taken":15,"max_hp_gain":0,"max_hp_loss":0,"event_name":"Shining Light","floor":2,"gold_loss":0,"cards_upgraded":["Defend_MRS","UpSweep"]},{"damage_healed":0,"gold_gain":0,"player_choice":"Leave","damage_taken":0,"max_hp_gain":0,"max_hp_loss":0,"event_name":"The Cleric","floor":4,"gold_loss":0}],"is_beta":false,"boss_relics":[],"items_purged_floors":[3],"is_endless":false,"potions_floor_spawned":[7,11,13],"killed_by":"Slime Boss","ascension_level":1}}