{"host":"mjau5a91be6b66g4","time":1608821070,"event":{"mods":["BaseMod","Minty Spire (QoL Compilation)","StSLib","The Animator","The Bug Knight","The Jungle"],"gold_per_floor":[112,187,117,117,43,72,72,86,86,33,50,68,68,68,68,171,171,184,195,59,78,78,78,3,3,53,53,71,91,111,0,0,0,0],"floor_reached":33,"playtime":1127,"items_purged":[],"score":245,"play_id":"c4c9e228-cea9-46a2-9ae3-02d64cbc3810","local_time":"20201224224430","is_ascension_mode":false,"campfire_choices":[{"floor":7,"key":"REST"},{"floor":15,"key":"REST"},{"floor":23,"key":"REST"},{"data":"Loop","floor":27,"key":"SMITH"},{"floor":32,"key":"REST"}],"circlet_count":0,"master_deck":["Strike_B","Strike_B","Strike_B","Strike_B","Defend_B","Defend_B","Defend_B","Zap","Dualcast+1","Coolheaded","FTL","Streamline","Blizzard","Undo","Loop+1","Cold Snap","White Noise","Biased Cognition","Reboot","Genetic Algorithm","Ball Lightning","Capacitor","Cold Snap","Melter","RitualDagger","Storm","Go for the Eyes","Redo+1"],"relics":["Cracked Core","Happy Flower","Letter Opener","Pocketwatch","Inserter","Bag of Preparation"],"acts_visited":["Exordium","TheCity"],"potions_floor_usage":[6,16,29],"damage_taken":[{"damage":4,"enemies":"Cultist","floor":1,"turns":3},{"damage":32,"enemies":"Lagavulin","floor":6,"turns":7},{"damage":9,"enemies":"2 Louse","floor":8,"turns":3},{"damage":4,"enemies":"Jaw Worm","floor":11,"turns":3},{"damage":12,"enemies":"Exordium Wildlife","floor":12,"turns":4},{"damage":18,"enemies":"Hexaghost","floor":16,"turns":8},{"damage":14,"enemies":"Shell Parasite","floor":18,"turns":5},{"damage":7,"enemies":"Spheric Guardian","floor":19,"turns":3},{"damage":9,"enemies":"Chosen and Byrds","floor":21,"turns":8},{"damage":0,"enemies":"Snake Plant","floor":28,"turns":4},{"damage":7,"enemies":"Cultist and Chosen","floor":29,"turns":5},{"damage":0,"enemies":"Centurion and Healer","floor":30,"turns":6},{"damage":81,"enemies":"Champ","floor":33,"turns":11}],"seed_played":"1604439502925265523","potions_obtained":[{"floor":1,"key":"Dexterity Potion"},{"floor":11,"key":"Ancient Potion"},{"floor":19,"key":"GamblersBrew"},{"floor":29,"key":"Fruit Juice"}],"is_trial":false,"path_per_floor":["M","?","$","?","$","E","R","M","T","$","M","M","?","T","R","B",null,"M","M","$","M","?","R","?","?","T","R","M","M","M","?","R","B"],"character_chosen":"DEFECT","items_purchased":["FTL","Blizzard","Cold Snap","Capacitor","Cold Snap"],"campfire_rested":4,"item_purchase_floors":[3,5,10,20,20],"current_hp_per_floor":[71,60,60,60,60,28,50,41,41,41,37,25,25,25,47,29,75,61,54,54,45,39,61,61,61,61,61,61,59,59,59,80,0,0],"gold":0,"neow_bonus":"THREE_CARDS","is_daily":false,"chose_seed":false,"campfire_upgraded":1,"win_rate":0.0,"timestamp":1608821070,"path_taken":["M","?","$","?","$","E","R","M","T","$","M","?","?","?","R","BOSS","M","M","$","M","?","R","?","?","T","R","M","M","M","?","R","BOSS"],"items_purchased_type":["Card","Card","Card","Card","Card"],"build_version":"2020-12-22","purchased_purges":0,"victory":false,"max_hp_per_floor":[75,75,75,75,75,75,75,75,75,75,75,75,75,75,75,75,75,75,75,75,75,75,75,75,75,75,75,75,80,80,80,80,80,80],"card_choices":[{"not_picked":["Barrage","Self Repair"],"picked":"Coolheaded","floor":0},{"not_picked":["Rebound","Barrage"],"picked":"Heatsinks","floor":1},{"not_picked":["Recycle","Gash"],"picked":"Undo","floor":6},{"not_picked":["Hologram","Steam"],"picked":"Loop","floor":8},{"not_picked":["Go for the Eyes","Beam Cell"],"picked":"White Noise","floor":11},{"not_picked":["Sweeping Beam","Chill"],"picked":"Biased Cognition","floor":12},{"not_picked":["Amplify","Meteor Strike"],"picked":"Reboot","floor":16},{"not_picked":["Loop","Recycle"],"picked":"Genetic Algorithm","floor":18},{"not_picked":["FTL","Sunder"],"picked":"Ball Lightning","floor":19},{"not_picked":["Compile Driver","Recycle"],"picked":"Melter","floor":21},{"not_picked":["Go for the Eyes","BootSequence"],"picked":"Storm","floor":28},{"not_picked":["Ball Lightning","Compile Driver"],"picked":"Go for the Eyes","floor":29},{"not_picked":["Ball Lightning","Go for the Eyes"],"picked":"Redo+1","floor":30}],"player_experience":224428,"relics_obtained":[{"floor":6,"key":"Happy Flower"},{"floor":9,"key":"Letter Opener"},{"floor":14,"key":"Pocketwatch"},{"floor":26,"key":"Bag of Preparation"}],"event_choices":[{"damage_healed":0,"gold_gain":75,"player_choice":"Gather Gold","damage_taken":11,"max_hp_gain":0,"max_hp_loss":0,"event_name":"World of Goop","floor":2,"gold_loss":0},{"damage_healed":0,"gold_gain":0,"cards_transformed":["Defend_B"],"player_choice":"Transformed","damage_taken":0,"max_hp_gain":0,"max_hp_loss":0,"event_name":"Transmorgrifier","floor":4,"gold_loss":0,"cards_obtained":["Streamline"]},{"damage_healed":0,"gold_gain":0,"player_choice":"Grow","damage_taken":0,"max_hp_gain":0,"max_hp_loss":0,"event_name":"Living Wall","floor":13,"gold_loss":0,"cards_upgraded":["Dualcast"]},{"damage_healed":0,"gold_gain":0,"player_choice":"Joined the Cult","damage_taken":6,"max_hp_gain":0,"max_hp_loss":0,"event_name":"Nest","floor":22,"gold_loss":0,"cards_obtained":["RitualDagger"]},{"cards_removed":["Heatsinks"],"damage_healed":0,"gold_gain":0,"player_choice":"Gave Gold","damage_taken":0,"max_hp_gain":0,"max_hp_loss":0,"event_name":"Beggar","floor":24,"gold_loss":75},{"damage_healed":0,"gold_gain":0,"player_choice":"Ignored","damage_taken":0,"max_hp_gain":0,"max_hp_loss":0,"event_name":"Cursed Tome","floor":25,"gold_loss":0},{"damage_healed":0,"gold_gain":0,"player_choice":"Paid Fearfully","damage_taken":0,"max_hp_gain":0,"max_hp_loss":0,"event_name":"Masked Bandits","floor":31,"gold_loss":111}],"is_beta":false,"boss_relics":[{"not_picked":["Philosopher\u0027s Stone","Cursed Key"],"picked":"Inserter"}],"items_purged_floors":[],"is_endless":false,"potions_floor_spawned":[1,11,19,29],"killed_by":"Champ","ascension_level":0}}