{"host":"i1ibt4vxe0effuru","time":1608775275,"event":{"mods":["AchievementEnabler","BaseMod","Card Forge","Minty Spire (QoL Compilation)","Quick Restart","Shop Mod","StSLib"],"gold_per_floor":[117,132,132,132,132,132,132,132,132,132,132,132,132,132,132,132,132,132,132,132,132,132,132,132,132,132,132,132,132,132,132,132,132,132,132,132,132,132,132,132,132,132,132,132,132,132,132,132,132,132],"floor_reached":51,"playtime":1203,"items_purged":[],"score":1502,"play_id":"698e0f69-b70a-48ba-9cfc-041dbacc7477","local_time":"20201224120115","is_ascension_mode":true,"campfire_choices":[{"floor":6,"key":"REST"},{"floor":15,"key":"REST"},{"floor":23,"key":"REST"},{"floor":28,"key":"REST"},{"floor":32,"key":"REST"},{"floor":42,"key":"REST"},{"floor":45,"key":"REST"},{"floor":47,"key":"REST"},{"floor":49,"key":"REST"}],"circlet_count":0,"master_deck":["Concentrate+1","Prepared+1","Reflex+1","Tactician+1","Skewer+1"],"relics":["Ring of the Snake","Hammer of Thor","Seething Fire","Anvil of the Gods"],"acts_visited":["Exordium","TheCity","TheBeyond"],"potions_floor_usage":[],"damage_taken":[{"damage":0,"enemies":"Small Slimes","floor":1,"turns":2},{"damage":0,"enemies":"2 Louse","floor":2,"turns":1},{"damage":0,"enemies":"Cultist","floor":4,"turns":1},{"damage":0,"enemies":"Exordium Wildlife","floor":5,"turns":1},{"damage":0,"enemies":"Gremlin Nob","floor":7,"turns":1},{"damage":0,"enemies":"Exordium Thugs","floor":8,"turns":1},{"damage":0,"enemies":"3 Louse","floor":10,"turns":1},{"damage":0,"enemies":"Lots of Slimes","floor":11,"turns":1},{"damage":0,"enemies":"2 Fungi Beasts","floor":13,"turns":1},{"damage":0,"enemies":"Blue Slaver","floor":14,"turns":1},{"damage":0,"enemies":"Slime Boss","floor":16,"turns":1},{"damage":0,"enemies":"3 Byrds","floor":18,"turns":1},{"damage":0,"enemies":"Spheric Guardian","floor":19,"turns":1},{"damage":0,"enemies":"3 Cultists","floor":20,"turns":1},{"damage":0,"enemies":"Snecko","floor":21,"turns":1},{"damage":0,"enemies":"Cultist and Chosen","floor":22,"turns":1},{"damage":0,"enemies":"Snake Plant","floor":25,"turns":1},{"damage":0,"enemies":"Slavers","floor":27,"turns":1},{"damage":0,"enemies":"3 Cultists","floor":29,"turns":1},{"damage":0,"enemies":"Centurion and Healer","floor":30,"turns":1},{"damage":0,"enemies":"Gremlin Leader","floor":31,"turns":1},{"damage":0,"enemies":"Automaton","floor":33,"turns":1},{"damage":0,"enemies":"3 Darklings","floor":35,"turns":1},{"damage":0,"enemies":"Orb Walker","floor":36,"turns":1},{"damage":44,"enemies":"4 Shapes","floor":37,"turns":1},{"damage":0,"enemies":"Maw","floor":38,"turns":1},{"damage":0,"enemies":"Spire Growth","floor":39,"turns":1},{"damage":0,"enemies":"Writhing Mass","floor":41,"turns":1},{"damage":0,"enemies":"Maw","floor":44,"turns":1},{"damage":20,"enemies":"4 Shapes","floor":48,"turns":1},{"damage":0,"enemies":"Time Eater","floor":50,"turns":1}],"seed_played":"7377806284596985862","potions_obtained":[{"floor":0,"key":"FairyPotion"},{"floor":0,"key":"SteroidPotion"},{"floor":0,"key":"Regen Potion"}],"is_trial":false,"path_per_floor":["M","M","?","M","M","R","E","M","T","M","M","$","M","M","R","B",null,"M","M","M","M","M","R","?","M","T","E","R","M","M","E","R","B",null,"M","M","M","M","M","?","M","R","T","M","R","?","R","M","R","B",null],"character_chosen":"THE_SILENT","items_purchased":[],"campfire_rested":9,"item_purchase_floors":[],"current_hp_per_floor":[63,63,63,63,63,70,70,70,70,70,70,70,70,70,70,70,70,70,70,70,70,70,70,70,70,70,70,70,70,70,70,70,70,70,70,70,26,26,26,23,23,44,44,44,65,65,70,50,70,70],"gold":132,"neow_bonus":"THREE_SMALL_POTIONS","is_daily":false,"chose_seed":false,"campfire_upgraded":0,"win_rate":0.0,"timestamp":1608775275,"path_taken":["M","M","?","M","M","R","E","M","T","M","M","$","M","M","R","BOSS","M","M","M","M","M","R","?","M","T","E","R","M","M","E","R","BOSS","M","M","M","M","M","?","?","R","T","M","R","?","R","M","R","BOSS"],"items_purchased_type":[],"build_version":"2020-12-22","purchased_purges":0,"victory":true,"max_hp_per_floor":[70,70,70,70,70,70,70,70,70,70,70,70,70,70,70,70,70,70,70,70,70,70,70,70,70,70,70,70,70,70,70,70,70,70,70,70,70,70,70,70,70,70,70,70,70,70,70,70,70,70],"card_choices":[{"not_picked":["Poisoned Stab","Dodge and Roll","Backstab"],"picked":"SKIP","floor":1},{"not_picked":["Cloak And Dagger","Distraction","PiercingWail"],"picked":"SKIP","floor":2},{"not_picked":["PiercingWail","Bane","Eviscerate"],"picked":"SKIP","floor":4},{"not_picked":["Slice","Backflip","Terror"],"picked":"SKIP","floor":5},{"not_picked":["Sucker Punch","Dash","Quick Slash"],"picked":"SKIP","floor":7},{"not_picked":["Noxious Fumes","Dagger Spray","Catalyst"],"picked":"SKIP","floor":8},{"not_picked":["Unload","Finisher","Prepared"],"picked":"SKIP","floor":10},{"not_picked":["Slice","Accuracy","Dagger Throw"],"picked":"SKIP","floor":11},{"not_picked":["Skewer","Expertise","Accuracy"],"picked":"SKIP","floor":13},{"not_picked":["Acrobatics","Bouncing Flask","Doppelganger"],"picked":"SKIP","floor":14},{"not_picked":["Tactician+1","Dagger Spray","Slice"],"picked":"SKIP","floor":18},{"not_picked":["Cloak And Dagger","Blade Dance","Dagger Spray"],"picked":"SKIP","floor":19},{"not_picked":["Blur","Deflect","Well Laid Plans"],"picked":"SKIP","floor":20},{"not_picked":["All Out Attack","Crippling Poison","Die Die Die"],"picked":"SKIP","floor":21},{"not_picked":["Acrobatics","Crippling Poison","Quick Slash"],"picked":"SKIP","floor":22},{"not_picked":["Choke","Leg Sweep+1","PiercingWail"],"picked":"SKIP","floor":25},{"not_picked":["Slice","Eviscerate","Die Die Die"],"picked":"SKIP","floor":27},{"not_picked":["Flying Knee","Bane+1","All Out Attack+1"],"picked":"SKIP","floor":29},{"not_picked":["Blade Dance","Slice","Bane+1"],"picked":"SKIP","floor":30},{"not_picked":["Reflex","Sucker Punch+1","Riddle With Holes+1"],"picked":"SKIP","floor":31},{"not_picked":["Quick Slash+1","Deflect","Poisoned Stab+1"],"picked":"SKIP","floor":35},{"not_picked":["Dagger Spray","Deflect+1","Setup+1"],"picked":"SKIP","floor":36},{"not_picked":["Sucker Punch+1","Cloak And Dagger+1","Dagger Throw+1"],"picked":"SKIP","floor":37},{"not_picked":["Quick Slash+1","Dagger Throw","Dagger Spray"],"picked":"SKIP","floor":38},{"not_picked":["Dodge and Roll","Bane","Deflect+1"],"picked":"SKIP","floor":39},{"not_picked":["Acrobatics+1","Malaise","Deflect+1"],"picked":"SKIP","floor":41},{"not_picked":["Prepared","Dodge and Roll+1","Tactician+1"],"picked":"SKIP","floor":44},{"not_picked":["Outmaneuver","PiercingWail+1","Dodge and Roll+1"],"picked":"SKIP","floor":48}],"player_experience":159171,"relics_obtained":[],"event_choices":[{"damage_healed":0,"gold_gain":0,"player_choice":"Fled","damage_taken":0,"max_hp_gain":0,"max_hp_loss":0,"event_name":"Scrap Ooze","floor":3,"gold_loss":0},{"damage_healed":0,"gold_gain":0,"player_choice":"Ignored","damage_taken":0,"max_hp_gain":0,"max_hp_loss":0,"event_name":"Vampires","floor":24,"gold_loss":0},{"damage_healed":0,"gold_gain":0,"player_choice":"Punched","damage_taken":3,"max_hp_gain":0,"max_hp_loss":0,"event_name":"Designer","floor":40,"gold_loss":0},{"damage_healed":0,"gold_gain":0,"player_choice":"Ignored","damage_taken":0,"max_hp_gain":0,"max_hp_loss":0,"event_name":"WeMeetAgain","floor":46,"gold_loss":0}],"is_beta":false,"boss_relics":[{"not_picked":[]},{"not_picked":["Philosopher\u0027s Stone","SlaversCollar","Empty Cage"]}],"items_purged_floors":[],"is_endless":false,"potions_floor_spawned":[1,4,10,11,13,16,22,25,27,29,33,38,39,48],"ascension_level":8}}