{"host":"3y2rtlgteqp2nuo3","time":1608800877,"event":{"mods":["2.2 Compatiblity","AchievementEnabler","BaseMod","Colored Map","DeckTracker","Highlight Path","Keyboard Shortcuts","Minty Spire (QoL Compilation)","Permanent Neow","Quick Restart","StSLib","SuperFastMode","everything is the same but u backflip on backflip"],"gold_per_floor":[18,28,41,56,56,56,56,76,76,90,65,65,83,99,99,195,195,206,206,206],"floor_reached":19,"playtime":467,"items_purged":[],"score":179,"play_id":"4c33459c-f8cb-4642-be70-08613f2577a1","local_time":"20201224180757","is_ascension_mode":true,"campfire_choices":[{"data":"Zap","floor":6.0,"key":"SMITH"},{"data":"Beam Cell","floor":12.0,"key":"SMITH"},{"data":"Dualcast","floor":15.0,"key":"SMITH"}],"circlet_count":0,"master_deck":["Strike_B","Strike_B","Strike_B","Strike_B","Defend_B","Defend_B","Defend_B","Defend_B","Zap+1","Dualcast+1","All For One","FTL","Rebound","Compile Driver","Sweeping Beam","Leap","Beam Cell+1","Gash","Self Repair","Ball Lightning","Echo Form","Leap"],"relics":["Cracked Core","Blue Candle","Singing Bowl","SacredBark"],"acts_visited":["Exordium","TheCity"],"potions_floor_usage":[16,16],"damage_taken":[{"damage":7.0,"enemies":"Jaw Worm","floor":1.0,"turns":3.0},{"damage":1.0,"enemies":"2 Louse","floor":2.0,"turns":3.0},{"damage":1.0,"enemies":"Cultist","floor":3.0,"turns":3.0},{"damage":15.0,"enemies":"Gremlin Gang","floor":4.0,"turns":4.0},{"damage":0.0,"enemies":"Large Slime","floor":8.0,"turns":3.0},{"damage":0.0,"enemies":"Exordium Thugs","floor":10.0,"turns":3.0},{"damage":5.0,"enemies":"Exordium Wildlife","floor":13.0,"turns":2.0},{"damage":0.0,"enemies":"Lots of Slimes","floor":14.0,"turns":2.0},{"damage":32,"enemies":"The Guardian","floor":16,"turns":9},{"damage":35,"enemies":"Shell Parasite","floor":18,"turns":3},{"damage":43,"enemies":"3 Byrds","floor":19,"turns":3}],"seed_played":"5629740077408472907","potions_obtained":[{"floor":1.0,"key":"DistilledChaos"},{"floor":2.0,"key":"GamblersBrew"},{"floor":4.0,"key":"Explosive Potion"},{"floor":7.0,"key":"Fire Potion"},{"floor":10.0,"key":"Block Potion"}],"is_trial":false,"path_per_floor":["M","M","M","M","?","R","?","M","T","M","$","R","M","M","R","B",null,"M","M"],"character_chosen":"DEFECT","items_purchased":["Gash"],"campfire_rested":0,"item_purchase_floors":[11],"current_hp_per_floor":[68,67,66,51,39,39,39,39,39,39,39,39,34,34,34,9,75,40,0,0],"gold":206,"neow_bonus":"THREE_RARE_CARDS","is_daily":false,"chose_seed":false,"campfire_upgraded":3,"win_rate":0.0,"timestamp":1608800877,"path_taken":["M","M","M","M","?","R","?","?","T","M","$","R","M","M","R","BOSS","M","?"],"items_purchased_type":["Card"],"build_version":"2020-12-22","purchased_purges":0,"victory":false,"max_hp_per_floor":[75,75,75,75,75,75,75,75,75,75,75,75,75,75,75,75,75,75,75,75],"card_choices":[{"not_picked":["Fission","Amplify"],"picked":"All For One","floor":0.0},{"not_picked":["Steam Power","Rebound"],"picked":"FTL","floor":1.0},{"not_picked":["Go for the Eyes","Blizzard"],"picked":"Rebound","floor":2.0},{"not_picked":["Consume","Beam Cell"],"picked":"Compile Driver","floor":3.0},{"not_picked":["Stack","Double Energy"],"picked":"Sweeping Beam","floor":4.0},{"not_picked":["Rip and Tear","Rebound"],"picked":"Leap","floor":8.0},{"not_picked":["Gash","Darkness"],"picked":"Beam Cell","floor":10.0},{"not_picked":["Double Energy","Barrage"],"picked":"Self Repair","floor":13.0},{"not_picked":["Steam Power","Stack"],"picked":"Ball Lightning","floor":14.0},{"not_picked":["Creative AI","Biased Cognition"],"picked":"Echo Form","floor":16},{"not_picked":["Compile Driver+1","Reprogram"],"picked":"Leap","floor":18}],"player_experience":640569,"relics_obtained":[{"floor":9.0,"key":"Singing Bowl"}],"event_choices":[{"damage_healed":0.0,"max_hp_gain":0.0,"max_hp_loss":0.0,"gold_gain":0.0,"event_name":"Scrap Ooze","player_choice":"Success","floor":5.0,"gold_loss":0.0,"damage_taken":12.0,"relics_obtained":["Blue Candle"]},{"damage_healed":0.0,"max_hp_gain":0.0,"max_hp_loss":0.0,"gold_gain":0.0,"event_name":"Lab","player_choice":"Got Potions","floor":7.0,"gold_loss":0.0,"damage_taken":0.0}],"is_beta":false,"boss_relics":[{"not_picked":["FrozenCore","Nuclear Battery"],"picked":"SacredBark"}],"items_purged_floors":[],"is_endless":false,"potions_floor_spawned":[1,2,4,10],"killed_by":"3 Byrds","ascension_level":2}}