{"host":"htqwg582tjjtn9p7","time":1608832706,"event":{"mods":["2.2 Compatiblity","AchievementEnabler","Act Like it!","Aspiration","BaseMod","Better Third Choice","Colored Map","Conspire","Curses Come First","Displayed Cursed Tome","Energized Spire","Force Act Four","GifTheSpireLib","Hermit","Highlight Path","JesterMod","Mad Scientist","Minty Spire (QoL Compilation)","Pale of the Ancients","Permanent Neow","Random Character Button","Relic Stats","Replay The Spire","Robot Space Explorer","Somnambulant","Spicy Shops","Spikes Relics","StSLib","Stuff the Spire","The Blue Laboratory","The Disciple","The Dragon Tamer","The Forsaken","The Gatherer","The Judge","The Jungle","The Marked","The Runesmith","The Servant 0.9.4"],"gold_per_floor":[118,51,62,72,72,99,99,99,125,138,138,155,186,199,199,274,274,294,308,82,100,150,185,185,218,218,234,250,264,297,297,297,369,369,383,383,145,95,105,137,154,186,186,197,197,215,248,265,265,265,265],"floor_reached":50,"playtime":2198,"items_purged":["Strike_R","WordoMod:Infected"],"score":1148,"play_id":"dcc9d821-2e0a-4ff5-ad68-a1908eb5e6c2","local_time":"20201224185826","is_ascension_mode":true,"campfire_choices":[{"data":"Rampage","floor":8,"key":"SMITH"},{"floor":11,"key":"REST"},{"floor":15,"key":"REST"},{"data":"Rampage+1","floor":24,"key":"SMITH"},{"data":"Spot Weakness","floor":32,"key":"SMITH"},{"data":"Heavy Blade+1","floor":45,"key":"SMITH"},{"floor":49,"key":"DIG"}],"circlet_count":0,"master_deck":["AscendersBane","Strike_R","Strike_R+1","Strike_R","Bash","Pommel Strike","Rampage+2","Offering","Uppercut","Spot Weakness+1","Dropkick","Rage","Reaper","Heavy Blade+2","Feed","Heavy Blade","Immolate","WordoMod:Petrified","Dual Wield","Inflame+2","StuffTheSpire:Slingshot","True Grit","Spot Weakness"],"relics":["aspiration:RitualDagger","Replay:WaspNest","conspire:InfiniteJournal","Regal Pillow","Replay:Mystery Machine","Replay:Grab Bag","energizedSpire:MagnifyingGlass","CosmicIsotope","Runic Pyramid","aspiration:PoetsPen_weak","theForsaken:Lifeblossom","Garlic","aspiration:SeaSaltIceCream","Replay:M_StaffOfTheSnake","ReplayTheSpireMod:Ninjato","StuffTheSpire:OldFever","Kintsugi","StuffTheSpire:DullRazor","InkBottle","Blue Doll","Divine Protection","Strawberry","SpikesRelics:ToyHorsey"],"acts_visited":["Exordium","TheCity","TheBeyond"],"potions_floor_usage":[13,16,23,27,50,50],"damage_taken":[{"damage":13,"enemies":"Cultist","floor":1,"turns":4},{"damage":17,"enemies":"2 Louse","floor":3,"turns":3},{"damage":15,"enemies":"Jaw Worm","floor":4,"turns":4},{"damage":54,"enemies":"Gremlin Nob","floor":6,"turns":4},{"damage":22,"enemies":"Exordium Thugs","floor":10,"turns":3},{"damage":26,"enemies":"Lots of Slimes","floor":12,"turns":2},{"damage":45,"enemies":"Lagavulin","floor":13,"turns":5},{"damage":12,"enemies":"Large Slime","floor":14,"turns":4},{"damage":68,"enemies":"The Guardian","floor":16,"turns":6},{"damage":21,"enemies":"3 Byrds","floor":18,"turns":3},{"damage":16,"enemies":"Chosen","floor":19,"turns":3},{"damage":26,"enemies":"Centurion and Healer","floor":21,"turns":3},{"damage":55,"enemies":"Book of Stabbing","floor":23,"turns":4},{"damage":44,"enemies":"Gremlin Leader","floor":25,"turns":4},{"damage":15,"enemies":"Cultist and Chosen","floor":27,"turns":3},{"damage":25,"enemies":"Shelled Parasite and Fungi","floor":28,"turns":3},{"damage":34,"enemies":"Centurion and Healer","floor":29,"turns":4},{"damage":43,"enemies":"Slavers","floor":30,"turns":4},{"damage":60,"enemies":"Collector","floor":33,"turns":5},{"damage":12,"enemies":"Orb Walker","floor":35,"turns":2},{"damage":29,"enemies":"3 Darklings","floor":39,"turns":3},{"damage":17,"enemies":"Giant Head","floor":40,"turns":3},{"damage":32,"enemies":"Writhing Mass","floor":41,"turns":3},{"damage":59,"enemies":"R_Hoarder","floor":42,"turns":4},{"damage":10,"enemies":"Transient","floor":44,"turns":4},{"damage":4,"enemies":"Spire Growth","floor":46,"turns":2},{"damage":44,"enemies":"Reptomancer","floor":47,"turns":4},{"damage":29,"enemies":"Maw","floor":48,"turns":3},{"damage":146,"enemies":"conspire:OrnateMirror","floor":50,"turns":6}],"seed_played":"4929111223729710453","potions_obtained":[{"floor":1,"key":"blueLaboratory:HorrorPotion"},{"floor":12,"key":"blueLaboratory:PolymorphPotion"},{"floor":21,"key":"Weak Potion"},{"floor":25,"key":"BlessingOfTheForge"},{"floor":28,"key":"blueLaboratory:CorrosionFlask"},{"floor":33,"key":"EssenceOfSteel"},{"floor":35,"key":"Dexterity Potion"},{"floor":47,"key":"blueLaboratory:FrostheartPotion"},{"floor":48,"key":"Doom Potion"}],"is_trial":false,"path_per_floor":["M","$","M","M","?","E","T","R","T","M","R","M","E","M","R","B",null,"M","M","$","M","?","E","R","E","T","M","M","M","E","?","R","B",null,"M","?","$","?","M","E","M","E","T","M","R","M","E","M","R_BF","B"],"character_chosen":"IRONCLAD","items_purchased":["Rampage","theForsaken:Lifeblossom","Inflame+1","StuffTheSpire:DullRazor"],"campfire_rested":2,"item_purchase_floors":[2,20,37,37],"current_hp_per_floor":[55,55,38,23,23,55,55,55,55,40,75,56,23,20,57,17,61,64,66,66,75,75,51,51,50,50,78,71,67,61,77,77,73,77,77,77,77,77,78,78,64,50,50,78,78,78,81,85,85,0,0],"gold":265,"neow_bonus":"BOSS_RELIC","is_daily":false,"chose_seed":false,"campfire_upgraded":4,"win_rate":0.0,"timestamp":1608832706,"path_taken":["M","$","?","M","?","E","?","R","T","?","R","M","E","?","R","BOSS","M","M","$","M","?","E","R","E","T","M","?","M","E","?","R","BOSS","M","?","$","?","M","E","?","E","T","M","R","M","E","M","R_BF","BOSS"],"items_purchased_type":["Card","Relic","Card","Relic"],"build_version":"2020-12-22","purchased_purges":2,"victory":false,"max_hp_per_floor":[75,75,75,75,75,75,75,75,75,75,75,75,75,75,75,75,75,75,75,75,75,75,78,78,78,78,78,78,78,78,78,78,78,78,78,78,78,78,78,78,78,78,78,78,78,78,85,85,85,85,85],"relic_stats":{"Regal Pillow":28,"counters":[29,105],"obtain_stats":[{"Divine Protection":43,"Regal Pillow":9,"Replay:M_StaffOfTheSnake":25,"ReplayTheSpireMod:Ninjato":26,"Replay:Grab Bag":17,"theForsaken:Lifeblossom":20,"Blue Doll":42,"Replay:WaspNest":6,"aspiration:PoetsPen_weak":17,"aspiration:SeaSaltIceCream":25,"Replay:Mystery Machine":13,"Burning Blood":0,"conspire:InfiniteJournal":7,"SpikesRelics:ToyHorsey":49,"Strawberry":47,"energizedSpire:MagnifyingGlass":17,"CosmicIsotope":17,"Garlic":23,"aspiration:RitualDagger":0,"Kintsugi":34,"StuffTheSpire:DullRazor":37,"StuffTheSpire:OldFever":30,"InkBottle":40,"Runic Pyramid":17},{"Divine Protection":24,"Regal Pillow":4,"Replay:M_StaffOfTheSnake":14,"ReplayTheSpireMod:Ninjato":14,"Replay:Grab Bag":9,"theForsaken:Lifeblossom":11,"Blue Doll":24,"Replay:WaspNest":4,"aspiration:PoetsPen_weak":9,"aspiration:SeaSaltIceCream":14,"Replay:Mystery Machine":7,"Burning Blood":0,"conspire:InfiniteJournal":4,"SpikesRelics:ToyHorsey":28,"Strawberry":27,"energizedSpire:MagnifyingGlass":9,"CosmicIsotope":9,"Garlic":13,"aspiration:RitualDagger":0,"Kintsugi":19,"StuffTheSpire:DullRazor":20,"StuffTheSpire:OldFever":18,"InkBottle":22,"Runic Pyramid":9},{"Divine Protection":86,"Regal Pillow":15,"Replay:M_StaffOfTheSnake":52,"ReplayTheSpireMod:Ninjato":52,"Replay:Grab Bag":35,"theForsaken:Lifeblossom":41,"Blue Doll":86,"Replay:WaspNest":15,"aspiration:PoetsPen_weak":35,"aspiration:SeaSaltIceCream":52,"Replay:Mystery Machine":25,"Burning Blood":0,"conspire:InfiniteJournal":15,"SpikesRelics:ToyHorsey":99,"Strawberry":96,"energizedSpire:MagnifyingGlass":35,"CosmicIsotope":35,"Garlic":48,"aspiration:RitualDagger":0,"Kintsugi":71,"StuffTheSpire:DullRazor":73,"StuffTheSpire:OldFever":66,"InkBottle":79,"Runic Pyramid":35}],"InkBottle":[20]},"card_choices":[{"not_picked":["conspire:ExplosiveBarrier","ReplayTheSpireMod:Strike From Hell"],"picked":"Pommel Strike","floor":1},{"not_picked":["Thunderclap","Run Through","StuffTheSpire:RockThrow"],"picked":"SKIP","floor":3},{"not_picked":["Warcry","Anger"],"picked":"Offering","floor":4},{"not_picked":["StuffTheSpire:RockThrow","Seeing Red"],"picked":"Uppercut","floor":6},{"not_picked":["Inflame","Entrench"],"picked":"Spot Weakness","floor":10},{"not_picked":["Havoc","Clash"],"picked":"Dropkick","floor":12},{"not_picked":["ReplayTheSpireMod:Strike From Hell","Run Through","Brutality"],"picked":"SKIP","floor":13},{"not_picked":["True Grit","Flame Barrier"],"picked":"Rage","floor":14},{"not_picked":["Bludgeon","Fiend Fire"],"picked":"Reaper","floor":16},{"not_picked":["ReplayTheSpireMod:Strike From Hell","Twin Strike"],"picked":"Heavy Blade+1","floor":18},{"not_picked":["BarbarianYell","StuffTheSpire:Incineration"],"picked":"Feed","floor":19},{"not_picked":["Headbutt","StuffTheSpire:RagingBull+1","Clothesline"],"picked":"SKIP","floor":21},{"not_picked":["Shockwave","Invigoration","Sword Boomerang"],"picked":"SKIP","floor":23},{"not_picked":["StuffTheSpire:RagingBull","StuffTheSpire:RockThrow","Cleave"],"picked":"SKIP","floor":25},{"not_picked":["Night Terror","Flying Knee"],"picked":"Heavy Blade","floor":27},{"not_picked":["Carnage","Cleave","Havoc"],"picked":"SKIP","floor":28},{"not_picked":["Carnage","Shrug It Off","ThirdEye"],"picked":"SKIP","floor":29},{"not_picked":["Life Link","InnerPeace","SashWhip"],"picked":"SKIP","floor":30},{"not_picked":["Night Terror","Exhume"],"picked":"Immolate","floor":33},{"not_picked":["Dual Wield","Fire Breathing+1","Headbutt"],"picked":"SKIP","floor":35},{"not_picked":["Fire Breathing+1","Headbutt"],"picked":"Dual Wield","floor":35},{"not_picked":["Clothesline+1","Wild Strike+1","Fire Breathing+1"],"picked":"SKIP","floor":39},{"not_picked":["Dark Embrace","Headbutt"],"picked":"StuffTheSpire:Slingshot","floor":40},{"not_picked":["Shockwave","StuffTheSpire:Incineration","StuffTheSpire:RockThrow"],"picked":"SKIP","floor":41},{"not_picked":["StuffTheSpire:BloodClot","Sword Boomerang+1"],"picked":"True Grit","floor":42},{"not_picked":["Pommel Strike","Shockwave","StuffTheSpire:BloodClot"],"picked":"SKIP","floor":44},{"not_picked":["True Grit","StuffTheSpire:Slingshot","Invigoration"],"picked":"SKIP","floor":46},{"not_picked":["Clash+1","ReplayTheSpireMod:LeadingStrike+1"],"picked":"Spot Weakness","floor":47},{"not_picked":["Headbutt","BarbarianYell+1","Wild Strike"],"picked":"SKIP","floor":48}],"player_experience":1763687,"relics_obtained":[{"floor":6,"key":"Replay:WaspNest"},{"floor":7,"key":"conspire:InfiniteJournal"},{"floor":9,"key":"Regal Pillow"},{"floor":13,"key":"Replay:Mystery Machine"},{"floor":23,"key":"Garlic"},{"floor":25,"key":"aspiration:SeaSaltIceCream"},{"floor":26,"key":"ReplayTheSpireMod:Ninjato"},{"floor":30,"key":"StuffTheSpire:OldFever"},{"floor":40,"key":"InkBottle"},{"floor":42,"key":"Blue Doll"},{"floor":43,"key":"Divine Protection"},{"floor":47,"key":"Strawberry"},{"floor":49,"key":"SpikesRelics:ToyHorsey"}],"event_choices":[{"damage_healed":0,"gold_gain":0,"player_choice":"Ignored","damage_taken":0,"max_hp_gain":0,"max_hp_loss":0,"event_name":"Golden Idol","floor":5,"gold_loss":0},{"damage_healed":0,"gold_gain":50,"player_choice":"Pray","damage_taken":0,"max_hp_gain":0,"max_hp_loss":0,"event_name":"Golden Shrine","floor":22,"gold_loss":0},{"damage_healed":16,"gold_gain":0,"player_choice":"Heal","damage_taken":0,"max_hp_gain":0,"max_hp_loss":0,"event_name":"The Library","floor":31,"gold_loss":0},{"damage_healed":0,"gold_gain":0,"player_choice":"Ignored","damage_taken":0,"max_hp_gain":0,"max_hp_loss":0,"event_name":"Tomb of Lord Red Mask","floor":36,"gold_loss":0},{"damage_healed":0,"gold_gain":0,"player_choice":"Upgraded Two","damage_taken":0,"max_hp_gain":0,"max_hp_loss":0,"event_name":"Designer","floor":38,"gold_loss":50,"cards_upgraded":["Strike_R","Inflame"]}],"is_beta":false,"boss_relics":[{"not_picked":["energizedSpire:NeverEndingSparkler","HailfireSword"],"picked":"Replay:Grab Bag"},{"not_picked":["Replay:Fungal Core","Ectoplasm"],"picked":"energizedSpire:MagnifyingGlass"},{"not_picked":["Replay:Wanted Poster","Runesmith:UraniumAnvil"],"picked":"CosmicIsotope"},{"not_picked":["Runic Cube","SacredBark"],"picked":"Runic Pyramid"},{"not_picked":["aspiration:ServantSkillbook","conspire:RunicOctahedron"],"picked":"aspiration:PoetsPen_weak"},{"not_picked":["Replay:Ancient Bell","Runic Dome"],"picked":"Kintsugi"}],"items_purged_floors":[20,37],"is_endless":false,"potions_floor_spawned":[1,12,21,25,28,33,35,42,44,47,48],"killed_by":"conspire:OrnateMirror","ascension_level":15}}