{"host":"9n9nzkokhxe59gmc","time":1608800289,"event":{"mods":["Act Like it!","BaseMod","Elementarium","Hallownest","Hermit","Hubris","Infinite Spire","Menagerie","Minty Spire (QoL Compilation)","Replay The Spire","Shade Mod","StSLib","The Marked","The Servant 0.9.4"],"gold_per_floor":[211,231,231,231,246,272,272,272,272,299,299,333,343,367,367,469,469,488,540,555,244,244,272,272,300,326,342,342,367,367,367,367,462,462,480,480,229,277,297,297,314,314,365,365,365,415,432,432,432,432],"floor_reached":51,"playtime":1684,"items_purged":[],"score":672,"play_id":"98972a9e-1746-4988-a8e0-cfb78eebc403","local_time":"20201224005809","is_ascension_mode":false,"campfire_choices":[{"data":"theMarked:EmpowerWeapon","floor":8,"key":"SMITH"},{"data":"theMarked:EmpowerWeapon","floor":11,"key":"SMITH"},{"floor":15,"key":"REST"},{"floor":24,"key":"REST"},{"floor":28,"key":"REST"},{"floor":32,"key":"REST"},{"floor":40,"key":"REST"},{"data":"theMarked:SuspiciousRaven","floor":42,"key":"SMITH"},{"data":"theMarked:EmpowerWeapon","floor":45,"key":"SMITH"},{"data":"theMarked:SummonStrength","floor":49,"key":"SMITH"}],"circlet_count":0,"master_deck":["theMarked:Strike","theMarked:Strike","theMarked:Strike","theMarked:Strike","theMarked:Strike","theMarked:Defend","theMarked:Defend","theMarked:Defend","theMarked:Defend","theMarked:SoldierOfQuellstein","theMarked:EmpowerWeapon+1","theMarked:MysticalArsenal+1","theMarked:Static","theMarked:EmpowerWeapon+1","Amnesia","theMarked:SwordAndMagic","theMarked:KeepCalmAndFightOn","theMarked:MaelstromOfLightning+1","theMarked:SuspiciousRaven+1","AbeCurse","theMarked:Frustration","theMarked:Aftermath","theMarked:MysticalArsenal","theMarked:ContemptForTheProud","theMarked:BanishingStrike","theMarked:SwordAndMagic+1","theMarked:Aftermath","theMarked:Challenge","Hallucinations","theMarked:SummonStrength+1","theMarked:Overcharge","theMarked:EmpowerWeapon+1","theMarked:WardOff+1","theMarked:HeightenedSenses+1","theMarked:ElectricStrings+1","theMarked:LightningStrikesTwice+1"],"relics":["theMarked:ArtifactOfAir","Boot","infinitespire:PuzzleCube","hubris:PeanutButter","hubris:SlimyHat","Akabeko","Tiny Chest","Replay:Grab Bag","ReplayTheSpireMod:Onyx Gauntlets","Abe\u0027s Treasure","hubris:Backtick","Simple Rune","theMarked:SpiritSword","Orichalcum","hubris:SphereOfDissonance","hubris:Towel","Pear","Blood Vial","War Paint","Regal Pillow","ReplayTheSpireMod:Ring of Challenge","SacredBark","Lantern","theMarked:SecretDocuments","Juzu Bracelet","infinitespire:CheckeredPen","Pondfish Scales"],"acts_visited":["Exordium","TheCity","TheBeyond"],"potions_floor_usage":[6,10,16,47,50],"damage_taken":[{"damage":7,"enemies":"2 Louse","floor":1,"turns":3},{"damage":10,"enemies":"Jaw Worm","floor":2,"turns":4},{"damage":7,"enemies":"Small Slimes","floor":5,"turns":3},{"damage":45,"enemies":"Lagavulin","floor":6,"turns":6},{"damage":27,"enemies":"3 Sentries","floor":10,"turns":6},{"damage":8,"enemies":"Gremlin Nob","floor":12,"turns":3},{"damage":12,"enemies":"3 Louse","floor":13,"turns":3},{"damage":18,"enemies":"Slime Boss","floor":16,"turns":8},{"damage":32,"enemies":"3 Byrds","floor":18,"turns":4},{"damage":4,"enemies":"2 Thieves","floor":20,"turns":3},{"damage":4,"enemies":"Book of Stabbing","floor":23,"turns":3},{"damage":27,"enemies":"Slavers","floor":25,"turns":4},{"damage":0,"enemies":"Snecko","floor":27,"turns":2},{"damage":17,"enemies":"Collector","floor":33,"turns":5},{"damage":10,"enemies":"3 Shapes","floor":35,"turns":2},{"damage":40,"enemies":"2 Orb Walkers","floor":38,"turns":4},{"damage":0,"enemies":"3 Darklings","floor":39,"turns":1},{"damage":15,"enemies":"Maw","floor":41,"turns":3},{"damage":1,"enemies":"Mind Bloom Boss Battle","floor":46,"turns":3},{"damage":0,"enemies":"Jaw Worm Horde","floor":47,"turns":3},{"damage":64,"enemies":"Replay:Hell Engine","floor":50,"turns":9}],"seed_played":"3777516787253437736","potions_obtained":[{"floor":5,"key":"DistilledChaos"},{"floor":6,"key":"Explosive Potion"},{"floor":13,"key":"Fire Potion"},{"floor":19,"key":"BlessingOfTheForge"},{"floor":20,"key":"FearPotion"},{"floor":25,"key":"Fire Potion"},{"floor":38,"key":"PowerPotion"},{"floor":47,"key":"Energy Potion"}],"is_trial":false,"path_per_floor":["M","M","?","T","M","E","?","R","T","E","R","E","M","T","R","B",null,"M","?","M","$","?","E","R","E","T","M","R","T","?","AVR","R","B",null,"M","?","$","?","M","R","M","R","T","T","R","?","M","?","R","B",null],"character_chosen":"THE_DEFAULT","items_purchased":["hubris:SphereOfDissonance","theMarked:BanishingStrike","Lantern","FairyPotion"],"campfire_rested":5,"item_purchase_floors":[21,21,37,37],"current_hp_per_floor":[63,53,53,53,46,1,70,70,70,43,43,35,23,23,44,26,70,38,10,6,6,6,12,36,9,9,11,35,35,35,35,74,59,80,70,70,70,32,34,73,60,60,60,63,63,67,69,72,72,10],"gold":432,"neow_bonus":"HUNDRED_GOLD","is_daily":false,"chose_seed":false,"campfire_upgraded":5,"win_rate":0.0,"timestamp":1608800289,"path_taken":["M","M","?","?","?","E","?","R","T","E","R","E","M","?","R","BOSS","M","?","?","$","?","E","R","E","T","M","R","?","?","AVR","R","BOSS","M","?","$","?","M","R","M","R","T","?","R","?","M","?","R","BOSS"],"items_purchased_type":["Relic","Card","Relic","Potion"],"build_version":"2020-12-22","purchased_purges":0,"victory":true,"max_hp_per_floor":[70,70,70,70,70,70,70,70,70,70,70,70,70,70,70,70,70,70,70,70,70,70,80,80,80,80,80,80,80,80,80,80,80,80,80,80,80,80,80,80,80,80,80,80,80,80,80,80,80,80],"card_choices":[{"not_picked":["theMarked:Convert","theMarked:WastefulDefense"],"picked":"theMarked:EmpowerWeapon","floor":1},{"not_picked":["theMarked:ResourceFulStrike","theMarked:BanishingStrike"],"picked":"theMarked:MysticalArsenal","floor":2},{"not_picked":["theMarked:Overthink","theMarked:Electrocute"],"picked":"theMarked:Static","floor":5},{"not_picked":["theMarked:Electrocute","theMarked:RepellingDischarge"],"picked":"theMarked:EmpowerWeapon","floor":6},{"not_picked":["theMarked:Electrocute","theMarked:RepellingDischarge"],"picked":"theMarked:SwordAndMagic","floor":10},{"not_picked":["theMarked:SwordAndMagic","theMarked:ResourceFulStrike"],"picked":"theMarked:KeepCalmAndFightOn","floor":12},{"not_picked":["theMarked:Electrify","theMarked:DeterminationOfTheMarked"],"picked":"theMarked:MaelstromOfLightning","floor":13},{"not_picked":["theMarked:TakeOffHeels","theMarked:Defy"],"picked":"theMarked:SuspiciousRaven","floor":16},{"not_picked":["theMarked:ReduceFriction","theMarked:Parkour"],"picked":"theMarked:Frustration","floor":18},{"not_picked":["theMarked:WastefulDefense+1","theMarked:Generate"],"picked":"theMarked:Aftermath","floor":19},{"not_picked":["theMarked:TwofoldDefense","theMarked:ChainLightning"],"picked":"theMarked:MysticalArsenal","floor":19},{"not_picked":["theMarked:ResourceFulStrike","theMarked:TakeCover"],"picked":"theMarked:ContemptForTheProud","floor":20},{"not_picked":["theMarked:ChainLightning","theMarked:WastefulAttack"],"picked":"theMarked:SwordAndMagic+1","floor":23},{"not_picked":["theMarked:Static+1","theMarked:Parkour"],"picked":"theMarked:Aftermath","floor":25},{"not_picked":["theMarked:BanishingStrike+1","theMarked:TwofoldDefense"],"picked":"theMarked:Challenge","floor":27},{"not_picked":["theMarked:DispelDoubt","theMarked:Defy"],"picked":"theMarked:SummonStrength","floor":33},{"not_picked":["theMarked:StartUp+1","theMarked:Frustration+1"],"picked":"theMarked:Overcharge","floor":35},{"not_picked":["theMarked:Parkour+1","theMarked:WastefulAttack"],"picked":"theMarked:EmpowerWeapon","floor":38},{"not_picked":["theMarked:BanishingStrike+1","theMarked:WastefulAttack+1"],"picked":"theMarked:WardOff+1","floor":39},{"not_picked":["theMarked:ResourceFulStrike+1","theMarked:Improvise+1"],"picked":"theMarked:HeightenedSenses+1","floor":41},{"not_picked":["theMarked:EnhancedHearing+1","theMarked:Static+1"],"picked":"theMarked:ElectricStrings+1","floor":46},{"not_picked":["theMarked:ResourceFulStrike+1","theMarked:Aftermath"],"picked":"theMarked:LightningStrikesTwice+1","floor":47}],"player_experience":723866,"relics_obtained":[{"floor":4,"key":"Boot"},{"floor":6,"key":"infinitespire:PuzzleCube"},{"floor":9,"key":"hubris:PeanutButter"},{"floor":10,"key":"hubris:SlimyHat"},{"floor":12,"key":"Akabeko"},{"floor":14,"key":"Tiny Chest"},{"floor":19,"key":"Orichalcum"},{"floor":23,"key":"Pear"},{"floor":25,"key":"Blood Vial"},{"floor":26,"key":"War Paint"},{"floor":29,"key":"Regal Pillow"},{"floor":30,"key":"ReplayTheSpireMod:Ring of Challenge"},{"floor":38,"key":"theMarked:SecretDocuments"},{"floor":43,"key":"Juzu Bracelet"},{"floor":44,"key":"infinitespire:CheckeredPen"},{"floor":46,"key":"Pondfish Scales"}],"event_choices":[{"damage_healed":0,"gold_gain":0,"player_choice":"Ignored","damage_taken":0,"max_hp_gain":0,"max_hp_loss":0,"event_name":"Tomb of Lord Red Mask","floor":36,"gold_loss":0},{"damage_healed":0,"gold_gain":0,"player_choice":"Fight","damage_taken":0,"max_hp_gain":0,"max_hp_loss":0,"event_name":"Mysterious Sphere","floor":38,"gold_loss":0},{"damage_healed":0,"gold_gain":0,"player_choice":"Fight","damage_taken":0,"max_hp_gain":0,"max_hp_loss":0,"event_name":"MindBloom","floor":46,"gold_loss":0}],"is_beta":false,"boss_relics":[{"not_picked":["Pandora\u0027s Box","infinitespire:Cupcake"],"picked":"Replay:Grab Bag"},{"not_picked":["hubris:GrandSneckoEye","Fusion Hammer"],"picked":"ReplayTheSpireMod:Onyx Gauntlets"},{"not_picked":["Replay:Bronze Core","ReplayTheSpireMod:DimensionalGlitch"],"picked":"Abe\u0027s Treasure"},{"not_picked":["Kintsugi","hubris:Stopwatch"],"picked":"hubris:Backtick"},{"not_picked":["theMarked:BronzeBlade","Replay:Drink Me"],"picked":"theMarked:SpiritSword"},{"not_picked":["Coffee Dripper","Astrolabe"],"picked":"SacredBark"}],"items_purged_floors":[],"is_endless":false,"potions_floor_spawned":[5,6,13,20,25,33,38,46,47],"ascension_level":0}}