{"host":"dw8ij7emqco3quom","time":1608770462,"event":{"mods":["BaseMod","Minty Spire (QoL Compilation)"],"gold_per_floor":[112,112,112,131,97,97,47,47,47,47,65,77,52,52,52,156,156,172,138,138,154,69,69,84,109,134,153,153,182,182,229,229,328,328,339,22,22,22,35,35,49,76,76,76,76],"floor_reached":44,"playtime":2347,"items_purged":[],"score":554,"play_id":"5bb658c7-e210-4a0b-975b-0bc66ba1df13","local_time":"20201224014102","is_ascension_mode":true,"campfire_choices":[{"data":"Zap","floor":6,"key":"SMITH"},{"data":"Dualcast","floor":10,"key":"SMITH"},{"data":"Redo","floor":15,"key":"SMITH"},{"data":"Buffer","floor":23,"key":"SMITH"},{"floor":28,"key":"REST"},{"data":"Double Energy","floor":30,"key":"SMITH"},{"data":"White Noise","floor":32,"key":"SMITH"},{"floor":40,"key":"REST"}],"circlet_count":0,"master_deck":["Zap+1","Dualcast+1","Conserve Battery","Loop","Self Repair","Auto Shields+1","Redo+1","Ball Lightning","Conserve Battery+1","Sweeping Beam","Parasite","Electrodynamics","Heatsinks","Meteor Strike","Chaos","Buffer+1","Steam","Thunder Strike","Leap+1","White Noise","White Noise+1","Double Energy+1","Force Field","Echo Form","Barrage+1","Mayhem","Rebound+1","Reinforced Body+1"],"relics":["Cracked Core","Pandora\u0027s Box","NlothsMask","Regal Pillow","War Paint","Pantograph","Strawberry","Inserter","Anchor","Art of War","Smiling Mask"],"acts_visited":["Exordium","TheCity","TheBeyond"],"potions_floor_usage":[16,16,18,18,24,25,29,33,33,42],"damage_taken":[{"damage":2,"enemies":"Jaw Worm","floor":1,"turns":4},{"damage":7,"enemies":"Small Slimes","floor":4,"turns":3},{"damage":0,"enemies":"Cultist","floor":11,"turns":3},{"damage":22,"enemies":"Exordium Thugs","floor":12,"turns":4},{"damage":21,"enemies":"The Guardian","floor":16,"turns":9},{"damage":9,"enemies":"Shell Parasite","floor":18,"turns":5},{"damage":6,"enemies":"3 Byrds","floor":21,"turns":4},{"damage":11,"enemies":"Snecko","floor":24,"turns":5},{"damage":27,"enemies":"Slavers","floor":25,"turns":4},{"damage":0,"enemies":"Chosen and Byrds","floor":27,"turns":4},{"damage":20,"enemies":"Gremlin Leader","floor":29,"turns":6},{"damage":36,"enemies":"Automaton","floor":33,"turns":10},{"damage":49,"enemies":"3 Shapes","floor":35,"turns":4},{"damage":21,"enemies":"Orb Walker","floor":39,"turns":5},{"damage":53,"enemies":"Transient","floor":41,"turns":5},{"damage":33,"enemies":"Giant Head","floor":42,"turns":9},{"damage":17,"enemies":"4 Shapes","floor":44,"turns":3}],"seed_played":"-7369677880243919267","potions_obtained":[{"floor":4,"key":"GamblersBrew"},{"floor":12,"key":"Dexterity Potion"},{"floor":16,"key":"EntropicBrew"},{"floor":24,"key":"Fire Potion"},{"floor":25,"key":"SkillPotion"},{"floor":27,"key":"Ancient Potion"},{"floor":29,"key":"SkillPotion"},{"floor":35,"key":"PotionOfCapacity"}],"is_trial":false,"path_per_floor":["M","?","?","M","$","R","$","?","T","R","M","M","$","?","R","B",null,"M","$","?","M","?","R","M","E","T","M","R","E","R","T","R","B",null,"M","$","?","?","M","R","M","E","T","M"],"character_chosen":"DEFECT","items_purchased":["Auto Shields","Redo","Sweeping Beam","White Noise","Anchor","Mayhem"],"campfire_rested":2,"item_purchase_floors":[5,7,13,19,36,36],"current_hp_per_floor":[73,66,66,59,59,59,59,59,59,59,66,51,51,69,69,55,75,73,73,73,74,74,74,71,51,51,58,75,62,62,69,69,53,82,33,33,33,33,19,58,12,13,13,0,0],"gold":76,"neow_bonus":"THREE_CARDS","is_daily":false,"chose_seed":false,"campfire_upgraded":6,"win_rate":0.0,"timestamp":1608770462,"path_taken":["M","?","?","?","?","R","$","?","T","R","M","M","?","?","R","BOSS","M","$","?","?","?","R","M","E","T","M","R","E","R","?","R","BOSS","M","$","?","?","M","R","M","E","T","M"],"items_purchased_type":["Card","Card","Card","Card","Relic","Card"],"build_version":"2020-12-22","purchased_purges":0,"victory":false,"max_hp_per_floor":[75,75,75,75,75,75,75,75,75,75,75,75,75,75,75,75,75,75,75,75,75,75,75,75,75,75,75,75,75,75,82,82,82,82,82,82,82,82,82,82,82,82,82,82,82],"card_choices":[{"not_picked":["Rebound","Reinforced Body"],"picked":"Conserve Battery","floor":0},{"not_picked":["Barrage","Hologram"],"picked":"Loop","floor":1},{"not_picked":["Gash","Recycle"],"picked":"Self Repair","floor":4},{"not_picked":["Barrage","Hologram"],"picked":"Ball Lightning","floor":11},{"not_picked":["Reinforced Body","Rebound"],"picked":"Conserve Battery","floor":12},{"not_picked":["Thunder Strike","Seek"],"picked":"Electrodynamics","floor":16},{"not_picked":["Rebound","Streamline+1"],"picked":"Leap+1","floor":18},{"not_picked":["Compile Driver","Tempest"],"picked":"Melter+1","floor":21},{"not_picked":["Steam","Scrape+1"],"picked":"White Noise","floor":24},{"not_picked":["Static Discharge","Rip and Tear"],"picked":"Double Energy","floor":25},{"not_picked":["Beam Cell","Genetic Algorithm+1","Reinforced Body"],"picked":"SKIP","floor":27},{"not_picked":["Rainbow","Conserve Battery+1"],"picked":"Force Field","floor":29},{"not_picked":["Meteor Strike","Thunder Strike"],"picked":"Echo Form","floor":33},{"not_picked":["Streamline","Conserve Battery+1"],"picked":"Barrage+1","floor":35},{"not_picked":["Turbo+1","Darkness+1"],"picked":"Rebound+1","floor":39},{"not_picked":["Doom and Gloom+1","Hologram+1"],"picked":"Reinforced Body+1","floor":41},{"not_picked":["Coolheaded+1","Go for the Eyes","Blizzard+1"],"picked":"SKIP","floor":42}],"player_experience":586787,"relics_obtained":[{"floor":25,"key":"War Paint"},{"floor":29,"key":"Pantograph"},{"floor":31,"key":"Strawberry"},{"floor":42,"key":"Art of War"},{"floor":43,"key":"Smiling Mask"}],"event_choices":[{"cards_removed":["Defend_B"],"damage_healed":0,"gold_gain":0,"player_choice":"Card Removal","damage_taken":7,"max_hp_gain":0,"max_hp_loss":0,"event_name":"Golden Wing","floor":2,"gold_loss":0},{"cards_removed":["Strike_B"],"damage_healed":0,"gold_gain":0,"player_choice":"Offered Basic","damage_taken":0,"max_hp_gain":0,"max_hp_loss":0,"event_name":"Bonfire Elementals","floor":3,"gold_loss":0},{"damage_healed":0,"gold_gain":0,"player_choice":"Ignored","damage_taken":0,"max_hp_gain":0,"max_hp_loss":0,"event_name":"Shining Light","floor":8,"gold_loss":0},{"damage_healed":18,"gold_gain":0,"player_choice":"Healed and dodged fight","damage_taken":0,"max_hp_gain":0,"max_hp_loss":0,"event_name":"Mushrooms","floor":14,"gold_loss":0,"cards_obtained":["Parasite"]},{"damage_healed":0,"gold_gain":0,"player_choice":"Trade","damage_taken":0,"relics_obtained":["NlothsMask"],"max_hp_gain":0,"max_hp_loss":0,"event_name":"FaceTrader","floor":20,"gold_loss":0},{"damage_healed":0,"gold_gain":0,"player_choice":"Obtained Relic","damage_taken":0,"relics_obtained":["Regal Pillow"],"max_hp_gain":0,"max_hp_loss":0,"event_name":"Addict","floor":22,"gold_loss":85},{"damage_healed":0,"gold_gain":0,"player_choice":"Ignored","damage_taken":0,"max_hp_gain":0,"max_hp_loss":0,"event_name":"The Moai Head","floor":37,"gold_loss":0},{"cards_removed":["Melter"],"damage_healed":0,"gold_gain":0,"player_choice":"Removed Attack","damage_taken":0,"max_hp_gain":0,"max_hp_loss":0,"event_name":"Falling","floor":38,"gold_loss":0}],"is_beta":false,"boss_relics":[{"not_picked":["Runic Dome","SacredBark"],"picked":"Pandora\u0027s Box"},{"not_picked":["SlaversCollar","Astrolabe"],"picked":"Inserter"}],"items_purged_floors":[],"is_endless":false,"potions_floor_spawned":[4,12,16,24,25,27,29,35],"killed_by":"4 Shapes","ascension_level":4}}