{"host":"y8lj6eu4rxnc2qvr","time":1608787492,"event":{"mods":["BaseMod","Minty Spire (QoL Compilation)","StSLib"],"gold_per_floor":[369,379,389,237,252,252,266,266,266,266,266,85,110,75,75,171,171,171,171,171,171,171,171,171,171,171,171,171,171,171,171,171,171,171,171,171,171,71,71,71,71,71,71,71,71],"floor_reached":44,"playtime":2034,"items_purged":["Strike_P","Regret"],"score":484,"play_id":"40290cf3-34e4-4cac-9183-4823185c464f","local_time":"20201224002452","is_ascension_mode":false,"campfire_choices":[{"data":"JustLucky","floor":6,"key":"SMITH"},{"data":"SandsOfTime","floor":8,"key":"SMITH"},{"data":"WindmillStrike","floor":11,"key":"SMITH"},{"data":"Apotheosis","floor":15,"key":"SMITH"},{"floor":24,"key":"REST"},{"floor":29,"key":"REST"},{"floor":32,"key":"REST"},{"floor":40,"key":"REST"}],"circlet_count":0,"master_deck":["Strike_P","Strike_P","Strike_P","Defend_P","Defend_P","Defend_P","Eruption","Vigilance","EmptyBody","Evaluate","JustLucky+1","WindmillStrike+1","WaveOfTheHand","SandsOfTime+1","Apotheosis+1","ConjureBlade","DeusExMachina","Protect","CrushJoints","Consecrate","Pray+1","FearNoEvil+1","CutThroughFate+1","BattleHymn","EmptyFist","Scrawl","ThirdEye+1","SashWhip+1","ThirdEye+1","Consecrate+1"],"relics":["PureWater","Pantograph","White Beast Statue","Pear","Ectoplasm","MutagenicStrength","Anchor","Letter Opener","Sozu","Mercury Hourglass"],"acts_visited":["Exordium","TheCity","TheBeyond"],"potions_floor_usage":[16,16,19,21,23,23,30,31,33,44,44,44],"damage_taken":[{"damage":0,"enemies":"2 Louse","floor":1,"turns":2},{"damage":0,"enemies":"Jaw Worm","floor":2,"turns":3},{"damage":2,"enemies":"Small Slimes","floor":3,"turns":3},{"damage":11,"enemies":"2 Fungi Beasts","floor":5,"turns":5},{"damage":0,"enemies":"Blue Slaver","floor":7,"turns":7},{"damage":20,"enemies":"Lagavulin","floor":13,"turns":7},{"damage":3,"enemies":"Slime Boss","floor":16,"turns":5},{"damage":7,"enemies":"Chosen","floor":18,"turns":3},{"damage":31,"enemies":"Spheric Guardian","floor":19,"turns":5},{"damage":35,"enemies":"3 Cultists","floor":21,"turns":7},{"damage":23,"enemies":"Slavers","floor":23,"turns":4},{"damage":12,"enemies":"Snake Plant","floor":25,"turns":4},{"damage":6,"enemies":"Centurion and Healer","floor":27,"turns":5},{"damage":5,"enemies":"Sentry and Sphere","floor":30,"turns":4},{"damage":17,"enemies":"3 Cultists","floor":31,"turns":5},{"damage":28,"enemies":"Champ","floor":33,"turns":12},{"damage":22,"enemies":"3 Shapes","floor":35,"turns":4},{"damage":5,"enemies":"Orb Walker","floor":36,"turns":4},{"damage":17,"enemies":"Maw","floor":37,"turns":8},{"damage":0,"enemies":"Spire Growth","floor":41,"turns":2},{"damage":19,"enemies":"3 Darklings","floor":42,"turns":5},{"damage":35,"enemies":"Giant Head","floor":44,"turns":6}],"seed_played":"-4101813280303548099","potions_obtained":[{"floor":2,"key":"GamblersBrew"},{"floor":3,"key":"SpeedPotion"},{"floor":5,"key":"Regen Potion"},{"floor":13,"key":"DuplicationPotion"},{"floor":16,"key":"Regen Potion"},{"floor":18,"key":"ColorlessPotion"},{"floor":19,"key":"SkillPotion"},{"floor":21,"key":"SteroidPotion"},{"floor":23,"key":"SteroidPotion"},{"floor":25,"key":"Block Potion"},{"floor":27,"key":"Dexterity Potion"},{"floor":30,"key":"ColorlessPotion"},{"floor":31,"key":"GamblersBrew"},{"floor":33,"key":"BottledMiracle"}],"is_trial":false,"path_per_floor":["M","M","M","$","M","R","M","R","T","?","R","$","E","?","R","B",null,"M","M","?","M","?","E","R","M","T","M","?","R","M","M","R","B",null,"M","M","M","$","?","R","M","M","T","E"],"character_chosen":"WATCHER","items_purchased":["WindmillStrike","Apotheosis"],"campfire_rested":4,"item_purchase_floors":[4,12],"current_hp_per_floor":[65,65,63,63,52,52,52,52,52,52,52,52,42,60,60,75,75,68,42,42,7,32,9,31,19,19,13,13,35,30,13,35,32,75,53,48,31,31,31,53,53,34,34,0,0],"gold":71,"neow_bonus":"TWO_FIFTY_GOLD","is_daily":false,"chose_seed":false,"campfire_upgraded":4,"win_rate":0.0,"timestamp":1608787492,"path_taken":["M","M","M","$","M","R","M","R","T","?","R","$","E","?","R","BOSS","M","M","?","M","?","E","R","M","T","M","?","R","?","M","R","BOSS","M","M","M","$","?","R","M","?","T","E"],"items_purchased_type":["Card","Card"],"build_version":"2020-12-22","purchased_purges":2,"victory":false,"max_hp_per_floor":[65,65,65,65,65,65,65,65,65,65,65,65,75,75,75,75,75,75,75,75,75,75,75,75,75,75,75,75,75,75,75,75,75,75,75,75,75,75,75,75,75,75,75,75,75],"card_choices":[{"not_picked":["FlurryOfBlows","Crescendo"],"picked":"EmptyBody","floor":1},{"not_picked":["WreathOfFlame","FlurryOfBlows"],"picked":"Evaluate","floor":2},{"not_picked":["Sanctity","EmptyBody"],"picked":"JustLucky","floor":3},{"not_picked":["Halt","Scrawl"],"picked":"WaveOfTheHand","floor":5},{"not_picked":["PathToVictory","BowlingBash"],"picked":"SandsOfTime","floor":7},{"not_picked":["Weave","Meditate"],"picked":"ConjureBlade","floor":13},{"not_picked":["Judgement","Omniscience"],"picked":"DeusExMachina","floor":16},{"not_picked":["Crescendo","Swivel"],"picked":"Protect","floor":18},{"not_picked":["WaveOfTheHand","Evaluate+1"],"picked":"CrushJoints","floor":19},{"not_picked":["DeusExMachina","EmptyFist+1"],"picked":"Consecrate","floor":21},{"not_picked":["InnerPeace+1","BowlingBash"],"picked":"Pray+1","floor":23},{"not_picked":["WaveOfTheHand","Consecrate"],"picked":"FearNoEvil+1","floor":25},{"not_picked":["ReachHeaven+1","DeceiveReality"],"picked":"CutThroughFate+1","floor":27},{"not_picked":["SashWhip","CutThroughFate+1"],"picked":"BattleHymn","floor":30},{"not_picked":["BattleHymn+1","Protect"],"picked":"EmptyFist","floor":31},{"not_picked":["DeusExMachina","Vault"],"picked":"Scrawl","floor":33},{"not_picked":["Crescendo","BowlingBash+1"],"picked":"ThirdEye+1","floor":35},{"not_picked":["BowlingBash","FlurryOfBlows"],"picked":"SashWhip+1","floor":36},{"not_picked":["Indignation+1","FlurryOfBlows+1"],"picked":"ThirdEye+1","floor":37},{"not_picked":["Indignation","ThirdEye","PathToVictory+1"],"picked":"SKIP","floor":41},{"not_picked":["CrushJoints","Evaluate"],"picked":"Consecrate+1","floor":42}],"player_experience":41938,"relics_obtained":[{"floor":9,"key":"Pantograph"},{"floor":13,"key":"Pear"},{"floor":23,"key":"Anchor"},{"floor":26,"key":"Letter Opener"},{"floor":43,"key":"Mercury Hourglass"}],"event_choices":[{"damage_healed":0,"gold_gain":0,"player_choice":"Box","damage_taken":0,"relics_obtained":["White Beast Statue"],"max_hp_gain":0,"max_hp_loss":0,"event_name":"Big Fish","floor":10,"gold_loss":0,"cards_obtained":["Regret"]},{"damage_healed":18,"gold_gain":0,"player_choice":"Healed","damage_taken":0,"max_hp_gain":0,"max_hp_loss":0,"event_name":"The Cleric","floor":14,"gold_loss":35},{"damage_healed":0,"gold_gain":0,"player_choice":"Inject Mutagens","damage_taken":0,"relics_obtained":["MutagenicStrength"],"max_hp_gain":0,"max_hp_loss":0,"event_name":"Drug Dealer","floor":20,"gold_loss":0},{"damage_healed":25,"gold_gain":0,"player_choice":"Heal","damage_taken":0,"max_hp_gain":0,"max_hp_loss":0,"event_name":"The Library","floor":22,"gold_loss":0},{"damage_healed":0,"gold_gain":0,"player_choice":"Ignored","damage_taken":0,"max_hp_gain":0,"max_hp_loss":0,"event_name":"Cursed Tome","floor":28,"gold_loss":0},{"cards_removed":["Defend_P"],"damage_healed":0,"gold_gain":0,"player_choice":"Purged","damage_taken":0,"max_hp_gain":0,"max_hp_loss":0,"event_name":"Purifier","floor":39,"gold_loss":0}],"is_beta":false,"boss_relics":[{"not_picked":["Tiny House","Coffee Dripper"],"picked":"Ectoplasm"},{"not_picked":["VioletLotus","Calling Bell"],"picked":"Sozu"}],"items_purged_floors":[4,38],"is_endless":false,"potions_floor_spawned":[2,3,5,13,16,18,19,21,23,25,27,30,31,33,35,36,37,41,42],"killed_by":"Giant Head","ascension_level":0}}