{"host":"5u4m3sklrpw6xc20","time":1608781998,"event":{"mods":["2.2 Compatiblity","BaseMod","Better Third Choice","CapriCore","Colored Map","Hermit","Hubris","Infinite Spire","Luminous","Minty Spire (QoL Compilation)","Permanent Neow","Replay The Spire","Robot Space Explorer","Shade Mod","Spicy Shops","StSLib","SuperFastMode","The Cursed","The Gatherer","The Immortal","The Necromancer","The Runesmith"],"gold_per_floor":[109,125,125,125,125,156,156,156,156,156,175,157,177,28,28,132,132,57,57,75,75,86,86,120,120,189,189,204,219,231,245,245,348,348,359,359,379,397,417,417,417,417,417,192,42,42,54,74,74,74],"floor_reached":51,"playtime":2245,"items_purged":["Runesmith:Strike_RS","Runesmith:Strike_RS","Runesmith:MakeshiftArmor+1","Runesmith:HeatExchange+1","Runesmith:RuneHurl+1"],"score":769,"play_id":"7d858dbf-9cac-4a25-af61-7928c5e750f4","local_time":"20201223215318","is_ascension_mode":false,"campfire_choices":[{"data":"Runesmith:Grindstone","floor":7,"key":"SMITH"},{"data":"Runesmith:Fortify","floor":10,"key":"SMITH"},{"data":"Runesmith:GrandSlam","floor":15,"key":"SMITH"},{"data":"Runesmith:ArcReactor","floor":23,"key":"SMITH"},{"data":"Runesmith:CraftFirestone","floor":25,"key":"SMITH"},{"data":"Runesmith:EarthShield","floor":27,"key":"SMITH"},{"data":"Runesmith:BackupBattery","floor":32,"key":"SMITH"},{"data":"Runesmith:Permafrost","floor":40,"key":"SMITH"},{"data":"Runesmith:BackupBattery+3","floor":46,"key":"SMITH"},{"data":"Runesmith:FieryHammer+1","floor":49,"key":"SMITH"}],"circlet_count":0,"master_deck":["Runesmith:CraftFirestone+1","Runesmith:Fortify+1","Runesmith:Grindstone+1","Runesmith:EarthShield+1","Runesmith:CraftProtectio+1","Runesmith:BackupBattery+4","Runesmith:GrandSlam+1","Runesmith:ArcReactor+1","Runesmith:Grindstone+1","Runesmith:EarthShield+1","Runesmith:CraftMagma+1","Runesmith:FieryHammer+2","Runesmith:Permafrost+1"],"relics":["Runesmith:BrokenRuby","NeowsBlessing","Mummified Hand","Replay:Kaleidoscope","Lee\u0027s Waffle","Coffee Dripper","Painkiller Herb","infinitespire:Satchel","Quantum Egg","Pandora\u0027s Box","Mark of the Bloom","infinitespire:BottledMercury"],"acts_visited":["Exordium","TheCity","TheBeyond"],"potions_floor_usage":[16],"damage_taken":[{"damage":0,"enemies":"Jaw Worm","floor":1,"turns":1},{"damage":0,"enemies":"2 Louse","floor":2,"turns":2},{"damage":0,"enemies":"Gremlin Nob","floor":6,"turns":1},{"damage":1,"enemies":"Cultist","floor":11,"turns":4},{"damage":3,"enemies":"Exordium Thugs","floor":12,"turns":5},{"damage":0,"enemies":"Blue Slaver","floor":13,"turns":6},{"damage":28,"enemies":"Slime Boss","floor":16,"turns":14},{"damage":0,"enemies":"2 Thieves","floor":18,"turns":5},{"damage":0,"enemies":"Chosen","floor":20,"turns":6},{"damage":8,"enemies":"Sentry and Sphere","floor":22,"turns":6},{"damage":0,"enemies":"Replay:Snechameleon","floor":24,"turns":7},{"damage":0,"enemies":"Snake Plant","floor":28,"turns":4},{"damage":0,"enemies":"Centurion and Healer","floor":29,"turns":8},{"damage":0,"enemies":"Snecko","floor":30,"turns":7},{"damage":0,"enemies":"Cultist and Chosen","floor":31,"turns":8},{"damage":0,"enemies":"Champ","floor":33,"turns":12},{"damage":0,"enemies":"Orb Walker","floor":35,"turns":6},{"damage":13,"enemies":"3 Shapes","floor":37,"turns":3},{"damage":0,"enemies":"Maw","floor":38,"turns":8},{"damage":14,"enemies":"Spire Growth","floor":39,"turns":6},{"damage":8,"enemies":"3 Darklings","floor":47,"turns":4},{"damage":0,"enemies":"Jaw Worm Horde","floor":48,"turns":3},{"damage":13,"enemies":"hubris:GrandSnecko","floor":50,"turns":12}],"seed_played":"-2406099927852951885","potions_obtained":[{"floor":1,"key":"SteroidPotion"},{"floor":13,"key":"CultistPotion"},{"floor":20,"key":"Energy Potion"},{"floor":28,"key":"Ancient Potion"}],"is_trial":false,"path_per_floor":["M","M","?","?","?","E","R","T","T","R","M","M","M","$","R","B",null,"M","?","M","AVR","?","T","E","T","T","T","?","?","?","?","R_BF","B",null,"?","?","?","?","?","T","?","?","T","T","T","T","?","?","T","B",null],"character_chosen":"RUNESMITH_CLASS","items_purchased":["Lee\u0027s Waffle"],"campfire_rested":0,"item_purchase_floors":[14],"current_hp_per_floor":[70,70,70,75,75,75,75,75,75,75,74,71,71,82,82,54,82,82,82,82,82,74,74,74,74,74,74,74,74,74,74,74,74,82,82,82,69,69,55,55,55,55,55,55,55,55,47,47,47,34],"gold":74,"neow_bonus":"THREE_ENEMY_KILL","is_daily":false,"chose_seed":false,"campfire_upgraded":10,"win_rate":0.0,"timestamp":1608781998,"path_taken":["M","M","?","?","?","E","R","?","T","R","M","?","M","?","R","BOSS","M","?","M","AVR","?","T","E","T","T","T","?","?","?","?","R_BF","BOSS","?","?","?","?","?","T","?","?","T","?","T","T","?","?","T","BOSS"],"items_purchased_type":["Relic"],"build_version":"2020-12-22","purchased_purges":5,"victory":true,"max_hp_per_floor":[70,70,70,75,75,75,75,75,75,75,75,75,75,82,82,82,82,82,82,82,82,82,82,82,82,82,82,82,82,82,82,82,82,82,82,82,82,82,82,82,82,82,82,82,82,82,82,82,82,82],"card_choices":[{"not_picked":["Runesmith:Overpower","Runesmith:HeatExchange"],"picked":"Runesmith:Grindstone","floor":1},{"not_picked":["Runesmith:FrozenChisel","Runesmith:PerfectChisel"],"picked":"Runesmith:EarthShield","floor":2},{"not_picked":["Runesmith:Retool","Runesmith:Overpower","Runesmith:HeatedChisel"],"picked":"SKIP","floor":6},{"not_picked":["Runesmith:Overpower","Runesmith:PerfectChisel"],"picked":"Runesmith:BackupBattery","floor":11},{"not_picked":["Runesmith:Accelerate","Runesmith:HeatedChisel","Runesmith:StaticCage"],"picked":"SKIP","floor":12},{"not_picked":["Runesmith:Overpower","Runesmith:FieryHammer"],"picked":"Runesmith:GrandSlam","floor":13},{"not_picked":["Runesmith:GenerateForcefield","Runesmith:CraftIndustria"],"picked":"Runesmith:ArcReactor","floor":16},{"not_picked":["Runesmith:Repurpose","Runesmith:UnstableHammer"],"picked":"Runesmith:Grindstone+1","floor":18},{"not_picked":["Runesmith:StaticCage","Runesmith:NanitesCloud","Runesmith:WhiteBalance+1"],"picked":"SKIP","floor":20},{"not_picked":["Runesmith:Grindstone","Runesmith:CraftProtectio"],"picked":"Runesmith:EarthShield","floor":22},{"not_picked":["Runesmith:CraftProtectio","Runesmith:Reinforce","Runesmith:Firewall+1"],"picked":"SKIP","floor":24},{"not_picked":["Runesmith:LithiumIon","Runesmith:Grindstone","Runesmith:ShiftingStrike"],"picked":"SKIP","floor":28},{"not_picked":["Runesmith:Malloc","Runesmith:HammerThrow","Runesmith:EnergizedChisel"],"picked":"SKIP","floor":29},{"not_picked":["Runesmith:UnstableHammer","Runesmith:ShiftingStrike"],"picked":"Runesmith:CraftMagma","floor":30},{"not_picked":["Runesmith:ChargedHammer","Runesmith:CraftMagma","Runesmith:Overpower+1"],"picked":"SKIP","floor":31},{"not_picked":["Runesmith:OneForEveryone","Runesmith:CraftObretio+1","Runesmith:CraftVitae"],"picked":"SKIP","floor":35},{"not_picked":["Runesmith:BackupBattery+1","Runesmith:HeatedChisel+1","Runesmith:CraftIncendium+1"],"picked":"SKIP","floor":37},{"not_picked":["Runesmith:UnstableHammer+1","Runesmith:PerfectChisel","Runesmith:Grindstone+1"],"picked":"SKIP","floor":38},{"not_picked":["Runesmith:Overpower+1","Runesmith:ReplicatingBarrier","Runesmith:MakeshiftArmor"],"picked":"SKIP","floor":39},{"not_picked":["Runesmith:CraftProtectio+1","Runesmith:MakeshiftArmor+1","Runesmith:EarthShield+1"],"picked":"SKIP","floor":47},{"not_picked":["Runesmith:Superposition","Runesmith:EnergizedChisel","Runesmith:ChiselStab"],"picked":"SKIP","floor":48}],"player_experience":261964,"relics_obtained":[{"floor":6,"key":"Mummified Hand"},{"floor":8,"key":"Replay:Kaleidoscope"},{"floor":24,"key":"infinitespire:Satchel"},{"floor":26,"key":"Quantum Egg"},{"floor":43,"key":"infinitespire:BottledMercury"}],"event_choices":[{"damage_healed":0,"gold_gain":0,"player_choice":"Donut","damage_taken":0,"max_hp_gain":5,"max_hp_loss":0,"event_name":"Big Fish","floor":4,"gold_loss":0},{"damage_healed":0,"gold_gain":0,"player_choice":"Ignored","damage_taken":0,"max_hp_gain":0,"max_hp_loss":0,"event_name":"NoteForYourself","floor":36,"gold_loss":0},{"damage_healed":0,"gold_gain":0,"player_choice":"Upgrade","damage_taken":0,"relics_obtained":["Mark of the Bloom"],"max_hp_gain":0,"max_hp_loss":0,"event_name":"MindBloom","floor":41,"gold_loss":0,"cards_upgraded":["Runesmith:BackupBattery","Runesmith:EarthShield","Runesmith:CraftMagma","Runesmith:FieryHammer","Runesmith:HeatExchange","Runesmith:RuneHurl","Runesmith:MakeshiftArmor"]}],"is_beta":false,"boss_relics":[{"not_picked":["Fusion Hammer","SacredBark"],"picked":"Coffee Dripper"},{"not_picked":["hubris:GrandSneckoEye","Replay:Bronze Core"],"picked":"Pandora\u0027s Box"}],"items_purged_floors":[14,21,44,44,45],"is_endless":false,"potions_floor_spawned":[1,13,20,28,30,33,37,38],"ascension_level":0}}