{"host":"i3iesnh100m6i1gd","time":1608799037,"event":{"mods":["BaseMod","Colored Powertips","Downfall","Minty Spire (QoL Compilation)","Replay The Spire","StSLib"],"gold_per_floor":[112,129,143,157,168,168,195,195,242,242,253,264,28,43,43,143,143,154,154,253,272,78,112,112,129,129,202,236,236,28,28,28,130,130,144,156,174,194,213,213,213,213],"floor_reached":41,"playtime":2931,"items_purged":["Voices","Bite"],"score":587,"play_id":"c6ee5170-c796-4102-a57c-eb16cb802dbd","local_time":"20201224003716","is_ascension_mode":false,"campfire_choices":[{"data":"Metamorphosis","floor":6,"key":"SMITH"},{"floor":10,"key":"REST"},{"floor":15,"key":"DIG"},{"data":"Noxious Fumes","floor":24,"key":"SMITH"},{"data":"Blade Dance","floor":29,"key":"SMITH"},{"data":"ReplayTheSpireMod:Shiv Toss","floor":32,"key":"SMITH"},{"floor":40,"key":"REST"}],"circlet_count":0,"master_deck":["Defend_G","Defend_G","Defend_G","Defend_G","Defend_G","Survivor","Neutralize","Metamorphosis+1","Hidden Blade","Slice","Slice","Slice","Blade Dance+1","Dodge and Roll","Noxious Fumes+1","Bouncing Flask","Deflect","Phantasmal Killer","Bite+1","Bite","Bite","Bite+1","ReplayTheSpireMod:Speed Training+1","Replay:Poison Smokescreen","Bane","Catalyst","Slice","After Image","ReplayTheSpireMod:Shiv Toss+1","Slice","Blade Dance+1","Envenom","Outmaneuver+1","Replay:Bag of Tricks","Parasite"],"relics":["Ring of the Snake","Mummified Hand","Ring of Fury","ReplayTheSpireMod:Ring of Exchange","Snake Skull","Membership Card","Iron Hammer","WristBlade","Matryoshka","Whetstone","Meat on the Bone","Quantum Egg","MealTicket","Divine Protection","Replay:Ringing Soul","TwistedFunnel"],"acts_visited":["Exordium","TheCity","TheBeyond"],"potions_floor_usage":[5,28,28,33],"damage_taken":[{"damage":0,"enemies":"Cultist","floor":1,"turns":3},{"damage":0,"enemies":"Small Slimes","floor":2,"turns":2},{"damage":1,"enemies":"Jaw Worm","floor":3,"turns":3},{"damage":14,"enemies":"Blue Slaver","floor":4,"turns":3},{"damage":0,"enemies":"Large Slime","floor":5,"turns":3},{"damage":21,"enemies":"Gremlin Nob","floor":7,"turns":4},{"damage":16,"enemies":"Exordium Thugs","floor":11,"turns":3},{"damage":2,"enemies":"Looter","floor":12,"turns":2},{"damage":8,"enemies":"3 Louse","floor":14,"turns":3},{"damage":0,"enemies":"Slime Boss","floor":16,"turns":7},{"damage":1,"enemies":"Chosen","floor":18,"turns":3},{"damage":9,"enemies":"Shell Parasite","floor":21,"turns":3},{"damage":15,"enemies":"Gremlin Leader","floor":23,"turns":5},{"damage":0,"enemies":"Chosen and Byrds","floor":25,"turns":4},{"damage":20,"enemies":"Slavers","floor":28,"turns":2},{"damage":27,"enemies":"Champ","floor":33,"turns":10},{"damage":3,"enemies":"3 Shapes","floor":35,"turns":3},{"damage":4,"enemies":"3 Darklings","floor":36,"turns":2},{"damage":18,"enemies":"Transient","floor":37,"turns":5},{"damage":30,"enemies":"Spire Growth","floor":38,"turns":4},{"damage":23,"enemies":"Writhing Mass","floor":39,"turns":4},{"damage":52,"enemies":"Giant Head","floor":41,"turns":6}],"seed_played":"7018343857800186096","potions_obtained":[{"floor":1,"key":"PowerPotion"},{"floor":2,"key":"SteroidPotion"},{"floor":3,"key":"SkillPotion"},{"floor":11,"key":"Death Potion"},{"floor":36,"key":"SpeedPotion"},{"floor":38,"key":"SpeedPotion"}],"is_trial":false,"path_per_floor":["M","M","M","M","M","R","E","?","T","R","M","M","$","M","R","B",null,"M","?","?","M","$","E","R","M","T","T","E","R","$","?","R","B",null,"M","M","M","M","M","R","E"],"character_chosen":"THE_SILENT","items_purchased":["Membership Card","Noxious Fumes","Bouncing Flask","Matryoshka","Replay:Poison Smokescreen","After Image","ReplayTheSpireMod:Shiv Toss","Slice","FearPotion"],"campfire_rested":2,"item_purchase_floors":[13,13,13,22,22,30,30,30,30],"current_hp_per_floor":[63,63,62,48,48,48,27,27,27,45,29,27,27,19,19,19,63,62,44,44,37,37,28,28,35,35,35,33,33,50,53,53,34,56,53,52,37,27,24,43,0,0],"gold":213,"neow_bonus":"RANDOM_COLORLESS_2","is_daily":false,"chose_seed":false,"campfire_upgraded":4,"win_rate":0.0,"timestamp":1608799036,"path_taken":["M","M","?","M","?","R","E","?","T","R","M","M","$","M","R","BOSS","M","?","?","M","$","E","R","M","T","?","E","R","?","?","R","BOSS","M","M","M","M","M","R","E"],"items_purchased_type":["Relic","Card","Card","Relic","Card","Card","Card","Card","Potion"],"build_version":"2020-12-22","purchased_purges":2,"victory":false,"max_hp_per_floor":[63,63,63,63,63,63,63,63,63,63,63,63,63,63,63,63,63,63,44,44,44,44,44,44,44,44,44,47,47,50,53,53,56,56,56,59,59,62,65,65,65,65],"card_choices":[{"not_picked":["ReplayTheSpireMod:Necrogeddon","Apotheosis"],"picked":"Metamorphosis","floor":0},{"not_picked":["ReplayTheSpireMod:Shiv Toss","Fluid Movement"],"picked":"Hidden Blade","floor":1},{"not_picked":["Prepared","Bane"],"picked":"Slice","floor":2},{"not_picked":["Dodge and Roll","Bane"],"picked":"Slice","floor":3},{"not_picked":["Blur","Quick Slash","Underhanded Strike"],"picked":"SKIP","floor":4},{"not_picked":["Unload","ReplayTheSpireMod:The Works"],"picked":"Slice","floor":5},{"not_picked":["Poison Darts","Sucker Punch","Deadly Poison"],"picked":"SKIP","floor":7},{"not_picked":["ReplayTheSpireMod:Speed Training","Poisoned Stab"],"picked":"Blade Dance","floor":11},{"not_picked":["Outmaneuver","Prepared"],"picked":"Dodge and Roll","floor":12},{"not_picked":["Acrobatics","Slice"],"picked":"Deflect","floor":14},{"not_picked":["Die Die Die","ReplayTheSpireMod:From All Sides"],"picked":"Phantasmal Killer","floor":16},{"not_picked":["Outmaneuver","Dagger Throw","PiercingWail+1"],"picked":"SKIP","floor":18},{"not_picked":["Deflect","Blade Dance"],"picked":"ReplayTheSpireMod:Speed Training+1","floor":21},{"not_picked":["Prepared","Adrenaline"],"picked":"Bane","floor":23},{"not_picked":["Dagger Throw","Eviscerate"],"picked":"Catalyst","floor":25},{"not_picked":["Catalyst","Hidden Blade"],"picked":"Slice","floor":28},{"not_picked":["Venomology","Glass Knife"],"picked":"Envenom","floor":33},{"not_picked":["Dagger Spray","Prepared","Poisoned Stab+1"],"picked":"SKIP","floor":35},{"not_picked":["ReplayTheSpireMod:From All Sides","Acrobatics"],"picked":"Outmaneuver+1","floor":36},{"not_picked":["Poisoned Stab+1","PiercingWail+1","Dagger Throw+1"],"picked":"SKIP","floor":37},{"not_picked":["Flying Knee+1","Fluid Movement+1"],"picked":"Replay:Bag of Tricks","floor":38},{"not_picked":["Poisoned Stab+1","Backflip","Dodge and Roll"],"picked":"SKIP","floor":39}],"player_experience":77480,"relics_obtained":[{"floor":7,"key":"Mummified Hand"},{"floor":8,"key":"Ring of Fury"},{"floor":8,"key":"ReplayTheSpireMod:Ring of Exchange"},{"floor":9,"key":"Snake Skull"},{"floor":15,"key":"Iron Hammer"},{"floor":23,"key":"Whetstone"},{"floor":26,"key":"Meat on the Bone"},{"floor":26,"key":"Quantum Egg"},{"floor":27,"key":"MealTicket"},{"floor":27,"key":"Divine Protection"},{"floor":28,"key":"Replay:Ringing Soul"}],"event_choices":[{"damage_healed":0,"gold_gain":0,"player_choice":"Became a vampire","damage_taken":0,"max_hp_gain":0,"max_hp_loss":19,"event_name":"Vampires","floor":19,"gold_loss":0,"cards_obtained":["Bite","Bite","Bite","Bite","Bite"]},{"damage_healed":0,"gold_gain":99,"player_choice":"Stole From Cult","damage_taken":0,"max_hp_gain":0,"max_hp_loss":0,"event_name":"Nest","floor":20,"gold_loss":0},{"damage_healed":0,"gold_gain":0,"player_choice":"Copied","damage_taken":0,"max_hp_gain":0,"max_hp_loss":0,"event_name":"Duplicator","floor":31,"gold_loss":0,"cards_obtained":["Blade Dance"]}],"is_beta":false,"boss_relics":[{"not_picked":["Medical Kit","Philosopher\u0027s Stone"],"picked":"WristBlade"},{"not_picked":["Replay:Drink Me","DollysMirror"],"picked":"TwistedFunnel"}],"items_purged_floors":[22,30],"is_endless":false,"potions_floor_spawned":[1,2,3,11,14,18,25,36,38],"killed_by":"Giant Head","ascension_level":0}}