{"host":"bg8va46pgqgvtzim","time":1608825473,"event":{"mods":["BaseMod","Minty Spire (QoL Compilation)","Quick Restart","StSLib","SuperFastMode"],"gold_per_floor":[117,132,143,157,174,174,207,207,207,240,258,258,208,221,221,326,326,340,356,356,374,374,374,402,415,415,415,431,450,465,94,94,199,199,213,59,69,86,103,128,181,194,194,244,244,274,274,308,308,308,308,308,101,126,126],"floor_reached":56,"playtime":2419,"items_purged":["Strike_G","Strike_G"],"score":1712,"play_id":"328f47e2-05a6-4f1f-bc78-d6cfe993fad0","local_time":"20201224235753","is_ascension_mode":true,"campfire_choices":[{"data":"Prepared","floor":6.0,"key":"SMITH"},{"data":"Neutralize","floor":8.0,"key":"SMITH"},{"data":"Prepared","floor":12.0,"key":"SMITH"},{"data":"Blade Dance","floor":15.0,"key":"SMITH"},{"data":"Tactician","floor":23.0,"key":"SMITH"},{"data":"Reflex","floor":27.0,"key":"SMITH"},{"data":"Flechettes","floor":32.0,"key":"SMITH"},{"floor":45,"key":"RECALL"},{"data":"Reflex","floor":47,"key":"SMITH"},{"data":"Acrobatics","floor":49,"key":"SMITH"},{"data":"After Image","floor":52,"key":"SMITH"}],"circlet_count":0,"master_deck":["Strike_G","Defend_G","Defend_G","Defend_G","Defend_G","Defend_G","Survivor","Neutralize+1","Blade Dance","Underhanded Strike","Prepared+1","Reflex+1","Blade Dance+1","Reflex+1","Dagger Throw","Prepared+1","Acrobatics+1","Tactician+1","Acrobatics+1","Blur+1","Prepared+1","Flechettes+1","After Image+1","Prepared+1","Acrobatics+1","Concentrate+1","Accuracy","Prepared+1","Acrobatics+1","Well Laid Plans+1","Concentrate+1","Expertise+1","Setup+1"],"relics":["Ring of the Snake","CaptainsWheel","Sundial","Pear","Runic Dome","Enchiridion","Blue Candle","Toxic Egg 2","Bag of Preparation","Vajra","Black Star","Orrery","Art of War","Frozen Egg 2","Unceasing Top","Toy Ornithopter","Ice Cream","PreservedInsect","Thread and Needle","Mango","StrikeDummy"],"acts_visited":["Exordium","TheCity","TheBeyond","TheEnding"],"potions_floor_usage":[55,55,55],"damage_taken":[{"damage":4.0,"enemies":"Jaw Worm","floor":1.0,"turns":4.0},{"damage":0.0,"enemies":"Small Slimes","floor":2.0,"turns":3.0},{"damage":1.0,"enemies":"Cultist","floor":3.0,"turns":3.0},{"damage":1.0,"enemies":"Lots of Slimes","floor":4.0,"turns":3.0},{"damage":5.0,"enemies":"Exordium Wildlife","floor":5.0,"turns":6.0},{"damage":18.0,"enemies":"Lagavulin","floor":7.0,"turns":6.0},{"damage":4.0,"enemies":"Gremlin Nob","floor":10.0,"turns":4.0},{"damage":0.0,"enemies":"3 Louse","floor":11.0,"turns":3.0},{"damage":9.0,"enemies":"Blue Slaver","floor":14.0,"turns":2.0},{"damage":28.0,"enemies":"Hexaghost","floor":16.0,"turns":10.0},{"damage":2.0,"enemies":"Shell Parasite","floor":18.0,"turns":4.0},{"damage":0.0,"enemies":"Chosen","floor":19.0,"turns":3.0},{"damage":0.0,"enemies":"Shelled Parasite and Fungi","floor":21.0,"turns":2.0},{"damage":5.0,"enemies":"Gremlin Leader","floor":24.0,"turns":5.0},{"damage":0.0,"enemies":"Snake Plant","floor":25.0,"turns":5.0},{"damage":1.0,"enemies":"Chosen and Byrds","floor":28.0,"turns":3.0},{"damage":0.0,"enemies":"Snecko","floor":29.0,"turns":2.0},{"damage":0.0,"enemies":"Cultist and Chosen","floor":30.0,"turns":3.0},{"damage":0.0,"enemies":"Automaton","floor":33.0,"turns":2.0},{"damage":0.0,"enemies":"3 Shapes","floor":35.0,"turns":2.0},{"damage":0.0,"enemies":"3 Darklings","floor":37.0,"turns":1.0},{"damage":0.0,"enemies":"Maw","floor":38.0,"turns":3.0},{"damage":0.0,"enemies":"Writhing Mass","floor":39.0,"turns":1.0},{"damage":0.0,"enemies":"Giant Head","floor":40.0,"turns":1.0},{"damage":0.0,"enemies":"2 Orb Walkers","floor":41.0,"turns":1.0},{"damage":0,"enemies":"Sphere and 2 Shapes","floor":42,"turns":1},{"damage":0,"enemies":"Mind Bloom Boss Battle","floor":44,"turns":1},{"damage":0,"enemies":"Reptomancer","floor":46,"turns":1},{"damage":0,"enemies":"Giant Head","floor":48,"turns":1},{"damage":0,"enemies":"Awakened One","floor":50,"turns":2},{"damage":0,"enemies":"Shield and Spear","floor":54,"turns":1},{"damage":0,"enemies":"The Heart","floor":55,"turns":3}],"seed_played":"-2253719854566930780","potions_obtained":[{"floor":2.0,"key":"LiquidMemories"},{"floor":3.0,"key":"DistilledChaos"},{"floor":11.0,"key":"DistilledChaos"},{"floor":16.0,"key":"LiquidMemories"},{"floor":19.0,"key":"GamblersBrew"},{"floor":24.0,"key":"CultistPotion"},{"floor":25.0,"key":"SpeedPotion"},{"floor":41,"key":"Strength Potion"}],"is_trial":false,"path_per_floor":["M","M","M","M","M","R","E","R","T","E","M","R","?","M","R","B",null,"M","M","?","M","?","R","E","M","T","R","M","M","M","$","R","B",null,"M","$","M","M","M","E","?","M","T","?","R","E","R","E","R","B",null,"R","$","E","B",null],"character_chosen":"THE_SILENT","items_purchased":["Bag of Preparation","Vajra","Orrery","Concentrate+1","Expertise+1"],"campfire_rested":0,"item_purchase_floors":[31,31,36,53,53],"current_hp_per_floor":[66,66,65,64,59,59,41,41,41,47,47,47,47,38,38,10,80,78,78,62,62,62,62,57,57,57,57,56,56,56,56,56,56,80,80,80,80,80,80,80,80,80,80,80,80,80,80,80,80,80,80,80,80,94,94],"gold":126,"neow_bonus":"THREE_CARDS","is_daily":false,"chose_seed":false,"campfire_upgraded":10,"win_rate":0.0,"timestamp":1608825473,"path_taken":["M","M","M","M","M","R","E","R","T","E","M","R","?","M","R","BOSS","M","M","?","M","?","R","E","M","T","R","?","M","?","$","R","BOSS","M","$","M","M","M","E","?","M","T","?","R","E","R","E","R","BOSS","R","$","E","BOSS"],"items_purchased_type":["Relic","Relic","Relic","Card","Card"],"build_version":"2020-12-22","purchased_purges":2,"victory":true,"max_hp_per_floor":[70,70,70,70,70,70,70,70,70,80,80,80,80,80,80,80,80,80,80,80,80,80,80,80,80,80,80,80,80,80,80,80,80,80,80,80,80,80,80,80,80,80,80,80,80,80,80,80,80,80,80,80,80,94,94],"card_choices":[{"not_picked":["Accuracy","Underhanded Strike"],"picked":"Blade Dance","floor":0.0},{"not_picked":["PiercingWail","Sucker Punch","Deflect"],"picked":"SKIP","floor":1.0},{"not_picked":["Quick Slash","Dodge and Roll"],"picked":"Underhanded Strike","floor":2.0},{"not_picked":["Outmaneuver","Quick Slash"],"picked":"Prepared","floor":3.0},{"not_picked":["Deadly Poison","Glass Knife"],"picked":"Reflex","floor":4.0},{"not_picked":["Quick Slash","Leg Sweep"],"picked":"Blade Dance","floor":5.0},{"not_picked":["Tools of the Trade","Setup"],"picked":"Reflex","floor":7.0},{"not_picked":["Caltrops","Flying Knee"],"picked":"Dagger Throw","floor":10.0},{"not_picked":["Deflect","Skewer"],"picked":"Prepared","floor":11.0},{"not_picked":["Dagger Spray","PiercingWail","Outmaneuver"],"picked":"SKIP","floor":14.0},{"not_picked":["Masterful Stab","Infinite Blades"],"picked":"Acrobatics+1","floor":18.0},{"not_picked":["Cloak And Dagger","Blade Dance"],"picked":"Tactician","floor":19.0},{"not_picked":["Deadly Poison","Dagger Throw","Deflect"],"picked":"SKIP","floor":21.0},{"not_picked":["Bane","Skewer"],"picked":"Acrobatics","floor":24.0},{"not_picked":["Sucker Punch","Quick Slash","Infinite Blades+1"],"picked":"SKIP","floor":25.0},{"not_picked":["Flying Knee","Blur+1","Poisoned Stab"],"picked":"SKIP","floor":28.0},{"not_picked":["Flying Knee","Poisoned Stab"],"picked":"Blur+1","floor":28.0},{"not_picked":["Dodge and Roll+1","Quick Slash"],"picked":"Prepared+1","floor":29.0},{"not_picked":["Riddle With Holes","Deflect+1"],"picked":"Flechettes","floor":30.0},{"not_picked":["Unload","Grand Finale"],"picked":"After Image","floor":33.0},{"not_picked":["Catalyst+1","Dagger Spray+1"],"picked":"Prepared+1","floor":35.0},{"not_picked":["Leg Sweep+1","Underhanded Strike"],"picked":"Acrobatics+1","floor":36.0},{"not_picked":["Prepared+1","Slice+1"],"picked":"Concentrate+1","floor":36.0},{"not_picked":["Dagger Spray","Venomology+1"],"picked":"Accuracy","floor":36.0},{"not_picked":["PiercingWail+1","Sucker Punch","Poisoned Stab+1"],"picked":"SKIP","floor":37.0},{"not_picked":["Bane+1","Footwork","Backflip+1"],"picked":"SKIP","floor":38.0},{"not_picked":["Predator","Underhanded Strike","Outmaneuver+1"],"picked":"SKIP","floor":39.0},{"not_picked":["PiercingWail+1","Outmaneuver+1"],"picked":"Prepared+1","floor":40.0},{"not_picked":["Dagger Throw+1","Concentrate+1"],"picked":"Acrobatics+1","floor":41},{"not_picked":["Heel Hook","Riddle With Holes+1","Dagger Spray+1"],"picked":"SKIP","floor":42},{"not_picked":["Backflip+1","Flying Knee+1"],"picked":"Well Laid Plans+1","floor":46},{"not_picked":["Poisoned Stab+1","Glass Knife","Dagger Throw"],"picked":"SKIP","floor":48},{"not_picked":["Night Terror+1","Dagger Spray+1"],"picked":"Setup+1","floor":54}],"player_experience":2151621,"relics_obtained":[{"floor":7.0,"key":"CaptainsWheel"},{"floor":9.0,"key":"Sundial"},{"floor":10.0,"key":"Pear"},{"floor":20.0,"key":"Enchiridion"},{"floor":24.0,"key":"Blue Candle"},{"floor":26.0,"key":"Toxic Egg 2"},{"floor":40.0,"key":"Art of War"},{"floor":40.0,"key":"Frozen Egg 2"},{"floor":44,"key":"Unceasing Top"},{"floor":46,"key":"Toy Ornithopter"},{"floor":46,"key":"Ice Cream"},{"floor":48,"key":"PreservedInsect"},{"floor":48,"key":"Thread and Needle"},{"floor":54,"key":"Mango"},{"floor":54,"key":"StrikeDummy"}],"event_choices":[{"cards_removed":["Strike_G"],"damage_healed":0.0,"max_hp_gain":0.0,"max_hp_loss":0.0,"gold_gain":0.0,"event_name":"The Cleric","player_choice":"Card Removal","floor":13.0,"gold_loss":50.0,"damage_taken":0.0},{"damage_healed":0.0,"max_hp_gain":0.0,"max_hp_loss":0.0,"gold_gain":0.0,"event_name":"Cursed Tome","player_choice":"Obtained Book","floor":20.0,"gold_loss":0.0,"damage_taken":16.0},{"cards_removed":["Strike_G"],"damage_healed":0.0,"max_hp_gain":0.0,"max_hp_loss":0.0,"gold_gain":0.0,"event_name":"Purifier","player_choice":"Purged","floor":22.0,"gold_loss":0.0,"damage_taken":0.0},{"damage_healed":0.0,"max_hp_gain":0.0,"max_hp_loss":0.0,"gold_gain":0.0,"event_name":"Mysterious Sphere","player_choice":"Fight","floor":41.0,"gold_loss":0.0,"damage_taken":0.0},{"damage_healed":0,"gold_gain":0,"player_choice":"Fight","damage_taken":0,"max_hp_gain":0,"max_hp_loss":0,"event_name":"MindBloom","floor":44,"gold_loss":0}],"is_beta":false,"boss_relics":[{"not_picked":["Ring of the Serpent","SlaversCollar"],"picked":"Runic Dome"},{"not_picked":["Calling Bell","Sozu"],"picked":"Black Star"}],"items_purged_floors":[31,53],"is_endless":false,"potions_floor_spawned":[2,3,11,16,19,24,25,30,33,37,38,39,41,44,46],"ascension_level":1}}