{"host":"k2x36244ucab5lxq","time":1608773891,"event":{"mods":["2.2 Compatiblity","AchievementEnabler","Act Like it!","Aspiration","BaseMod","Beaked The Cultist","Bestiary","Better Altar","Better Match","Better Note","Better Sensory Stone","Better Skull","Better Third Choice","Better Vampires","BetterRewards","Block Reminder","CatGirl Mod","Clawfect","Clockwork Mod","Colored Map","Conspire","Curses Come First","Downfall","Energized Spire","Gensokyo","GungeonMod","Halation","Hermit","Hubris","Infinite Spire","Jedi Mod","JesterMod","Jorbs\u0027s Wanderer Trilogy","Marisa????????","Marked Mod","Mimic Mod","Minty Spire (QoL Compilation)","Pale of the Ancients","Random Character Button","Rare Cards Sparkle","Relic Sorter","Relic Stats","Replay The Spire","SCP261 Mod","Shop Mod","StSLib","The Administrix","The Alterego","The Blackbeard","The Bladedancer","The Construct","The Cursed","The Disciple","The Judge","The Necromancer","The Problem Sleuth","The Sage","The Servant 0.9.4","The Showman","Transform Curses","Unceasing Turn Reminder","Virulent Crown","egg","everything is the same but u backflip on backflip","slay the spire mod where everything is the same but ironclad has a cowboy hat","thorton"],"gold_per_floor":[117,117,132,132,150,150,182,200,200,214,246,264,297,297,297,398,398,409,409,422,40,40,40,80,80,80],"floor_reached":25,"playtime":1262,"items_purged":[],"score":378,"play_id":"7fcecb45-d8a7-4040-9db1-293985c7d3ca","local_time":"20201223203811","is_ascension_mode":true,"campfire_choices":[{"data":"CutThroughFate","floor":6,"key":"SMITH"},{"floor":15,"key":"REST"},{"data":"LessonLearned","floor":23,"key":"SMITH"}],"circlet_count":0,"master_deck":["Strike_P","Strike_P+1","Strike_P","Strike_P","Defend_P","Defend_P","Defend_P","Defend_P","Eruption+1","Vigilance","TalkToTheHand+1","FlurryOfBlows","CutThroughFate+1","Replay:Cycle","Nirvana","Weave","TalkToTheHand","LessonLearned+1","Replay:ManipulateFuture","ReplayTheSpireMod:Faulty Equipment","infinitespire:Fortify","Panache","Protect","Establishment","ForeignInfluence+1"],"relics":["HolyWater","NeowsBlessing","jedi:arcanewood","sagemod:Singing_Vial","hubris:FunFungus","Eternal Feather","hexamod:BolsterEngine","thethorton:BrokenCalculator","DemoMod:GundromedaStrain"],"acts_visited":["Exordium","TheCity"],"potions_floor_usage":[10,11,11,13,16,24,25],"damage_taken":[{"damage":0,"enemies":"conspire:RoseBush","floor":1,"turns":1},{"damage":0,"enemies":"Cultist","floor":3,"turns":1},{"damage":0,"enemies":"Jaw Worm","floor":5,"turns":1},{"damage":22,"enemies":"Gremlin Nob","floor":7,"turns":5},{"damage":0,"enemies":"2 Fungi Beasts","floor":8,"turns":3},{"damage":2,"enemies":"Lots of Slimes","floor":10,"turns":4},{"damage":4,"enemies":"Replay:BlueRogue","floor":11,"turns":4},{"damage":0,"enemies":"3 Louse","floor":12,"turns":3},{"damage":9,"enemies":"Gremlin Nob","floor":13,"turns":2},{"damage":0,"enemies":"The Guardian","floor":16,"turns":11},{"damage":32,"enemies":"Spheric Guardian","floor":18,"turns":6},{"damage":6,"enemies":"3 Byrds","floor":20,"turns":8},{"damage":40,"enemies":"Book of Stabbing","floor":24,"turns":6},{"damage":6,"enemies":"Shelled Parasite and Fungi","floor":25,"turns":3}],"seed_played":"-5449257201270134673","potions_obtained":[{"floor":1,"key":"Strength Potion"},{"floor":7,"key":"ColorlessPotion"},{"floor":8,"key":"Strength Potion"},{"floor":11,"key":"champ:CounterPotion"},{"floor":13,"key":"BlessingOfTheForge"},{"floor":16,"key":"SteroidPotion"},{"floor":20,"key":"AttackPotion"}],"is_trial":false,"path_per_floor":["M","?","M","?","M","R","E","M","T","M","E","M","E","?","R","B",null,"M","?","M","$","?","R","E","M"],"character_chosen":"WATCHER","items_purchased":["Panache","thethorton:BrokenCalculator","Protect"],"campfire_rested":1,"item_purchase_floors":[21,21,21],"current_hp_per_floor":[65,65,65,69,69,69,47,47,47,45,41,41,32,14,44,49,66,35,35,29,29,29,41,2,0,0],"gold":80,"neow_bonus":"THREE_ENEMY_KILL","is_daily":false,"chose_seed":false,"campfire_upgraded":2,"win_rate":0.0,"timestamp":1608773891,"path_taken":["M","?","?","?","M","R","E","M","T","?","E","M","E","?","R","BOSS","M","?","M","$","?","R","E","M"],"items_purchased_type":["Card","Relic","Card"],"build_version":"2020-12-22","purchased_purges":0,"victory":false,"max_hp_per_floor":[72,72,72,72,72,72,72,72,72,72,72,72,72,72,72,72,72,72,72,72,72,69,69,69,69,69],"relic_stats":{"counters":[14,58],"Eternal Feather":21,"obtain_stats":[{"thethorton:BrokenCalculator":21,"NeowsBlessing":0,"DemoMod:GundromedaStrain":24,"HolyWater":17,"sagemod:Singing_Vial":9,"Eternal Feather":13,"DemoMod:GlassGuonStoneRelic":1,"hubris:FunFungus":11,"PureWater":0,"hexamod:BolsterEngine":14,"jedi:arcanewood":7},{"thethorton:BrokenCalculator":12,"NeowsBlessing":0,"DemoMod:GundromedaStrain":13,"HolyWater":10,"sagemod:Singing_Vial":5,"Eternal Feather":9,"DemoMod:GlassGuonStoneRelic":1,"hubris:FunFungus":7,"PureWater":0,"hexamod:BolsterEngine":9,"jedi:arcanewood":4},{"thethorton:BrokenCalculator":49,"NeowsBlessing":0,"DemoMod:GundromedaStrain":55,"HolyWater":35,"sagemod:Singing_Vial":11,"Eternal Feather":24,"DemoMod:GlassGuonStoneRelic":1,"hubris:FunFungus":19,"PureWater":0,"hexamod:BolsterEngine":24,"jedi:arcanewood":8}]},"card_choices":[{"not_picked":["Crescendo","Replay:Cycle"],"picked":"TalkToTheHand","floor":1},{"not_picked":["FlurryOfBlows","ClearTheMind","BattleHymn"],"picked":"SKIP","floor":3},{"not_picked":["ClearTheMind","BattleHymn"],"picked":"FlurryOfBlows","floor":3},{"not_picked":["SandsOfTime","FlurryOfBlows"],"picked":"CutThroughFate","floor":5},{"not_picked":["CarveReality","WaveOfTheHand"],"picked":"Replay:Cycle","floor":7},{"not_picked":["MarkedMod:Acupuncture","Adaptation"],"picked":"Nirvana","floor":8},{"not_picked":["CutThroughFate","Replay:AtTheReady","MarkedMod:Acupuncture"],"picked":"Singing Bowl","floor":10},{"not_picked":["MarkedMod:Acupuncture","Brilliance","Replay:DivineShield"],"picked":"Singing Bowl","floor":11},{"not_picked":["CrushJoints","Halt"],"picked":"Weave","floor":12},{"not_picked":["MarkedMod:SlowDance","Crescendo"],"picked":"TalkToTheHand","floor":13},{"not_picked":["Scrawl","Blasphemy"],"picked":"LessonLearned","floor":16},{"not_picked":["Alpha","Collect"],"picked":"Replay:ManipulateFuture","floor":18},{"not_picked":["infinitespire:FinalStrike","hubris:Rewind"],"picked":"infinitespire:Fortify","floor":19},{"not_picked":["Replay:DivineShield","Replay:AtTheReady","ReachHeaven"],"picked":"Singing Bowl","floor":20},{"not_picked":["FlyingSleeves","Tantrum"],"picked":"ForeignInfluence+1","floor":24},{"not_picked":["Slimebound:FinishingTackle","AlicesGift","AdministrixMod:ShadowPlay"],"picked":"Singing Bowl","floor":25}],"player_experience":568024,"relics_obtained":[{"floor":7,"key":"jedi:arcanewood"},{"floor":9,"key":"sagemod:Singing_Vial"},{"floor":11,"key":"hubris:FunFungus"},{"floor":13,"key":"Eternal Feather"},{"floor":24,"key":"DemoMod:GundromedaStrain"}],"event_choices":[{"damage_healed":0,"gold_gain":0,"player_choice":"Upgraded","damage_taken":0,"max_hp_gain":0,"max_hp_loss":0,"event_name":"Upgrade Shrine","floor":2,"gold_loss":0,"cards_upgraded":["TalkToTheHand"]},{"damage_healed":4,"gold_gain":0,"player_choice":"LEAVE ","damage_taken":0,"relics_obtained":[],"max_hp_gain":0,"max_hp_loss":0,"event_name":"betterSkull:BetterSkull","floor":4,"gold_loss":0,"cards_upgraded":[]},{"damage_healed":0,"gold_gain":0,"player_choice":"Relic ","damage_taken":18,"max_hp_gain":0,"max_hp_loss":0,"event_name":"betterThird:BetterScrap","floor":14,"gold_loss":0,"cards_obtained":["hubris:CleavingFinish"]},{"damage_healed":0,"gold_gain":0,"cards_transformed":["Parasite"],"player_choice":"Transformed","damage_taken":0,"max_hp_gain":0,"max_hp_loss":0,"event_name":"Transmorgrifier","floor":22,"gold_loss":0,"cards_obtained":["Establishment"]}],"is_beta":false,"boss_relics":[{"not_picked":["aspiration:RunicSpoon","halation:CatFaceCupcake"],"picked":"HolyWater"}],"items_purged_floors":[],"is_endless":false,"potions_floor_spawned":[1,7,8,11,13,16,20],"killed_by":"Shelled Parasite and Fungi","ascension_level":6}}