{"host":"0azimyi6n3ugndj4","time":1608830838,"event":{"mods":["2.2 Compatiblity","BaseMod","Bestiary","Conspire","Curses Come First","Defuse TimeMaze Blight","Hyrulean Relics","Infinite Spire","Minty Spire (QoL Compilation)","Relic Stats","Replay The Spire","StSLib","SuperFastMode","Uncapped","¡¼?Úª?ø«¡½REMEMod"],"gold_per_floor":[159,159,159,216,216,301,301,382,382,436,436,436],"floor_reached":11,"playtime":200,"items_purged":[],"score":233,"play_id":"9d54445a-2263-4b3e-98c7-734793c7303e","local_time":"20201225022718","daily_mods":["Hoarder","Insanity","Chimera","Specialized","Vintage","ControlledChaos","Allstar","Diverse","Colorless Cards","Heirloom","Time Dilation","Flight","Binary","Elite Swarm","Lethality","Midas","Uncertain Future","Binary"],"is_ascension_mode":true,"campfire_choices":[{"floor":7,"key":"REST"}],"circlet_count":0,"master_deck":["Demon Form","Wraith Form v2","Echo Form","DevaForm","AscendersBane","Bash","Survivor","Zap","Eruption","Strike_R","Strike_G","Strike_B","Defend_R","Defend_G","Defend_P","Defy Death","BattleHymn","Time Bomb","Ghostly Armor","BowlingBash","JustLucky","ReplayTheSpireMod:Reroute Power","Eviscerate","REME_Repentance","Cloak And Dagger","ReplayTheSpireMod:Exploit Weakness","Perfected Strike","Consecrate","Shockwave","Quick Slash","EmptyFist","Protect","Vengeance","Purity","conspire:Rain","Chill","Panic Button","Warcry","Steam","Finesse","Crescendo","Hologram","Dagger Spray","WheelKick","Deadly Poison","Reckless Charge","Entrench","Panic Button","Thunderclap","Dodge and Roll","Fluid Movement","Finisher","Twin Strike","Impatience","Consecrate","Run Through","Fluid Movement","Auto Shields","Crescendo","Flame Barrier","Purity","ReachHeaven","Deflect","True Grit","Replay:Anticipation","Body Slam","Body Slam","Body Slam","Body Slam","Body Slam","Body Slam","Body Slam","Body Slam","Body Slam","Body Slam","Body Slam","Body Slam","Body Slam","Body Slam","Body Slam","Discovery","Discovery","Discovery","Transmutation","Transmutation","Transmutation","Madness","Madness","Madness","ReplayTheSpireMod:Private Reserves","ReplayTheSpireMod:Private Reserves","ReplayTheSpireMod:Private Reserves","Dramatic Entrance","Dramatic Entrance","Dramatic Entrance","Mayhem","Mayhem","Mayhem"],"relics":["Burning Blood","Frozen Eye","Busted Crown","REME_ComplimentaryCards","StoneCalendar","Pantograph","Bronze Scales","Golden Idol","zeldaRelics:CourageTriforce"],"acts_visited":["Exordium"],"potions_floor_usage":[6],"damage_taken":[{"damage":0,"enemies":"Cultist","floor":1,"turns":2},{"damage":15,"enemies":"Jaw Worm","floor":4,"turns":2},{"damage":20,"enemies":"Gremlin Nob","floor":6,"turns":3},{"damage":34,"enemies":"Replay:BlueRogue","floor":8,"turns":2},{"damage":23,"enemies":"Lagavulin","floor":11,"turns":2}],"seed_played":"-5183381785868914577","potions_obtained":[{"floor":1,"key":"Block Potion"}],"is_trial":true,"path_per_floor":["M","$","$","M","?","E","R","E","T","?","E"],"character_chosen":"IRONCLAD","items_purchased":[],"campfire_rested":1,"item_purchase_floors":[],"current_hp_per_floor":[74,74,74,65,39,25,47,19,19,19,0,0],"gold":436,"neow_bonus":"","is_daily":false,"chose_seed":false,"campfire_upgraded":0,"win_rate":0.0,"timestamp":1608830838,"path_taken":["M","?","$","M","?","E","R","E","T","?","E"],"items_purchased_type":[],"build_version":"2020-12-22","purchased_purges":0,"victory":false,"max_hp_per_floor":[75,75,75,75,75,75,75,75,75,75,75,75],"relic_stats":{"Busted Crown":6,"counters":[5,11],"Golden Idol":13,"Pantograph":0,"Bronze Scales":[6],"StoneCalendar":[0],"obtain_stats":[{"Frozen Eye":0,"Busted Crown":0,"Golden Idol":5,"Pantograph":1,"Bronze Scales":4,"StoneCalendar":0,"zeldaRelics:CouragePiece":6,"Burning Blood":0,"zeldaRelics:CourageTriforce":9,"REME_ComplimentaryCards":0},{"Frozen Eye":0,"Busted Crown":0,"Golden Idol":2,"Pantograph":1,"Bronze Scales":2,"StoneCalendar":0,"zeldaRelics:CouragePiece":3,"Burning Blood":0,"zeldaRelics:CourageTriforce":4,"REME_ComplimentaryCards":0},{"Frozen Eye":0,"Busted Crown":0,"Golden Idol":4,"Pantograph":2,"Bronze Scales":4,"StoneCalendar":0,"zeldaRelics:CouragePiece":7,"Burning Blood":0,"zeldaRelics:CourageTriforce":9,"REME_ComplimentaryCards":0}],"Burning Blood":24},"card_choices":[],"player_experience":1500245,"relics_obtained":[{"floor":1,"key":"Pantograph"},{"floor":4,"key":"Bronze Scales"},{"floor":6,"key":"zeldaRelics:CouragePiece"},{"floor":8,"key":"zeldaRelics:CouragePiece"},{"floor":9,"key":"zeldaRelics:CouragePiece"}],"event_choices":[{"damage_healed":0,"gold_gain":0,"player_choice":"Take Damage","damage_taken":26,"relics_obtained":["Golden Idol"],"max_hp_gain":0,"max_hp_loss":0,"event_name":"Golden Idol","floor":5,"gold_loss":0},{"damage_healed":0,"gold_gain":54,"player_choice":"Gained Gold","damage_taken":0,"max_hp_gain":0,"max_hp_loss":0,"event_name":"Golden Wing","floor":10,"gold_loss":0}],"is_beta":false,"boss_relics":[],"items_purged_floors":[],"is_endless":false,"potions_floor_spawned":[1],"killed_by":"Lagavulin","ascension_level":20}}