{"host":"8xt6qtpg1rkermdd","time":1608814576,"event":{"mods":["AchievementEnabler","Astrologer","Bard","BaseMod","Colored Powertips","Downfall","Hermit","Highlight Path","Hubris","Infinite Spire","Jorbs\u0027s Wanderer Trilogy","Marisa????????","Minty Spire (QoL Compilation)","Replay The Spire","Shade Mod","StSLib","The Blackbeard","The Bladedancer","The Bug Knight","The Construct","The Cursed","The Disciple","The Dragon Tamer","The Gatherer","The Hayseed","The Marked","The Necromancer","The Runesmith","The Servant 0.9.4","TheArtist"],"gold_per_floor":[99,99,99,112,112,112,135,60,72,72,72,92,23,40,25,175,195,195,195,195],"floor_reached":18,"playtime":698,"items_purged":[],"score":100,"play_id":"4ffb805b-554a-4cb3-b4ac-aa91053d737e","local_time":"20201224065616","is_ascension_mode":false,"campfire_choices":[{"floor":1,"key":"RECALL"},{"data":"champ:Execute","floor":8,"key":"SMITH"}],"circlet_count":0,"master_deck":["champ:Strike","champ:Strike","champ:Strike","champ:Strike","champ:Defend","champ:Defend","champ:Defend","champ:Defend","champ:Execute+1","champ:Taunt+1","champ:AdrenalArmor","champ:TornadoPunch","champ:PerfectedStrike","champ:Circumvent","champ:Circumvent","champ:StanceDance","champ:SteelEdge","Slimebound:Icky","champ:DefensiveStyle"],"relics":["champ:ChampionCrown","downfall:ShatteredFragment","hubris:TenFootPole","downfall:HeartBlessingRed"],"acts_visited":["Exordium"],"potions_floor_usage":[],"damage_taken":[{"damage":13,"enemies":"Jaw Worm","floor":4,"turns":3},{"damage":17,"enemies":"Small Slimes","floor":9,"turns":2},{"damage":4,"enemies":"Cultist","floor":12,"turns":4},{"damage":2,"enemies":"downfall:FleeingMerchant","floor":13,"turns":4},{"damage":8,"enemies":"Blue Slaver","floor":14,"turns":4},{"damage":15,"enemies":"downfall:FleeingMerchant","floor":15,"turns":4},{"damage":18,"enemies":"Gremlin Gang","floor":17,"turns":5},{"damage":24,"enemies":"downfall:Watcher","floor":18,"turns":12}],"seed_played":"-5511124106426906236","potions_obtained":[{"floor":4,"key":"SkillPotion"},{"floor":9,"key":"EntropicBrew"},{"floor":17,"key":"Weak Potion"}],"is_trial":false,"path_per_floor":["R","?","?","M","?","T","T","R","M","PTL","PTL","M","$","M","$","?","M","B"],"character_chosen":"THE_CHAMP","items_purchased":["champ:Circumvent"],"campfire_rested":0,"item_purchase_floors":[13],"current_hp_per_floor":[99,72,72,64,69,69,69,69,59,59,59,59,59,53,38,38,22,0,0,0],"gold":195,"neow_bonus":"TEN_PERCENT_HP_BONUS","is_daily":false,"chose_seed":false,"campfire_upgraded":1,"win_rate":0.0,"timestamp":1608814576,"path_taken":["R","?","?","?","?","?","T","R","M","PTL","PTL","M","$","?","?","?","M","BOSS"],"items_purchased_type":["Card"],"build_version":"2020-12-22","purchased_purges":0,"victory":false,"max_hp_per_floor":[99,99,99,99,104,104,104,104,104,104,104,104,104,104,104,104,104,104,104,104],"card_choices":[{"not_picked":["champ:DefensiveShout","champ:FocusedBerserking"],"picked":"champ:AdrenalArmor","floor":4},{"not_picked":["champ:Backstep","champ:FlashCut"],"picked":"champ:TornadoPunch","floor":9},{"not_picked":["champ:Duel","champ:EnGarde"],"picked":"champ:PerfectedStrike","floor":12},{"not_picked":["champ:PreciseThrust","champ:Duel"],"picked":"champ:Circumvent","floor":13},{"not_picked":["champ:Shatter","champ:PerfectForm"],"picked":"champ:StanceDance","floor":14},{"not_picked":["champ:AdrenalArmor","champ:FlashCut"],"picked":"champ:SteelEdge","floor":15},{"not_picked":["champ:Circumvent","champ:AdrenalArmor"],"picked":"champ:DefensiveStyle","floor":17}],"player_experience":28626,"relics_obtained":[{"floor":7,"key":"hubris:TenFootPole"}],"event_choices":[{"damage_healed":0,"gold_gain":0,"player_choice":"Upgraded","damage_taken":0,"max_hp_gain":0,"max_hp_loss":0,"event_name":"Upgrade Shrine","floor":3,"gold_loss":0,"cards_upgraded":["champ:Taunt"]},{"damage_healed":0,"gold_gain":0,"player_choice":"Donut","damage_taken":0,"max_hp_gain":5,"max_hp_loss":0,"event_name":"Big Fish","floor":5,"gold_loss":0}],"is_beta":false,"boss_relics":[],"items_purged_floors":[],"is_endless":false,"potions_floor_spawned":[4,9,17],"killed_by":"downfall:Watcher","ascension_level":0}}