{"host":"mniz8q056kux99zk","time":1608820232,"event":{"mods":["BaseMod","CapriCore","Highlight Path","Minty Spire (QoL Compilation)","Replay The Spire","StSLib"],"gold_per_floor":[111,111,124,183,183,209,209,224,249,249,277,287,316,57,57,158,158,178,190,190,204,204,204,238,238,262,293,311,321,321,334,334,430,430,442,442,461,473,528,528,544,544,544,11,11,0,13,13,27,43,43,43,43],"floor_reached":52,"playtime":2643,"items_purged":[],"score":643,"play_id":"2d54888e-fcfe-4e8d-aa35-054e0e5a5075","local_time":"20201224093032","is_ascension_mode":true,"campfire_choices":[{"floor":7,"key":"REST"},{"floor":15,"key":"REST"},{"floor":23,"key":"REST"},{"floor":25,"key":"REST"},{"floor":30,"key":"REST"},{"floor":32,"key":"REST"},{"floor":40,"key":"REST"},{"floor":48,"key":"REST"},{"floor":51,"key":"RECALL"}],"circlet_count":0,"master_deck":["Strike_G","Strike_G","Strike_G","Strike_G","Strike_G","Defend_G+1","Defend_G","Defend_G","Defend_G","Defend_G","Survivor","Neutralize","Underhanded Strike+1","Deflect","Phantasmal Killer+1","Eviscerate+1","Endless Agony","Tactician","ReplayTheSpireMod:Speed Training","Atom Bomb","Quick Slash+1","All Out Attack+1","Skewer+1","Backstab","Distraction","Dagger Throw+1","Tools of the Trade","Flechettes","Envenom","Escape Plan","Noxious Fumes","Backflip","Dash+1","Caltrops","Predator+1","Slice","ReplayTheSpireMod:Speed Training"],"relics":["Ring of the Snake","NeowsBlessing","Snack Pack","Replay:Baseball","Ornamental Fan","Tiny Chest","Pet Ghost","Guide Book","HoveringKite","Darkstone Periapt","Lantern","Strawberry","Gremlin Horn","Busted Crown","Ancient Tea Set","Du-Vu Doll","TwistedFunnel","Toy Ornithopter","Anchor","Replay:Towering Pillar of Hats","Red Mask"],"acts_visited":["Exordium","TheCity","TheBeyond"],"potions_floor_usage":[11,13,13,16,16,16,21,24,29,33,39,52],"damage_taken":[{"damage":0,"enemies":"Cultist","floor":1,"turns":1},{"damage":0,"enemies":"Jaw Worm","floor":3,"turns":1},{"damage":0,"enemies":"3 Sentries","floor":6,"turns":1},{"damage":0,"enemies":"2 Louse","floor":8,"turns":2},{"damage":52,"enemies":"Gremlin Nob","floor":11,"turns":5},{"damage":0,"enemies":"Exordium Wildlife","floor":12,"turns":4},{"damage":19,"enemies":"Lagavulin","floor":13,"turns":6},{"damage":0,"enemies":"Slime Boss","floor":16,"turns":5},{"damage":9,"enemies":"3 Byrds","floor":18,"turns":7},{"damage":8,"enemies":"2 Thieves","floor":19,"turns":4},{"damage":32,"enemies":"Centurion and Healer","floor":21,"turns":8},{"damage":31,"enemies":"Gremlin Leader","floor":24,"turns":5},{"damage":11,"enemies":"Replay:Snechameleon","floor":27,"turns":6},{"damage":21,"enemies":"Chosen and Byrds","floor":28,"turns":6},{"damage":0,"enemies":"Snake Plant","floor":29,"turns":4},{"damage":10,"enemies":"Sentry and Sphere","floor":31,"turns":4},{"damage":62,"enemies":"Champ","floor":33,"turns":10},{"damage":44,"enemies":"3 Darklings","floor":35,"turns":4},{"damage":15,"enemies":"3 Shapes","floor":37,"turns":4},{"damage":4,"enemies":"Sphere and 2 Shapes","floor":38,"turns":2},{"damage":29,"enemies":"2 Orb Walkers","floor":39,"turns":4},{"damage":3,"enemies":"Spire Growth","floor":41,"turns":4},{"damage":12,"enemies":"3 Darklings","floor":47,"turns":4},{"damage":0,"enemies":"4 Shapes","floor":49,"turns":3},{"damage":7,"enemies":"Sphere and 2 Shapes","floor":50,"turns":4},{"damage":72,"enemies":"Awakened One","floor":52,"turns":6}],"seed_played":"-2236875484626814294","potions_obtained":[{"floor":6,"key":"Venom Potion"},{"floor":8,"key":"SkillPotion"},{"floor":11,"key":"Strength Potion"},{"floor":12,"key":"FearPotion"},{"floor":18,"key":"SteroidPotion"},{"floor":19,"key":"Toxic Potion"},{"floor":28,"key":"Flashbang"},{"floor":31,"key":"FearPotion"},{"floor":37,"key":"Weak Potion"},{"floor":49,"key":"BlessingOfTheForge"},{"floor":50,"key":"Milkshake"}],"is_trial":false,"path_per_floor":["M","?","M","?","T","E","R","M","T","T","E","M","E","$","R","B",null,"M","M","?","M","T","R","E","R","T","E","M","M","R","M","R","B",null,"M","T","M","M","?","R","M","PTL","PTL","$","T","?","M","R","M","M","R","B"],"character_chosen":"THE_SILENT","items_purchased":["Guide Book","Strength Potion","PowerPotion","TwistedFunnel","Toy Ornithopter","Anchor","Caltrops"],"campfire_rested":8,"item_purchase_floors":[14,14,14,44,44,44,44],"current_hp_per_floor":[70,56,56,56,56,58,70,70,70,70,20,22,5,5,26,32,70,64,58,45,19,19,41,14,36,43,38,21,27,51,47,71,23,82,40,40,33,33,8,32,33,33,33,33,33,33,27,51,55,54,54,0,0],"gold":43,"neow_bonus":"THREE_ENEMY_KILL","is_daily":false,"chose_seed":false,"campfire_upgraded":0,"win_rate":0.0,"timestamp":1608820232,"path_taken":["M","?","M","?","?","E","R","M","T","?","E","M","E","$","R","BOSS","M","M","?","M","?","R","E","R","T","E","M","M","R","?","R","BOSS","M","?","M","M","?","R","M","PTL","PTL","$","T","?","M","R","M","M","R","BOSS"],"items_purchased_type":["Relic","Potion","Potion","Relic","Relic","Relic","Card"],"build_version":"2020-12-22","purchased_purges":0,"victory":false,"max_hp_per_floor":[70,70,70,70,70,70,70,70,70,70,70,70,70,70,70,70,70,70,70,75,75,75,75,75,75,82,82,82,82,82,82,82,82,82,82,82,82,82,82,82,82,82,82,82,82,82,82,82,82,82,82,82,82],"card_choices":[{"not_picked":["Flechettes","Backflip"],"picked":"Underhanded Strike","floor":1},{"not_picked":["Acrobatics","ReplayTheSpireMod:Speed Training"],"picked":"Deflect","floor":3},{"not_picked":["Heel Hook","Catalyst"],"picked":"Phantasmal Killer","floor":6},{"not_picked":["Bouncing Flask","Flying Knee"],"picked":"Eviscerate","floor":8},{"not_picked":["Dagger Spray","Quick Slash"],"picked":"Endless Agony","floor":11},{"not_picked":["Bane","Dash"],"picked":"Tactician","floor":12},{"not_picked":["Deadly Poison","Blade Dance"],"picked":"ReplayTheSpireMod:Speed Training","floor":13},{"not_picked":["Unload","Corpse Explosion"],"picked":"Atom Bomb","floor":16},{"not_picked":["Dagger Throw","ReplayTheSpireMod:Speed Training+1"],"picked":"Quick Slash+1","floor":18},{"not_picked":["ReplayTheSpireMod:Shiv Toss","Sucker Punch"],"picked":"All Out Attack+1","floor":19},{"not_picked":["Backflip","Blade Dance"],"picked":"Skewer+1","floor":21},{"not_picked":["Dagger Throw","PiercingWail"],"picked":"Backstab","floor":24},{"not_picked":["Underhanded Strike","Outmaneuver"],"picked":"Distraction","floor":27},{"not_picked":["Finisher","Fluid Movement"],"picked":"Dagger Throw+1","floor":28},{"not_picked":["Acrobatics","Flying Knee"],"picked":"Tools of the Trade","floor":29},{"not_picked":["Quick Slash","Blur"],"picked":"Flechettes","floor":31},{"not_picked":["ReplayTheSpireMod:Necrosis","Glass Knife"],"picked":"Envenom","floor":33},{"not_picked":["Heel Hook"],"picked":"SKIP","floor":35},{"not_picked":[],"picked":"Escape Plan","floor":37},{"not_picked":[],"picked":"Noxious Fumes","floor":38},{"not_picked":[],"picked":"Backflip","floor":39},{"not_picked":[],"picked":"Dash+1","floor":41},{"not_picked":[],"picked":"Predator+1","floor":47},{"not_picked":[],"picked":"Slice","floor":49},{"not_picked":[],"picked":"ReplayTheSpireMod:Speed Training","floor":50}],"player_experience":66828,"relics_obtained":[{"floor":5,"key":"Snack Pack"},{"floor":6,"key":"Replay:Baseball"},{"floor":10,"key":"Ornamental Fan"},{"floor":11,"key":"Tiny Chest"},{"floor":13,"key":"Pet Ghost"},{"floor":22,"key":"Darkstone Periapt"},{"floor":24,"key":"Lantern"},{"floor":26,"key":"Strawberry"},{"floor":27,"key":"Gremlin Horn"},{"floor":36,"key":"Ancient Tea Set"},{"floor":39,"key":"Du-Vu Doll"},{"floor":45,"key":"Replay:Towering Pillar of Hats"}],"event_choices":[{"damage_healed":0,"gold_gain":0,"player_choice":"Entered Light","damage_taken":14,"max_hp_gain":0,"max_hp_loss":0,"event_name":"Shining Light","floor":2,"gold_loss":0,"cards_upgraded":["Defend_G","Underhanded Strike"]},{"damage_healed":0,"gold_gain":59,"player_choice":"Gained Gold","damage_taken":0,"max_hp_gain":0,"max_hp_loss":0,"event_name":"Golden Wing","floor":4,"gold_loss":0},{"damage_healed":0,"gold_gain":0,"player_choice":"Shed Blood","damage_taken":18,"max_hp_gain":5,"max_hp_loss":0,"event_name":"Forgotten Altar","floor":20,"gold_loss":0},{"damage_healed":0,"gold_gain":0,"player_choice":"Fight","damage_taken":0,"max_hp_gain":0,"max_hp_loss":0,"event_name":"Mysterious Sphere","floor":39,"gold_loss":0},{"damage_healed":0,"gold_gain":0,"player_choice":"Paid","damage_taken":0,"relics_obtained":["Red Mask"],"max_hp_gain":0,"max_hp_loss":0,"event_name":"Tomb of Lord Red Mask","floor":46,"gold_loss":11}],"is_beta":false,"boss_relics":[{"not_picked":["Snecko Scales","Replay:Bronze Core"],"picked":"HoveringKite"},{"not_picked":["Black Star","ReplayTheSpireMod:DimensionalGlitch"],"picked":"Busted Crown"}],"items_purged_floors":[],"is_endless":false,"potions_floor_spawned":[6,8,11,12,18,19,28,31,37,49,50],"killed_by":"Awakened One","ascension_level":1}}