{"host":"vc42n08di9czm3e7","time":1608841621,"event":{"mods":["AchievementEnabler","Act Like it!","BaseMod","Colored Powertips","Downfall","Friendly Minions","GifTheSpireLib","Minty Spire (QoL Compilation)","Rare Cards Sparkle","StSLib"],"gold_per_floor":[99,119,134,134,147,164,164,180,180,9,29,45,45,57,67,164,164,89,28,42,53,68,68,94,94,94,94,108,126,126,139,139,139,139],"floor_reached":32,"playtime":1878,"items_purged":[],"score":240,"play_id":"adb87c3d-122f-48cd-b5b9-82e833db1729","local_time":"20201224152701","is_ascension_mode":false,"campfire_choices":[{"data":"hexamod:HexaLevel","floor":1,"key":"SMITH"},{"data":"hexamod:Defend","floor":9,"key":"SMITH"},{"floor":13,"key":"RECALL"},{"data":"hexamod:GhostLash","floor":18,"key":"SMITH"},{"data":"Machine Learning","floor":23,"key":"SMITH"},{"data":"hexamod:AdvancingGuard","floor":25,"key":"SMITH"},{"floor":27,"key":"REST"},{"floor":30,"key":"REST"}],"circlet_count":0,"master_deck":["hexamod:Strike","hexamod:Strike","hexamod:Strike","hexamod:Strike","hexamod:Defend","hexamod:Defend","hexamod:Defend","hexamod:Defend+1","hexamod:Sear","hexamod:Float","hexamod:HexaLevel+1","hexamod:Hexaguard+1","hexamod:GhostLash+1","hexamod:PhantomFireball","hexamod:AdvancingGuard+1","hexamod:NightmareGuise","hexamod:RadiantFlame","hexamod:RecurringNightmare","Quick Slash","Guardian:Planning","Clothesline","Machine Learning+1","hexamod:FastForward","hexamod:SwordOfDarkness","hexamod:GhostflameBarrier","ThirdEye","Cold Snap","Dagger Spray","hexamod:SwordOfDarkness"],"relics":["hexamod:SpiritBrand","Pantograph","PrismaticShard","Philosopher\u0027s Stone","downfall:HeartBlessingRed","PreservedInsect"],"acts_visited":["Exordium","TheCity"],"potions_floor_usage":[20,20,22,28],"damage_taken":[{"damage":2,"enemies":"Small Slimes","floor":2,"turns":4},{"damage":0,"enemies":"Cultist","floor":3,"turns":4},{"damage":1,"enemies":"2 Louse","floor":5,"turns":3},{"damage":14,"enemies":"Exordium Thugs","floor":6,"turns":8},{"damage":7,"enemies":"Large Slime","floor":8,"turns":9},{"damage":0,"enemies":"downfall:FleeingMerchant","floor":10,"turns":4},{"damage":0,"enemies":"Lots of Slimes","floor":11,"turns":6},{"damage":0,"enemies":"Exordium Wildlife","floor":12,"turns":6},{"damage":3,"enemies":"3 Louse","floor":14,"turns":5},{"damage":12,"enemies":"Blue Slaver","floor":15,"turns":4},{"damage":34,"enemies":"downfall:Silent","floor":16,"turns":12},{"damage":0,"enemies":"downfall:FleeingMerchant","floor":19,"turns":4},{"damage":6,"enemies":"3 Byrds","floor":20,"turns":4},{"damage":10,"enemies":"Spheric Guardian","floor":21,"turns":5},{"damage":16,"enemies":"Snake Plant","floor":22,"turns":6},{"damage":15,"enemies":"Cultist and Chosen","floor":28,"turns":8},{"damage":24,"enemies":"3 Cultists","floor":29,"turns":8},{"damage":23,"enemies":"Snecko","floor":31,"turns":6},{"damage":10,"enemies":"Chosen and Byrds","floor":32,"turns":2}],"seed_played":"-2688070248143296170","potions_obtained":[{"floor":3,"key":"LiquidBronze"},{"floor":8,"key":"Block Potion"},{"floor":11,"key":"DuplicationPotion"},{"floor":20,"key":"BlessingOfTheForge"},{"floor":22,"key":"Explosive Potion"},{"floor":31,"key":"hexamod:InfernoChargePotion"}],"is_trial":false,"path_per_floor":["R","M","M","?","M","M","T","M","R","$","M","M","R","M","M","B",null,"R","$","M","M","M","R","T","R","?","R","M","M","R","M","M"],"character_chosen":"THE_SPIRIT","items_purchased":["PrismaticShard","hexamod:SwordOfDarkness"],"campfire_rested":2,"item_purchase_floors":[10,19],"current_hp_per_floor":[70,68,68,68,67,53,53,46,46,46,46,46,46,43,31,22,70,70,70,64,54,38,38,38,38,38,59,44,20,41,18,8,8,8],"gold":139,"neow_bonus":"ONE_RANDOM_RARE_CARD","is_daily":false,"chose_seed":false,"campfire_upgraded":5,"win_rate":0.0,"timestamp":1608841621,"path_taken":["R","M","M","?","M","M","T","M","R","$","M","M","R","?","M","BOSS","R","$","M","M","M","R","T","R","?","R","M","M","R","M","M"],"items_purchased_type":["Relic","Card"],"build_version":"2020-12-22","purchased_purges":0,"victory":false,"max_hp_per_floor":[70,70,70,70,70,70,70,70,70,70,70,70,70,70,70,70,70,70,70,70,70,70,70,70,70,70,70,70,70,70,70,70,70,70],"card_choices":[{"not_picked":["hexamod:Firestarter","hexamod:RainOfEmbers"],"picked":"hexamod:Hexaguard","floor":2},{"not_picked":["hexamod:ShieldOfDarkness","hexamod:Haunt"],"picked":"hexamod:GhostLash","floor":3},{"not_picked":["hexamod:EtherealExpedition","hexamod:EmpoweredFlame"],"picked":"hexamod:PhantomFireball","floor":5},{"not_picked":["hexamod:GhostShield","hexamod:HeatCrush"],"picked":"hexamod:AdvancingGuard","floor":6},{"not_picked":["hexamod:AdvancingGuard","hexamod:BacktrackSmack"],"picked":"hexamod:NightmareGuise","floor":8},{"not_picked":["hexamod:ParanormalForm","hexamod:NightmareGuise"],"picked":"hexamod:RadiantFlame","floor":10},{"not_picked":["All Out Attack","sneckomod:UnknownVulnerable"],"picked":"hexamod:RecurringNightmare","floor":11},{"not_picked":["hexamod:InspiringFlames","Turbo"],"picked":"Quick Slash","floor":12},{"not_picked":["Slimebound:FormOfPuddle","hexamod:ThirdSeal"],"picked":"Guardian:Planning","floor":14},{"not_picked":["champ:BerserkerStyle","sneckomod:IronFang"],"picked":"Clothesline","floor":15},{"not_picked":["Multi-Cast","Guardian:BaubleBeam"],"picked":"Machine Learning","floor":16},{"not_picked":["champ:Circumvent","Outmaneuver"],"picked":"hexamod:FastForward","floor":19},{"not_picked":["Flex","champ:RisingSlash+1"],"picked":"hexamod:GhostflameBarrier","floor":20},{"not_picked":["Blade Dance","hexamod:RainOfEmbers","Guardian:CrystalBeam"],"picked":"SKIP","floor":21},{"not_picked":["champ:BladeFlurry","Hologram"],"picked":"ThirdEye","floor":22},{"not_picked":["BootSequence+1","hexamod:GhostShield"],"picked":"Cold Snap","floor":28},{"not_picked":["Inflame","Guardian:TemporalShield"],"picked":"Dagger Spray","floor":29},{"not_picked":["champ:RecklessLeap","Steam"],"picked":"hexamod:SwordOfDarkness","floor":31}],"player_experience":208262,"relics_obtained":[{"floor":7,"key":"Pantograph"},{"floor":24,"key":"PreservedInsect"}],"event_choices":[{"damage_healed":0,"gold_gain":0,"player_choice":"Upgraded","damage_taken":0,"max_hp_gain":0,"max_hp_loss":0,"event_name":"Upgrade Shrine","floor":4,"gold_loss":0,"cards_upgraded":["hexamod:Hexaguard"]}],"is_beta":false,"boss_relics":[{"not_picked":["SacredBark","Runic Dome"],"picked":"Philosopher\u0027s Stone"}],"items_purged_floors":[],"is_endless":false,"potions_floor_spawned":[3,8,11,12,20,22,31],"killed_by":"Chosen and Byrds","ascension_level":0}}