{"host":"agbyy69nq62afhwx","time":1608834279,"event":{"mods":["BaseMod","Colored Map","DeckTracker","Highlight Path","Keyboard Shortcuts","Minty Spire (QoL Compilation)","Quick Restart","StSLib","SuperFastMode","everything is the same but u backflip on backflip"],"gold_per_floor":[112,131,150,250,265,115,115,115,140,140,156,167,167,179,179,283,283,294,294,308,324,324,324],"floor_reached":22,"playtime":624,"items_purged":["Normality"],"score":243,"play_id":"27824d85-2d2b-486e-b5d4-ace1a889be4a","local_time":"20201225032439","is_ascension_mode":true,"campfire_choices":[{"data":"Creative AI","floor":8.0,"key":"SMITH"},{"data":"Aggregate","floor":10.0,"key":"SMITH"},{"data":"Defragment","floor":13.0,"key":"SMITH"},{"floor":15.0,"key":"REST"}],"circlet_count":0,"master_deck":["Strike_B","Strike_B","Strike_B","Strike_B","Defend_B","Defend_B","Defend_B","Defend_B","Zap","Dualcast","Creative AI+1","Defragment+1","Aggregate+1","Ball Lightning","Hologram","Self Repair","Skim","Stack","Stack","Rainbow","Compile Driver","Hologram"],"relics":["Cracked Core","Tiny Chest","Dream Catcher","Nuclear Battery"],"acts_visited":["Exordium","TheCity"],"potions_floor_usage":[],"damage_taken":[{"damage":14.0,"enemies":"Jaw Worm","floor":1.0,"turns":4.0},{"damage":0.0,"enemies":"Cultist","floor":2.0,"turns":3.0},{"damage":8.0,"enemies":"2 Louse","floor":3.0,"turns":3.0},{"damage":13.0,"enemies":"Blue Slaver","floor":5.0,"turns":3.0},{"damage":12.0,"enemies":"Looter","floor":11.0,"turns":3.0},{"damage":0.0,"enemies":"Large Slime","floor":12.0,"turns":5.0},{"damage":20.0,"enemies":"Blue Slaver","floor":14.0,"turns":4.0},{"damage":32.0,"enemies":"The Guardian","floor":16.0,"turns":9.0},{"damage":32.0,"enemies":"Chosen","floor":18.0,"turns":5.0},{"damage":7.0,"enemies":"3 Byrds","floor":20.0,"turns":3.0},{"damage":15.0,"enemies":"Snecko","floor":21.0,"turns":4.0},{"damage":21,"enemies":"3 Cultists","floor":22,"turns":4}],"seed_played":"3175062120387893901","potions_obtained":[{"floor":3.0,"key":"Dexterity Potion"},{"floor":5.0,"key":"Explosive Potion"},{"floor":12.0,"key":"Block Potion"},{"floor":20.0,"key":"PowerPotion"}],"is_trial":false,"path_per_floor":["M","M","M","?","M","$","?","R","T","R","M","M","R","M","R","B",null,"M","?","M","M","M"],"character_chosen":"DEFECT","items_purchased":["Self Repair"],"campfire_rested":1,"item_purchase_floors":[6],"current_hp_per_floor":[54,54,46,46,33,33,33,33,33,33,28,35,35,22,44,12,59,34,20,20,19,0,0],"gold":324,"neow_bonus":"THREE_RARE_CARDS","is_daily":false,"chose_seed":false,"campfire_upgraded":3,"win_rate":0.0,"timestamp":1608834279,"path_taken":["M","M","M","?","?","$","?","R","T","R","M","M","R","M","R","BOSS","M","?","M","M","M"],"items_purchased_type":["Card"],"build_version":"2020-12-22","purchased_purges":1,"victory":false,"max_hp_per_floor":[75,75,75,75,75,75,75,75,75,75,75,75,75,75,75,75,75,75,80,80,80,80,80],"card_choices":[{"not_picked":["Buffer","Seek"],"picked":"Creative AI","floor":0.0},{"not_picked":["Beam Cell","Turbo"],"picked":"Defragment","floor":1.0},{"not_picked":["Glacier","Fusion"],"picked":"Aggregate","floor":2.0},{"not_picked":["Doom and Gloom","Cold Snap"],"picked":"Ball Lightning","floor":3.0},{"not_picked":["Rebound","Redo"],"picked":"Hologram","floor":5.0},{"not_picked":["BootSequence","Hologram"],"picked":"Skim","floor":11.0},{"not_picked":["Multi-Cast","Conserve Battery"],"picked":"Stack","floor":12.0},{"not_picked":["Ball Lightning","Steam"],"picked":"Stack","floor":14.0},{"not_picked":["Thunder Strike","Creative AI"],"picked":"Rainbow","floor":16.0},{"not_picked":["Undo","Sweeping Beam","Scrape"],"picked":"SKIP","floor":18.0},{"not_picked":["Leap","Storm"],"picked":"Compile Driver","floor":20.0},{"not_picked":["Hello World","Cold Snap"],"picked":"Hologram","floor":21.0}],"player_experience":365106,"relics_obtained":[{"floor":7.0,"key":"Tiny Chest"},{"floor":9.0,"key":"Dream Catcher"}],"event_choices":[{"damage_healed":0.0,"max_hp_gain":0.0,"max_hp_loss":0.0,"gold_gain":100.0,"event_name":"Golden Shrine","player_choice":"Pray","floor":4.0,"gold_loss":0.0,"damage_taken":0.0},{"damage_healed":0.0,"max_hp_gain":0.0,"max_hp_loss":0.0,"gold_gain":0.0,"event_name":"Wheel of Change","player_choice":"Relic","floor":7.0,"gold_loss":0.0,"damage_taken":0.0},{"damage_healed":0.0,"max_hp_gain":5.0,"max_hp_loss":0.0,"gold_gain":0.0,"event_name":"Forgotten Altar","player_choice":"Shed Blood","floor":19.0,"gold_loss":0.0,"damage_taken":19.0}],"is_beta":false,"boss_relics":[{"not_picked":["Busted Crown","Tiny House"],"picked":"Nuclear Battery"}],"items_purged_floors":[6],"is_endless":false,"potions_floor_spawned":[3,5,12,20],"killed_by":"3 Cultists","ascension_level":7}}