{"host":"cjhtzh7tp54jdfyv","time":1608835900,"event":{"mods":["AchievementEnabler","BaseMod","Colored Map","Colored Powertips","Curses Come First","DeckTracker","Filter the Spire","Minty Spire (QoL Compilation)","RNG Fix","Relic Sorter","Relic Stats","StSLib","The Cursed","Waifu the Spire","ojb\u0027s Better Paths Mod","ojb\u0027s Info Mod"],"gold_per_floor":[111,123,137,149,167,167,181,181,205,205,225,150,150,167,167,167,167],"floor_reached":16,"playtime":1212,"items_purged":[],"score":196,"play_id":"a2cfa8d4-48c1-4a2f-af66-c4444a19cc69","local_time":"20201224135140","is_ascension_mode":true,"campfire_choices":[{"data":"TheCursedMod:SpitefulPlan","floor":6,"key":"SMITH"},{"data":"TheCursedMod:CleanUpWorkshop","floor":13,"key":"SMITH"},{"data":"TheCursedMod:CircleOfAmplification","floor":15,"key":"SMITH"}],"circlet_count":0,"master_deck":["AscendersBane","TheCursedMod:Strike_TheCursed","TheCursedMod:Strike_TheCursed","TheCursedMod:Strike_TheCursed","TheCursedMod:Strike_TheCursed","TheCursedMod:Defend_TheCursed","TheCursedMod:Defend_TheCursed","TheCursedMod:Defend_TheCursed","TheCursedMod:Defend_TheCursed","TheCursedMod:CursedWand","TheCursedMod:CleanUpWorkshop+1","TheCursedMod:Dregs","TheCursedMod:TroublousMinions","TheCursedMod:SpitefulStrike","TheCursedMod:CursedShiv","TheCursedMod:SurpriseAttack","TheCursedMod:Wield","TheCursedMod:FleshFromBone","TheCursedMod:SpitefulPlan+1","TheCursedMod:Neurasthenia","TheCursedMod:CircleOfAmplification+1","TheCursedMod:HellfireBreathing","TheCursedMod:SpitefulPray","Parasite","TheCursedMod:AntiAging","TheCursedMod:RapidMovement","TheCursedMod:CircleOfBlood","TheCursedMod:SmokeScreen"],"relics":["TheCursedMod:BlackMagic101","Prayer Wheel","Potion Belt"],"acts_visited":["Exordium"],"potions_floor_usage":[4,8],"damage_taken":[{"damage":1,"enemies":"Cultist","floor":1,"turns":4},{"damage":0,"enemies":"2 Louse","floor":2,"turns":4},{"damage":2,"enemies":"Small Slimes","floor":3,"turns":3},{"damage":2,"enemies":"Gremlin Gang","floor":4,"turns":6},{"damage":16,"enemies":"3 Louse","floor":5,"turns":4},{"damage":16,"enemies":"Blue Slaver","floor":7,"turns":5},{"damage":0,"enemies":"Lots of Slimes","floor":8,"turns":2},{"damage":10,"enemies":"2 Fungi Beasts","floor":11,"turns":5},{"damage":8,"enemies":"Exordium Thugs","floor":14,"turns":6},{"damage":67,"enemies":"Slime Boss","floor":16,"turns":11}],"seed_played":"-4180359957150415595","potions_obtained":[{"floor":3,"key":"Explosive Potion"},{"floor":4,"key":"FairyPotion"},{"floor":5,"key":"SmokeBomb"},{"floor":14,"key":"SmokeBomb"}],"is_trial":false,"path_per_floor":["M","M","M","M","M","R","M","M","T","?","M","?","R","M","R","B"],"character_chosen":"THE_CURSED","items_purchased":[],"campfire_rested":0,"item_purchase_floors":[],"current_hp_per_floor":[63,63,61,59,43,43,27,27,27,44,34,34,34,28,28,0,0],"gold":167,"neow_bonus":"ONE_RARE_RELIC","is_daily":false,"chose_seed":false,"campfire_upgraded":3,"win_rate":0.0,"timestamp":1608835900,"path_taken":["M","M","?","M","M","R","M","M","T","?","M","?","R","?","R","BOSS"],"items_purchased_type":[],"build_version":"2020-12-22","purchased_purges":0,"victory":false,"max_hp_per_floor":[71,71,71,71,71,71,71,71,71,71,71,71,71,73,73,73,73],"relic_stats":{"counters":[10,50],"Prayer Wheel":8,"obtain_stats":[{"Potion Belt":9,"TheCursedMod:BlackMagic101":0,"Prayer Wheel":0},{"Potion Belt":7,"TheCursedMod:BlackMagic101":0,"Prayer Wheel":0},{"Potion Belt":28,"TheCursedMod:BlackMagic101":0,"Prayer Wheel":0}]},"card_choices":[{"not_picked":["TheCursedMod:HellsGateOpen","TheCursedMod:SpreadPlague"],"picked":"TheCursedMod:TroublousMinions","floor":1},{"not_picked":["TheCursedMod:CircleOfCorruption","TheCursedMod:WearCloak"],"picked":"TheCursedMod:SpitefulStrike","floor":1},{"not_picked":["TheCursedMod:Hemoplague","TheCursedMod:Stigma"],"picked":"TheCursedMod:CursedShiv","floor":2},{"not_picked":["TheCursedMod:TacticalStrike","TheCursedMod:CursedRelics"],"picked":"TheCursedMod:SurpriseAttack","floor":2},{"not_picked":["TheCursedMod:FleshFromBone","TheCursedMod:Stigma"],"picked":"TheCursedMod:Wield","floor":3},{"not_picked":["TheCursedMod:CursedAmulet","TheCursedMod:Obscuration"],"picked":"TheCursedMod:FleshFromBone","floor":3},{"not_picked":["TheCursedMod:Stigma","TheCursedMod:RapidMovement"],"picked":"TheCursedMod:SpitefulPlan","floor":4},{"not_picked":["TheCursedMod:FleshFromBone","TheCursedMod:Mangle"],"picked":"TheCursedMod:Neurasthenia","floor":4},{"not_picked":["TheCursedMod:ManaBullet","TheCursedMod:CursedMace"],"picked":"TheCursedMod:CircleOfAmplification","floor":5},{"not_picked":["TheCursedMod:TacticalStrike","TheCursedMod:SmokeScreen"],"picked":"TheCursedMod:HellfireBreathing","floor":5},{"not_picked":["TheCursedMod:CursedShiv","TheCursedMod:CircleOfFocus"],"picked":"TheCursedMod:SpitefulPray","floor":7},{"not_picked":["TheCursedMod:Stigma","TheCursedMod:WearCloak","TheCursedMod:CursedAmulet"],"picked":"SKIP","floor":7},{"not_picked":["TheCursedMod:CircleOfAmplification","TheCursedMod:TacticalStrike"],"picked":"TheCursedMod:AntiAging","floor":11},{"not_picked":["TheCursedMod:HellsGateOpen","TheCursedMod:Hemoplague"],"picked":"TheCursedMod:RapidMovement","floor":11},{"not_picked":["TheCursedMod:CursedAmulet","TheCursedMod:WearCloak"],"picked":"TheCursedMod:CircleOfBlood","floor":14},{"not_picked":["TheCursedMod:RapidMovement","TheCursedMod:StingEye"],"picked":"TheCursedMod:SmokeScreen","floor":14}],"player_experience":4399157,"relics_obtained":[{"floor":9,"key":"Potion Belt"}],"event_choices":[{"damage_healed":17,"gold_gain":0,"player_choice":"Healed and dodged fight","damage_taken":0,"max_hp_gain":0,"max_hp_loss":0,"event_name":"Mushrooms","floor":10,"gold_loss":0,"cards_obtained":["Parasite"]},{"cards_removed":["Normality"],"damage_healed":0,"gold_gain":0,"player_choice":"Card Removal","damage_taken":0,"max_hp_gain":0,"max_hp_loss":0,"event_name":"The Cleric","floor":12,"gold_loss":75}],"is_beta":false,"boss_relics":[],"items_purged_floors":[],"is_endless":false,"potions_floor_spawned":[3,4,5,8,14],"killed_by":"Slime Boss","ascension_level":20}}