{"host":"7o30bgpqouqblh42","time":1608851905,"event":{"mods":["AchievementEnabler","Aspiration","BaseMod","Colored Map","Downfall","Highlight Path","Minty Spire (QoL Compilation)","StSLib","SuperFastMode"],"gold_per_floor":[99,114,114,130,230,257,257,432,432,239,273,198,210,240,255,255,255,255],"floor_reached":16,"playtime":894,"items_purged":["Doubt"],"score":124,"play_id":"cb933436-b80b-48ac-9503-d4ffc8f27bfc","local_time":"20201224181825","is_ascension_mode":true,"campfire_choices":[{"data":"Slimebound:Split","floor":1,"key":"SMITH"},{"floor":9,"key":"RECALL"},{"floor":12,"key":"REST"}],"circlet_count":0,"master_deck":["Slimebound:Strike_Slimebound","Slimebound:Strike_Slimebound","Slimebound:Defend_Slimebound","Slimebound:Defend_Slimebound","Slimebound:Defend_Slimebound","Slimebound:Split+1","Slimebound:CorrosiveSpit","Slimebound:HauntingLick","Slimebound:Overexert","Slimebound:LeadByExample","Slimebound:GrowthPunch","Slimebound:Prepare","Slimebound:Darklings","Slimebound:ForwardTackle","Slimebound:SplitSpecialist","Slimebound:LevelUp","Slimebound:DisruptingSlam"],"relics":["Slimebound:AbsorbEndCombat","Oddly Smooth Stone","Mercury Hourglass","Kunai","downfall:HeartBlessingRed","Darkstone Periapt"],"acts_visited":["Exordium"],"potions_floor_usage":[6,15,15],"damage_taken":[{"damage":8,"enemies":"Cultist","floor":2,"turns":3},{"damage":11,"enemies":"Jaw Worm","floor":4,"turns":3},{"damage":35,"enemies":"Gremlin Nob","floor":6,"turns":4},{"damage":12,"enemies":"downfall:FleeingMerchant","floor":10,"turns":4},{"damage":30,"enemies":"3 Sentries","floor":11,"turns":5},{"damage":5,"enemies":"2 Louse","floor":13,"turns":2},{"damage":8,"enemies":"Large Slime","floor":15,"turns":3},{"damage":35,"enemies":"downfall:Ironclad","floor":16,"turns":2}],"seed_played":"4145478778809209796","potions_obtained":[{"floor":2,"key":"Swift Potion"},{"floor":11,"key":"Block Potion"},{"floor":13,"key":"SkillPotion"}],"is_trial":false,"path_per_floor":["R","M","?","M","?","E","T","?","R","$","E","R","M","?","M","B"],"character_chosen":"SLIMEBOUND","items_purchased":["Slimebound:SplitSpecialist","Slimebound:LevelUp"],"campfire_rested":1,"item_purchase_floors":[10,10],"current_hp_per_floor":[54,54,54,54,54,29,29,29,29,31,15,31,28,28,30,0,0,0],"gold":255,"neow_bonus":"TRANSFORM_TWO_CARDS","is_daily":false,"chose_seed":false,"campfire_upgraded":1,"win_rate":0.0,"timestamp":1608851905,"path_taken":["R","M","?","?","?","E","T","?","R","$","E","R","M","?","M","BOSS"],"items_purchased_type":["Card","Card"],"build_version":"2020-12-22","purchased_purges":1,"victory":false,"max_hp_per_floor":[54,54,54,54,54,54,54,54,54,54,54,54,54,54,54,54,54,54],"card_choices":[{"not_picked":["Slimebound:Chomp","Slimebound:SplitMire"],"picked":"Slimebound:LeadByExample","floor":2},{"not_picked":["Slimebound:RollThrough","Slimebound:ComboTackle"],"picked":"Slimebound:Prepare","floor":4},{"not_picked":["Slimebound:ForwardTackle","Slimebound:SlimeTap"],"picked":"Slimebound:Darklings","floor":6},{"not_picked":["Slimebound:SplitAcid","Slimebound:MegaLick"],"picked":"Slimebound:ForwardTackle","floor":10},{"not_picked":["Slimebound:TongueLash","Slimebound:LeechEnergy"],"picked":"Slimebound:DisruptingSlam","floor":11},{"not_picked":["Slimebound:PressTheAttack","Slimebound:AcidTongue","Slimebound:ServeAndProtect"],"picked":"SKIP","floor":13},{"not_picked":["Slimebound:GrowthPunch","Slimebound:SplitAcid","Slimebound:LeechEnergy"],"picked":"SKIP","floor":15}],"player_experience":138441,"relics_obtained":[{"floor":6,"key":"Oddly Smooth Stone"},{"floor":7,"key":"Mercury Hourglass"},{"floor":11,"key":"Kunai"}],"event_choices":[{"damage_healed":0,"gold_gain":0,"cards_transformed":["Slimebound:Strike_Slimebound"],"player_choice":"Transformed","damage_taken":0,"max_hp_gain":0,"max_hp_loss":0,"event_name":"Transmorgrifier","floor":3,"gold_loss":0,"cards_obtained":["Slimebound:GrowthPunch"]}],"is_beta":false,"boss_relics":[],"items_purged_floors":[10],"is_endless":false,"potions_floor_spawned":[2,11,13],"killed_by":"downfall:Ironclad","ascension_level":3}}