{"host":"5fasz840ryq7obdf","time":1608818051,"event":{"mods":["AchievementEnabler","BaseMod","Bestiary","Better Altar","Better Skull","Better Third Choice","BetterRewards","Block Reminder","Colored Powertips","Curses Come First","Minty Spire (QoL Compilation)","Quick Restart","Relic Stats","Shop Mod","Spicy Shops","StSLib"],"gold_per_floor":[121,144,33,60,78,115,37,79,79,103,136,162,162,188,188,274,274,302,302,29,48,48,87,87,98,98,98,98,118,42,81,81,167,167,188,188,26,60,84,84,84,84],"floor_reached":41,"playtime":2258,"items_purged":[],"score":923,"play_id":"e48317e3-7daf-41f0-afa6-d91240b517d2","local_time":"20201224135411","is_ascension_mode":true,"campfire_choices":[{"data":"Infinite Blades","floor":13,"key":"SMITH"},{"data":"Accuracy","floor":15,"key":"SMITH"},{"data":"After Image","floor":24,"key":"SMITH"},{"data":"Panache","floor":28,"key":"SMITH"},{"data":"Well Laid Plans","floor":32,"key":"SMITH"},{"data":"Tactician","floor":40,"key":"SMITH"}],"circlet_count":0,"master_deck":["AscendersBane","Strike_G","Strike_G","Strike_G","Strike_G","Strike_G","Defend_G","Defend_G","Defend_G","Defend_G","Survivor","Neutralize","Accuracy+1","Cloak And Dagger","Blade Dance","Calculated Gamble","Backflip","Footwork","Blade Dance","A Thousand Cuts+1","Neutralize+1","Outmaneuver","Infinite Blades+1","Calculated Gamble","Prepared","Unload+1","Cloak And Dagger","After Image+1","Deflect","Panache+1","Calculated Gamble","PiercingWail","Well Laid Plans+1","Blur","Tactician+1","Storm of Steel","Flechettes+1","Blur+1","Prepared"],"relics":["Ring of the Snake","CeramicFish","Meat on the Bone","Molten Egg 2","Turnip","Blue Candle","Bottled Tornado","Shuriken","HoveringKite","Eternal Feather","Omamori","CaptainsWheel","Snake Skull","Frozen Egg 2","Black Star","Nunchaku","Prayer Wheel"],"acts_visited":["Exordium","TheCity","TheBeyond"],"potions_floor_usage":[8,23,31,38],"damage_taken":[{"damage":0.0,"enemies":"Cultist","floor":1.0,"turns":4.0},{"damage":0.0,"enemies":"Jaw Worm","floor":2.0,"turns":1.0},{"damage":6.0,"enemies":"2 Louse","floor":4.0,"turns":3.0},{"damage":6,"enemies":"Lagavulin","floor":6,"turns":6},{"damage":29,"enemies":"Gremlin Nob","floor":8,"turns":4},{"damage":6,"enemies":"Exordium Thugs","floor":10,"turns":3},{"damage":22,"enemies":"Lagavulin","floor":11,"turns":7},{"damage":3,"enemies":"Blue Slaver","floor":12,"turns":3},{"damage":0,"enemies":"2 Fungi Beasts","floor":14,"turns":2},{"damage":2,"enemies":"The Guardian","floor":16,"turns":8},{"damage":15,"enemies":"Shell Parasite","floor":18,"turns":3},{"damage":3,"enemies":"Chosen","floor":21,"turns":3},{"damage":24,"enemies":"Slavers","floor":23,"turns":3},{"damage":21,"enemies":"Snake Plant","floor":25,"turns":4},{"damage":16,"enemies":"Chosen and Byrds","floor":29,"turns":5},{"damage":32,"enemies":"Gremlin Leader","floor":31,"turns":4},{"damage":27,"enemies":"Collector","floor":33,"turns":7},{"damage":9,"enemies":"Orb Walker","floor":35,"turns":3},{"damage":7,"enemies":"Mind Bloom Boss Battle","floor":38,"turns":4},{"damage":38,"enemies":"3 Shapes","floor":39,"turns":4},{"damage":37,"enemies":"Reptomancer","floor":41,"turns":3}],"seed_played":"3745726363788835883","potions_obtained":[{"floor":2.0,"key":"SpeedPotion"},{"floor":6,"key":"Energy Potion"},{"floor":11,"key":"ColorlessPotion"},{"floor":14,"key":"Energy Potion"},{"floor":21,"key":"BlessingOfTheForge"},{"floor":31,"key":"Swift Potion"},{"floor":33,"key":"LiquidMemories"},{"floor":35,"key":"SpeedPotion"},{"floor":38,"key":"Energy Potion"}],"is_trial":false,"path_per_floor":["M","M","$","M","?","E","$","E","T","M","E","M","R","M","R","B",null,"M","?","$","M","$","E","R","M","T","?","R","M","$","E","R","B",null,"M","?","$","?","M","R","E"],"character_chosen":"THE_SILENT","items_purchased":["CeramicFish","Meat on the Bone","Accuracy","Molten Egg 2","Cloak And Dagger","Backflip","Footwork","Infinite Blades","Panache","Omamori","Blur","Nunchaku"],"campfire_rested":0,"item_purchase_floors":[0,0,0,0,0,3,3,7,20,20,30,37],"current_hp_per_floor":[40,40,40,34,34,40,40,23,23,29,19,28,28,40,40,38,59,44,44,44,41,41,29,47,38,38,38,56,40,40,20,41,26,56,47,47,47,40,14,35,0,0],"gold":84,"neow_bonus":"","is_daily":false,"chose_seed":false,"campfire_upgraded":6,"win_rate":0.0,"timestamp":1608818051,"path_taken":["M","?","$","M","?","E","$","E","T","?","E","M","R","M","R","BOSS","M","?","$","?","$","E","R","M","T","?","R","M","?","E","R","BOSS","M","?","$","?","M","R","E"],"items_purchased_type":["Relic","Relic","Card","Relic","Card","Card","Card","Card","Card","Relic","Card","Relic"],"build_version":"2020-12-22","purchased_purges":0,"victory":false,"max_hp_per_floor":[66,66,66,66,66,66,66,66,66,66,66,66,66,66,66,66,66,66,66,66,66,66,66,66,66,66,66,66,66,66,66,66,66,66,66,66,66,66,66,66,66,66],"relic_stats":{"counters":[192,625],"CeramicFish":243,"Blue Candle":[4],"HoveringKite":[20],"Eternal Feather":78,"Snake Skull":[0],"Nunchaku":[2],"Shuriken":[31],"Prayer Wheel":1,"Turnip":[9],"Black Star":0,"obtain_stats":[{"TwistedFunnel":0,"Whetstone":22,"Bottled Tornado":40,"Boot":11,"Sling":19,"Blood Vial":0,"MealTicket":10,"HandDrill":12,"Kunai":0,"Pear":26,"Blue Candle":8,"Tingsha":41,"Eternal Feather":19,"Pen Nib":12,"Paper Crane":34,"Akabeko":40,"Bird Faced Urn":13,"Pandora\u0027s Box":17,"CultistMask":3,"StrikeDummy":12,"Unceasing Top":37,"Lantern":0,"Regal Pillow":7,"Torii":43,"Singing Bowl":0,"Bag of Preparation":19,"Ancient Tea Set":19,"Smiling Mask":34,"Matryoshka":27,"Shovel":34,"WristBlade":34,"Ninja Scroll":40,"InkBottle":0,"Ring of the Snake":0,"Potion Belt":31,"Lee\u0027s Waffle":0,"The Specimen":46,"Golden Idol":3,"The Courier":45,"PreservedInsect":0,"Omamori":23,"Frozen Egg 2":43,"MawBank":30,"Ornamental Fan":0,"betterThird:SlimedRelic":2,"Orrery":5,"Turnip":44,"Art of War":46,"Bottled Lightning":24,"Toy Ornithopter":8,"Ice Cream":37,"Calipers":48,"Gremlin Horn":0,"CeramicFish":0,"HoveringKite":34,"Vajra":42,"Sozu":17,"Centennial Puzzle":6,"Lizard Tail":19,"HornCleat":44,"DollysMirror":0,"Strawberry":9,"Philosopher\u0027s Stone":17,"Prayer Wheel":23,"Toxic Egg 2":0,"Girya":0,"Happy Flower":40,"Dead Branch":39,"Oddly Smooth Stone":48,"Letter Opener":26,"War Paint":5,"Question Card":29,"Du-Vu Doll":30,"OrangePellets":54,"Bottled Flame":28,"Shuriken":40,"Bronze Scales":0,"Molten Egg 2":0,"Black Star":34,"Meat on the Bone":39,"Snake Skull":44,"Incense Burner":42,"Juzu Bracelet":42,"Empty Cage":17,"PrismaticShard":41,"ClockworkSouvenir":0,"Frozen Eye":0,"Nunchaku":0,"Dream Catcher":47,"Mummified Hand":20,"Gambling Chip":0,"Pantograph":11,"Tiny Chest":23,"Red Mask":46,"Orichalcum":0,"Medical Kit":45,"White Beast Statue":6,"Mercury Hourglass":26,"Calling Bell":34,"Peace Pipe":0,"Strange Spoon":47,"Anchor":5,"CaptainsWheel":23,"Bag of Marbles":46,"Membership Card":0,"TungstenRod":13,"FossilizedHelix":55},{"TwistedFunnel":0,"Whetstone":96,"Bottled Tornado":106,"Boot":6,"Sling":36,"Blood Vial":27,"MealTicket":61,"HandDrill":6,"Kunai":0,"Pear":15,"Blue Candle":176,"Tingsha":107,"Eternal Feather":182,"Pen Nib":6,"Paper Crane":102,"Akabeko":135,"Bird Faced Urn":149,"Pandora\u0027s Box":122,"CultistMask":143,"StrikeDummy":33,"Unceasing Top":76,"Lantern":56,"Regal Pillow":88,"Torii":50,"Singing Bowl":114,"Bag of Preparation":36,"Ancient Tea Set":95,"Smiling Mask":102,"Matryoshka":40,"Shovel":102,"WristBlade":44,"Ninja Scroll":48,"InkBottle":84,"Ring of the Snake":0,"Potion Belt":130,"Lee\u0027s Waffle":84,"The Specimen":24,"Golden Idol":170,"The Courier":23,"PreservedInsect":56,"Omamori":69,"Frozen Egg 2":50,"MawBank":17,"Ornamental Fan":27,"betterThird:SlimedRelic":57,"Orrery":29,"Turnip":108,"Art of War":81,"Bottled Lightning":39,"Toy Ornithopter":31,"Ice Cream":20,"Calipers":110,"Gremlin Horn":169,"CeramicFish":27,"HoveringKite":18,"Vajra":22,"Sozu":35,"Centennial Puzzle":4,"Lizard Tail":36,"HornCleat":137,"DollysMirror":56,"Strawberry":5,"Philosopher\u0027s Stone":9,"Prayer Wheel":125,"Toxic Egg 2":142,"Girya":27,"Happy Flower":21,"Dead Branch":105,"Oddly Smooth Stone":110,"Letter Opener":99,"War Paint":29,"Question Card":72,"Du-Vu Doll":42,"OrangePellets":54,"Bottled Flame":16,"Shuriken":21,"Bronze Scales":84,"Molten Egg 2":171,"Black Star":131,"Meat on the Bone":21,"Snake Skull":108,"Incense Burner":50,"Juzu Bracelet":108,"Empty Cage":65,"PrismaticShard":160,"ClockworkSouvenir":114,"Frozen Eye":114,"Nunchaku":0,"Dream Catcher":110,"Mummified Hand":67,"Gambling Chip":56,"Pantograph":90,"Tiny Chest":14,"Red Mask":137,"Orichalcum":0,"Medical Kit":50,"White Beast Statue":60,"Mercury Hourglass":70,"Calling Bell":102,"Peace Pipe":114,"Strange Spoon":81,"Anchor":3,"CaptainsWheel":184,"Bag of Marbles":51,"Membership Card":0,"TungstenRod":7,"FossilizedHelix":55},{"TwistedFunnel":0,"Whetstone":305,"Bottled Tornado":326,"Boot":22,"Sling":131,"Blood Vial":100,"MealTicket":228,"HandDrill":22,"Kunai":0,"Pear":60,"Blue Candle":559,"Tingsha":328,"Eternal Feather":585,"Pen Nib":22,"Paper Crane":317,"Akabeko":419,"Bird Faced Urn":472,"Pandora\u0027s Box":378,"CultistMask":454,"StrikeDummy":119,"Unceasing Top":259,"Lantern":220,"Regal Pillow":279,"Torii":184,"Singing Bowl":350,"Bag of Preparation":131,"Ancient Tea Set":302,"Smiling Mask":317,"Matryoshka":145,"Shovel":317,"WristBlade":159,"Ninja Scroll":177,"InkBottle":272,"Ring of the Snake":0,"Potion Belt":401,"Lee\u0027s Waffle":272,"The Specimen":89,"Golden Idol":540,"The Courier":87,"PreservedInsect":220,"Omamori":245,"Frozen Egg 2":184,"MawBank":67,"Ornamental Fan":100,"betterThird:SlimedRelic":221,"Orrery":105,"Turnip":330,"Art of War":265,"Bottled Lightning":141,"Toy Ornithopter":112,"Ice Cream":77,"Calipers":334,"Gremlin Horn":539,"CeramicFish":100,"HoveringKite":72,"Vajra":83,"Sozu":127,"Centennial Puzzle":13,"Lizard Tail":131,"HornCleat":425,"DollysMirror":220,"Strawberry":16,"Philosopher\u0027s Stone":35,"Prayer Wheel":386,"Toxic Egg 2":450,"Girya":100,"Happy Flower":79,"Dead Branch":323,"Oddly Smooth Stone":334,"Letter Opener":311,"War Paint":105,"Question Card":250,"Du-Vu Doll":151,"OrangePellets":207,"Bottled Flame":64,"Shuriken":79,"Bronze Scales":272,"Molten Egg 2":541,"Black Star":405,"Meat on the Bone":79,"Snake Skull":330,"Incense Burner":184,"Juzu Bracelet":330,"Empty Cage":238,"PrismaticShard":512,"ClockworkSouvenir":350,"Frozen Eye":350,"Nunchaku":0,"Dream Catcher":334,"Mummified Hand":241,"Gambling Chip":220,"Pantograph":286,"Tiny Chest":54,"Red Mask":425,"Orichalcum":0,"Medical Kit":184,"White Beast Statue":226,"Mercury Hourglass":248,"Calling Bell":317,"Peace Pipe":350,"Strange Spoon":265,"Anchor":9,"CaptainsWheel":591,"Bag of Marbles":187,"Membership Card":0,"TungstenRod":25,"FossilizedHelix":211}],"Ring of the Snake":[384],"Meat on the Bone":144},"card_choices":[{"not_picked":["Outmaneuver","Dodge and Roll"],"picked":"Blade Dance","floor":1.0},{"not_picked":["Dodge and Roll","PiercingWail"],"picked":"Calculated Gamble","floor":2.0},{"not_picked":["Dagger Spray+1","PiercingWail"],"picked":"Blade Dance","floor":4.0},{"not_picked":["Bane+1","Predator+1"],"picked":"Outmaneuver","floor":6},{"not_picked":["PiercingWail","Expertise"],"picked":"Calculated Gamble","floor":8},{"not_picked":["Dagger Spray+1","PiercingWail"],"picked":"Prepared","floor":10},{"not_picked":["Dagger Throw+1","Expertise","All Out Attack+1"],"picked":"SKIP","floor":11},{"not_picked":["Dodge and Roll","Outmaneuver"],"picked":"Unload+1","floor":12},{"not_picked":["Footwork","Choke+1"],"picked":"Cloak And Dagger","floor":14},{"not_picked":["Unload+1","Night Terror"],"picked":"After Image","floor":16},{"not_picked":["Flying Knee+1","Quick Slash+1"],"picked":"Deflect","floor":18},{"not_picked":["Noxious Fumes","Skewer+1"],"picked":"Calculated Gamble","floor":21},{"not_picked":["Dagger Spray+1","Masterful Stab+1"],"picked":"PiercingWail","floor":23},{"not_picked":["Heel Hook+1","Expertise","Quick Slash+1"],"picked":"SKIP","floor":25},{"not_picked":["Dagger Spray+1","Cloak And Dagger"],"picked":"Well Laid Plans","floor":29},{"not_picked":["Reflex","Flying Knee+1"],"picked":"Tactician","floor":31},{"not_picked":["Bullet Time","A Thousand Cuts+1"],"picked":"Storm of Steel","floor":33},{"not_picked":["Catalyst","Underhanded Strike+1"],"picked":"Flechettes+1","floor":35},{"not_picked":["Bane+1","Masterful Stab+1"],"picked":"Blur+1","floor":38},{"not_picked":["Bouncing Flask","Choke+1"],"picked":"Prepared","floor":39},{"not_picked":["Bane+1","Blur+1","Die Die Die+1"],"picked":"SKIP","floor":39}],"player_experience":1040323,"relics_obtained":[{"floor":6,"key":"Turnip"},{"floor":8,"key":"Blue Candle"},{"floor":9,"key":"Bottled Tornado"},{"floor":11,"key":"Shuriken"},{"floor":23,"key":"CaptainsWheel"},{"floor":26,"key":"Snake Skull"},{"floor":31,"key":"Frozen Egg 2"},{"floor":38,"key":"Prayer Wheel"}],"event_choices":[{"damage_healed":0,"gold_gain":0,"player_choice":"2 cards matched","damage_taken":0,"max_hp_gain":0,"max_hp_loss":0,"event_name":"Match and Keep!","floor":5,"gold_loss":0,"cards_obtained":["A Thousand Cuts","Neutralize"]},{"damage_healed":0,"gold_gain":0,"player_choice":"Gave Potion","damage_taken":0,"relics_obtained":["Eternal Feather"],"max_hp_gain":0,"max_hp_loss":0,"event_name":"WeMeetAgain","floor":19,"gold_loss":0},{"damage_healed":0,"gold_gain":0,"player_choice":"Upgraded","damage_taken":0,"max_hp_gain":0,"max_hp_loss":0,"event_name":"Upgrade Shrine","floor":27,"gold_loss":0,"cards_upgraded":["A Thousand Cuts"]},{"cards_removed":["Defend_G"],"damage_healed":0,"gold_gain":0,"player_choice":"Removed Skill","damage_taken":0,"max_hp_gain":0,"max_hp_loss":0,"event_name":"Falling","floor":36,"gold_loss":0},{"damage_healed":0,"gold_gain":0,"player_choice":"Fight","damage_taken":0,"max_hp_gain":0,"max_hp_loss":0,"event_name":"MindBloom","floor":38,"gold_loss":0}],"is_beta":false,"boss_relics":[{"not_picked":["SacredBark","Runic Pyramid"],"picked":"HoveringKite"},{"not_picked":["Snecko Eye","Sozu"],"picked":"Black Star"}],"items_purged_floors":[],"is_endless":false,"potions_floor_spawned":[2,6,11,14,18,21,31,33,35,38],"killed_by":"Reptomancer","ascension_level":20}}