{"host":"Jackie","time":1608775515,"event":{"mods":["BaseMod","Highlight Path","Minty Spire (QoL Compilation)","Relic Stats","Slay the Relics Exporter","StSLib","Twitch Decklist"],"gold_per_floor":[118,130,149,60,60,86,86,117,192,192,206,206,206,229,229,327,327,340,13,37,50,50,50],"floor_reached":22,"playtime":1021,"items_purged":["Strike_B"],"score":492,"play_id":"9703fda2-dd95-40d3-8271-9015d8362936","local_time":"20201223180515","is_ascension_mode":true,"campfire_choices":[{"floor":7,"key":"REST"},{"data":"Defragment","floor":10,"key":"SMITH"},{"data":"Consume","floor":13,"key":"SMITH"},{"floor":15,"key":"REST"}],"circlet_count":0,"master_deck":["AscendersBane","Strike_B","Strike_B","Strike_B","Defend_B","Defend_B","Defend_B","Defend_B","Zap","Dualcast","Streamline+1","Ball Lightning","Doom and Gloom","Defragment+1","Ball Lightning","Consume+1","Hologram","Fission","Self Repair","Loop","Sunder"],"relics":["Cracked Core","Ice Cream","Pen Nib","Shuriken","Golden Idol","Snecko Eye","Runic Capacitor"],"acts_visited":["Exordium","TheCity"],"potions_floor_usage":[16,18,20,22],"damage_taken":[{"damage":7,"enemies":"Jaw Worm","floor":1,"turns":4},{"damage":0,"enemies":"Small Slimes","floor":2,"turns":2},{"damage":6,"enemies":"Cultist","floor":3,"turns":3},{"damage":30,"enemies":"Lagavulin","floor":6,"turns":4},{"damage":8,"enemies":"Gremlin Nob","floor":8,"turns":3},{"damage":6,"enemies":"2 Fungi Beasts","floor":11,"turns":3},{"damage":11,"enemies":"Blue Slaver","floor":14,"turns":3},{"damage":0,"enemies":"Slime Boss","floor":16,"turns":5},{"damage":22,"enemies":"2 Thieves","floor":18,"turns":2},{"damage":35,"enemies":"3 Byrds","floor":20,"turns":4},{"damage":6,"enemies":"Cultist and Chosen","floor":21,"turns":3},{"damage":10,"enemies":"Snecko","floor":22,"turns":2}],"seed_played":"5674803841610920880","potions_obtained":[{"floor":3,"key":"SpeedPotion"},{"floor":8,"key":"BlessingOfTheForge"},{"floor":11,"key":"Strength Potion"},{"floor":16,"key":"Swift Potion"},{"floor":20,"key":"LiquidMemories"}],"is_trial":false,"path_per_floor":["M","M","M","$","?","E","R","E","T","R","M","?","R","M","R","B",null,"M","$","M","M","M"],"character_chosen":"DEFECT","items_purchased":["Defragment","Runic Capacitor","Loop"],"campfire_rested":2,"item_purchase_floors":[4,19,19],"current_hp_per_floor":[64,64,58,58,58,28,51,43,43,43,37,37,37,26,47,47,65,43,43,15,9,0,0],"gold":50,"neow_bonus":"TEN_PERCENT_HP_BONUS","is_daily":false,"chose_seed":false,"campfire_upgraded":2,"win_rate":0.0,"timestamp":1608775515,"path_taken":["M","M","M","$","?","E","R","E","T","R","M","?","R","M","R","BOSS","M","$","M","M","M"],"items_purchased_type":["Card","Relic","Card"],"build_version":"2020-12-18","purchased_purges":1,"victory":false,"max_hp_per_floor":[78,78,78,78,78,78,78,78,78,78,78,71,71,71,71,71,71,71,71,71,71,71,71],"relic_stats":{"counters":[12,38],"Shuriken":[2],"Golden Idol":36,"Snecko Eye":[18,14,27,17],"Pen Nib":[3],"obtain_stats":[{"Ice Cream":6,"Shuriken":9,"Golden Idol":12,"Snecko Eye":17,"Pen Nib":8,"Runic Capacitor":19,"Cracked Core":0},{"Ice Cream":4,"Shuriken":5,"Golden Idol":6,"Snecko Eye":8,"Pen Nib":5,"Runic Capacitor":9,"Cracked Core":0},{"Ice Cream":13,"Shuriken":16,"Golden Idol":19,"Snecko Eye":27,"Pen Nib":16,"Runic Capacitor":29,"Cracked Core":0}]},"card_choices":[{"not_picked":["Leap","Heatsinks"],"picked":"Streamline","floor":1},{"not_picked":["Go for the Eyes","Conserve Battery"],"picked":"Ball Lightning","floor":2},{"not_picked":["Conserve Battery","Stack"],"picked":"Doom and Gloom","floor":3},{"not_picked":["Rip and Tear","Beam Cell"],"picked":"Ball Lightning","floor":6},{"not_picked":["Storm","Gash"],"picked":"Consume","floor":8},{"not_picked":["Stack","Gash","Scrape"],"picked":"SKIP","floor":11},{"not_picked":["Redo","Streamline"],"picked":"Hologram","floor":14},{"not_picked":["Hyperbeam","Rainbow"],"picked":"Fission","floor":16},{"not_picked":["Go for the Eyes+1","Steam Power"],"picked":"Self Repair","floor":18},{"not_picked":["Hologram","Tempest"],"picked":"Sunder","floor":20},{"not_picked":["Ball Lightning+1","Gash","Hyperbeam"],"picked":"SKIP","floor":21}],"player_experience":2130019,"relics_obtained":[{"floor":6,"key":"Ice Cream"},{"floor":8,"key":"Pen Nib"},{"floor":9,"key":"Shuriken"}],"event_choices":[{"damage_healed":0,"gold_gain":0,"player_choice":"Grow","damage_taken":0,"max_hp_gain":0,"max_hp_loss":0,"event_name":"Living Wall","floor":5,"gold_loss":0,"cards_upgraded":["Streamline"]},{"damage_healed":0,"gold_gain":0,"player_choice":"Lose Max HP","damage_taken":0,"relics_obtained":["Golden Idol"],"max_hp_gain":0,"max_hp_loss":7,"event_name":"Golden Idol","floor":12,"gold_loss":0}],"is_beta":true,"boss_relics":[{"not_picked":["Sozu","Runic Pyramid"],"picked":"Snecko Eye"}],"items_purged_floors":[19],"is_endless":false,"potions_floor_spawned":[3,8,11,14,16,20],"killed_by":"Snecko","ascension_level":20}}