{"host":"tpbmol9dayg75a5s","time":1608832453,"event":{"mods":["2.2 Compatiblity","BaseMod","Bestiary","Block Reminder","Colored Powertips","Downfall","Minty Spire (QoL Compilation)","Relic Stats","StSLib"],"gold_per_floor":[99,111,131,306,306,321,375,390,21,21,49,62,62,74,89,193,193,43,53,68,82,94,94,94,111,128,128,160,260,260,24,41,140,140,140,150,225,236,236,236,313,339,264,292,302,332,332,19,34,34,34,62,22,22,22],"floor_reached":56,"playtime":3892,"items_purged":["Doubt","Slimebound:Strike_Slimebound"],"score":1533,"play_id":"a97ba515-f7b6-4b04-8582-bd5b2efb4ce8","local_time":"20201224145413","is_ascension_mode":true,"campfire_choices":[{"floor":1.0,"key":"RECALL"},{"data":"Mayhem","floor":10.0,"key":"SMITH"},{"floor":13.0,"key":"REST"},{"data":"Slimebound:FormOfPuddle","floor":18.0,"key":"SMITH"},{"data":"Slimebound:Split","floor":23.0,"key":"SMITH"},{"data":"Slimebound:Replication","floor":27.0,"key":"SMITH"},{"data":"Slimebound:SlimeBarrage","floor":30.0,"key":"SMITH"},{"data":"Apotheosis","floor":35.0,"key":"SMITH"},{"data":"Slimebound:SelfFormingGoo","floor":40.0,"key":"SMITH"},{"data":"Slimebound:LevelUp","floor":43.0,"key":"SMITH"},{"floor":54.0,"key":"REST"}],"circlet_count":0,"master_deck":["Slimebound:Strike_Slimebound","Slimebound:Strike_Slimebound","Slimebound:Defend_Slimebound","Slimebound:Defend_Slimebound","Slimebound:Defend_Slimebound","Slimebound:Split+1","Slimebound:CorrosiveSpit+1","Slimebound:SplitMire","Slimebound:FormOfPuddle+1","Slimebound:LevelUp","Slimebound:SplitBruiser","Slimebound:DisruptingSlam","Slimebound:Gluttony","Mayhem+1","Slimebound:SlimeBarrage+1","Slimebound:RejuvenatingLick+1","Slimebound:LevelUp+1","Slimebound:LivingWall+1","Slimebound:SplitLeeching","Slimebound:OneTwoCombo","Slimebound:MegaLick+1","Slimebound:SplitMire","Slimebound:GoopSpray","Slimebound:Replication+1","Slimebound:MegaLick+1","Slimebound:SplitLeeching","Slimebound:Prepare","Slimebound:SlimeSpikes","Apotheosis+1","Slimebound:SplitMire","Slimebound:Darklings","Slimebound:RainOfGoop","Slimebound:SelfFormingGoo+1","Slimebound:MegaLick","Slimebound:SplitSpecialist","Slimebound:SplitLeeching+1","Slimebound:SplitBruiser+1","Slimebound:FormOfPuddle","Slimebound:HauntingLick"],"relics":["Slimebound:AbsorbEndCombatUpgraded","Centennial Puzzle","Ancient Tea Set","Kunai","downfall:HeartBlessingRed","downfall:HeartBlessingGreen","War Paint","Nunchaku","Slimebound:SlimedSkullRelic","Eternal Feather","sneckomod:SneckoTalon","Frozen Eye","Orichalcum","downfall:HeartBlessingBlue","Bottled Lightning","Gremlin Horn","Slimebound:PotencyRelic","Art of War"],"acts_visited":["Exordium","TheCity","TheBeyond","TheEnding"],"potions_floor_usage":[],"damage_taken":[{"damage":5.0,"enemies":"Small Slimes","floor":2.0,"turns":4.0},{"damage":11.0,"enemies":"Jaw Worm","floor":3.0,"turns":3.0},{"damage":12.0,"enemies":"Cultist","floor":6.0,"turns":3.0},{"damage":26.0,"enemies":"Red Slaver","floor":8.0,"turns":4.0},{"damage":20.0,"enemies":"downfall:FleeingMerchant","floor":9.0,"turns":4.0},{"damage":20.0,"enemies":"Lagavulin","floor":11.0,"turns":4.0},{"damage":43.0,"enemies":"Gremlin Gang","floor":12.0,"turns":4.0},{"damage":13.0,"enemies":"2 Fungi Beasts","floor":14.0,"turns":3.0},{"damage":22.0,"enemies":"Large Slime","floor":15.0,"turns":5.0},{"damage":54.0,"enemies":"downfall:Silent","floor":16.0,"turns":8.0},{"damage":12.0,"enemies":"Spheric Guardian","floor":19.0,"turns":2.0},{"damage":19.0,"enemies":"Snake Plant","floor":20.0,"turns":3.0},{"damage":23.0,"enemies":"Shelled Parasite and Fungi","floor":21.0,"turns":4.0},{"damage":31.0,"enemies":"Sentry and Sphere","floor":22.0,"turns":4.0},{"damage":24.0,"enemies":"Cultist and Chosen","floor":25.0,"turns":3.0},{"damage":27.0,"enemies":"Centurion and Healer","floor":26.0,"turns":7.0},{"damage":40.0,"enemies":"Gremlin Leader","floor":28.0,"turns":5.0},{"damage":28.0,"enemies":"downfall:Watcher","floor":29.0,"turns":4.0},{"damage":28.0,"enemies":"downfall:FleeingMerchant","floor":31.0,"turns":4.0},{"damage":24.0,"enemies":"Snake Plant","floor":32.0,"turns":2.0},{"damage":57.0,"enemies":"downfall:Ironclad","floor":33.0,"turns":6.0},{"damage":18.0,"enemies":"Orb Walker","floor":36.0,"turns":3.0},{"damage":28.0,"enemies":"downfall:FleeingMerchant","floor":37.0,"turns":3.0},{"damage":29.0,"enemies":"3 Darklings","floor":38.0,"turns":2.0},{"damage":51.0,"enemies":"Giant Head","floor":42.0,"turns":5.0},{"damage":24.0,"enemies":"Reptomancer","floor":44.0,"turns":3.0},{"damage":24.0,"enemies":"Spire Growth","floor":45.0,"turns":3.0},{"damage":34.0,"enemies":"Nemesis","floor":46.0,"turns":3.0},{"damage":40.0,"enemies":"4 Shapes","floor":49.0,"turns":3.0},{"damage":51.0,"enemies":"downfall:Watcher","floor":50.0,"turns":4.0},{"damage":102.0,"enemies":"downfall:CharBossMerchant","floor":52.0,"turns":5.0},{"damage":88,"enemies":"downfall:NeowBoss","floor":55,"turns":18}],"seed_played":"-6447838622690042819","potions_obtained":[{"floor":3.0,"key":"FearPotion"},{"floor":8.0,"key":"Strength Potion"},{"floor":11.0,"key":"LiquidMemories"},{"floor":12.0,"key":"FairyPotion"},{"floor":16.0,"key":"Weak Potion"},{"floor":19.0,"key":"EntropicBrew"},{"floor":20.0,"key":"SteroidPotion"},{"floor":25.0,"key":"LiquidMemories"},{"floor":33.0,"key":"DuplicationPotion"},{"floor":42.0,"key":"champ:CounterPotion"}],"is_trial":false,"path_per_floor":["R","M","M","?","T","M","T","M","$","R","E","M","R","M","M","B",null,"R","M","M","M","M","R","T","M","M","R","E","?","R","$","M","B",null,"R","M","$","M","?","R","T","E","R","E","M","E","?","$","M","B",null,"E","$","R","B",null],"character_chosen":"SLIMEBOUND","items_purchased":["Slimebound:Gluttony","Mayhem","Slimebound:SlimeBarrage","Apotheosis","Slimebound:SplitMire","Frozen Eye","Slimebound:PotencyRelic","Slimebound:HauntingLick"],"campfire_rested":2,"item_purchase_floors":[9,9,9,31,31,37,48,53],"current_hp_per_floor":[60,60,60,60,60,59,59,43,39,39,35,12,30,29,25,20,50,50,60,60,60,49,49,49,56,60,60,60,60,60,60,52,52,58,60,60,60,60,60,60,60,60,70,70,58,64,64,64,56,70,70,29,29,70,70],"gold":22,"neow_bonus":"UPGRADE_CARD","is_daily":false,"chose_seed":false,"campfire_upgraded":8,"win_rate":0.0,"timestamp":1608832453,"path_taken":["R","M","M","?","?","?","T","M","?","R","E","M","R","M","M","BOSS","R","M","M","M","M","R","T","?","M","R","E","?","R","$","M","BOSS","R","M","$","M","?","R","T","E","R","E","M","E","?","$","M","BOSS","E","$","R","BOSS"],"items_purchased_type":["Card","Card","Card","Card","Card","Relic","Relic","Card"],"build_version":"2020-12-22","purchased_purges":2,"victory":true,"max_hp_per_floor":[60,60,60,60,60,60,60,60,60,60,60,60,60,60,60,60,60,60,60,60,60,60,60,60,60,60,60,60,60,60,60,60,60,60,60,60,60,60,60,60,60,60,70,70,70,70,70,70,70,70,70,70,70,70,70],"relic_stats":{"Centennial Puzzle":[90],"Nunchaku":[13],"Gremlin Horn":[6,6],"counters":[32,132],"Eternal Feather":23,"Art of War":[1],"Kunai":[36],"War Paint":["Slimebound:RejuvenatingLick","Slimebound:LivingWall"],"Orichalcum":[54],"obtain_stats":[{"downfall:HeartBlessingRed":18,"Gremlin Horn":46,"downfall:HeartBlessingGreen":18,"Eternal Feather":29,"War Paint":24,"Orichalcum":42,"Ancient Tea Set":7,"sneckomod:SneckoTalon":34,"Slimebound:PotencyRelic":48,"Frozen Eye":37,"Centennial Puzzle":5,"Nunchaku":28,"downfall:HeartBlessingBlue":43,"Slimebound:AbsorbEndCombat":0,"Art of War":52,"Kunai":11,"Bottled Lightning":44,"Slimebound:AbsorbEndCombatUpgraded":17,"Slimebound:SlimedSkullRelic":29},{"downfall:HeartBlessingRed":10,"Gremlin Horn":28,"downfall:HeartBlessingGreen":10,"Eternal Feather":18,"War Paint":14,"Orichalcum":25,"Ancient Tea Set":3,"sneckomod:SneckoTalon":21,"Slimebound:PotencyRelic":28,"Frozen Eye":23,"Centennial Puzzle":2,"Nunchaku":17,"downfall:HeartBlessingBlue":25,"Slimebound:AbsorbEndCombat":0,"Art of War":31,"Kunai":6,"Bottled Lightning":26,"Slimebound:AbsorbEndCombatUpgraded":10,"Slimebound:SlimedSkullRelic":18},{"downfall:HeartBlessingRed":38,"Gremlin Horn":102,"downfall:HeartBlessingGreen":38,"Eternal Feather":69,"War Paint":51,"Orichalcum":94,"Ancient Tea Set":9,"sneckomod:SneckoTalon":81,"Slimebound:PotencyRelic":102,"Frozen Eye":87,"Centennial Puzzle":7,"Nunchaku":65,"downfall:HeartBlessingBlue":94,"Slimebound:AbsorbEndCombat":0,"Art of War":114,"Kunai":20,"Bottled Lightning":97,"Slimebound:AbsorbEndCombatUpgraded":38,"Slimebound:SlimedSkullRelic":69}]},"card_choices":[{"not_picked":["Slimebound:FlameTackle","Slimebound:Dissolve"],"picked":"Slimebound:SplitMire","floor":2.0},{"not_picked":["Slimebound:GrowthPunch","Slimebound:Repurpose"],"picked":"Slimebound:FormOfPuddle","floor":3.0},{"not_picked":["Slimebound:SplitMire","Slimebound:BestDefense"],"picked":"Slimebound:LevelUp","floor":6.0},{"not_picked":["Slimebound:SplitMire","Slimebound:FinishingTackle"],"picked":"Slimebound:SplitBruiser","floor":8.0},{"not_picked":["Slimebound:SlimeBrawl","Slimebound:Teamwork"],"picked":"Slimebound:DisruptingSlam","floor":9.0},{"not_picked":["Slimebound:Schlurp","Slimebound:SplitAcid"],"picked":"Slimebound:RejuvenatingLick","floor":11.0},{"not_picked":["Slimebound:HauntingLick","Slimebound:FinishingTackle"],"picked":"Slimebound:LevelUp","floor":12.0},{"not_picked":["Slimebound:RollThrough","Slimebound:GoopTackle"],"picked":"Slimebound:LivingWall","floor":14.0},{"not_picked":["Slimebound:HungryTackle","Slimebound:DisruptingSlam"],"picked":"Slimebound:SplitLeeching","floor":15.0},{"not_picked":["Slimebound:PrepareCrush","Slimebound:MinionMaster"],"picked":"Slimebound:OneTwoCombo","floor":16.0},{"not_picked":["Slimebound:DivideAndConquer","Slimebound:Gluttony"],"picked":"Slimebound:MegaLick+1","floor":19.0},{"not_picked":["Slimebound:ViciousTackle","Slimebound:LevelUp"],"picked":"Slimebound:SplitMire","floor":20.0},{"not_picked":["Slimebound:LeechingTouch","Slimebound:Schlurp"],"picked":"Slimebound:GoopSpray","floor":21.0},{"not_picked":["Slimebound:DivideAndConquer+1","Slimebound:RollThrough"],"picked":"Slimebound:Replication","floor":22.0},{"not_picked":["Slimebound:ViciousTackle","Slimebound:RollThrough"],"picked":"Slimebound:MegaLick+1","floor":25.0},{"not_picked":["Slimebound:ComboTackle+1","Slimebound:Equalize+1"],"picked":"Slimebound:SplitLeeching","floor":26.0},{"not_picked":["Slimebound:RollThrough+1","Slimebound:GrowthPunch","Slimebound:SlimeBrawl"],"picked":"SKIP","floor":28.0},{"not_picked":["Slimebound:CheckThePlaybook","Slimebound:SlimeBarrage"],"picked":"Slimebound:Prepare","floor":29.0},{"not_picked":["Slimebound:HungryTackle","Slimebound:Chomp"],"picked":"Slimebound:SlimeSpikes","floor":31.0},{"not_picked":["Slimebound:ItLooksTasty+1","Slimebound:RainOfGoop","Slimebound:GoopTackle"],"picked":"SKIP","floor":32.0},{"not_picked":["Slimebound:PrepareCrush","Slimebound:CheckThePlaybook"],"picked":"Slimebound:Darklings","floor":33.0},{"not_picked":["Slimebound:ComboTackle","Slimebound:FinishingTackle+1"],"picked":"Slimebound:RainOfGoop","floor":36.0},{"not_picked":["Slimebound:ServeAndProtect","Slimebound:SlimeSpikes","Slimebound:SplitBruiser+1"],"picked":"SKIP","floor":37.0},{"not_picked":["Slimebound:LeechingTouch+1","Slimebound:FinishingTackle"],"picked":"Slimebound:SelfFormingGoo","floor":38.0},{"not_picked":["Slimebound:BestDefense+1","Slimebound:ItLooksTasty"],"picked":"Slimebound:MegaLick","floor":42.0},{"not_picked":["Slimebound:ServeAndProtect+1","Slimebound:ProtectTheBoss"],"picked":"Slimebound:SplitSpecialist","floor":44.0},{"not_picked":["Slimebound:ComboTackle","Slimebound:PressTheAttack","Slimebound:ViciousTackle+1"],"picked":"SKIP","floor":45.0},{"not_picked":["Slimebound:GrowthPunch+1","Slimebound:WasteNot"],"picked":"Slimebound:SplitLeeching+1","floor":46.0},{"not_picked":["Slimebound:LivingWall","Slimebound:RollThrough+1"],"picked":"Slimebound:SplitBruiser+1","floor":49.0},{"not_picked":["Slimebound:SplitLeeching+1","Slimebound:SplitMire+1"],"picked":"Slimebound:FormOfPuddle","floor":52.0}],"player_experience":970759,"relics_obtained":[{"floor":5.0,"key":"Centennial Puzzle"},{"floor":7.0,"key":"Ancient Tea Set"},{"floor":11.0,"key":"Kunai"},{"floor":24.0,"key":"War Paint"},{"floor":28.0,"key":"Nunchaku"},{"floor":29.0,"key":"Slimebound:SlimedSkullRelic"},{"floor":29.0,"key":"Eternal Feather"},{"floor":42.0,"key":"Orichalcum"},{"floor":44.0,"key":"Bottled Lightning"},{"floor":46.0,"key":"Gremlin Horn"},{"floor":52.0,"key":"Art of War"}],"event_choices":[{"cards_removed":["Slimebound:Defend_Slimebound"],"damage_healed":0.0,"max_hp_gain":0.0,"max_hp_loss":0.0,"gold_gain":0.0,"event_name":"Falling","player_choice":"Removed Skill","floor":39.0,"gold_loss":0.0,"damage_taken":0.0},{"cards_removed":["Slimebound:Tackle"],"damage_healed":0.0,"max_hp_gain":0.0,"max_hp_loss":0.0,"gold_gain":0.0,"event_name":"Bonfire Elementals","player_choice":"Offered Basic","floor":47.0,"gold_loss":0.0,"damage_taken":0.0}],"is_beta":false,"boss_relics":[{"not_picked":["Astrolabe","downfall:Hecktoplasm"],"picked":"Slimebound:AbsorbEndCombatUpgraded"},{"not_picked":["Runic Dome","Runic Pyramid"],"picked":"sneckomod:SneckoTalon"}],"items_purged_floors":[9,37],"is_endless":false,"potions_floor_spawned":[3,8,11,12,16,19,20,25,29,33,38,42,46,49],"ascension_level":5}}