{"host":"ds1yr10zonoc6w4a","time":1608795384,"event":{"mods":["2.2 Compatiblity","AchievementEnabler","Act Like it!","BaseMod","Downfall","Elementarium","Gensokyo","Infinite Spire","Jorbs\u0027s Wanderer Trilogy","Koishi","Menagerie","Minty Spire (QoL Compilation)","Pale of the Ancients","StSLib","The Animator","Wandering Minibosses","[IsaacMod]????"],"gold_per_floor":[99,112,112,395,415,425,448,467,467,484,110,130,150,179,195,291,341,266,284,552,193,211,121,145,70,91,116,290,302,227,255,275,384,384,384,404,404,289,289,16,16,40,89,28,0,0,0],"floor_reached":45,"playtime":20780,"items_purged":["hexamod:Strike","hexamod:Defend"],"score":477,"play_id":"33436cbc-3c32-4d0b-9e3f-d962383d4359","local_time":"20201224003624","is_ascension_mode":false,"campfire_choices":[{"data":"hexamod:Float","floor":1.0,"key":"SMITH"},{"data":"hexamod:SkipABeat","floor":9.0,"key":"SMITH"},{"floor":18.0,"key":"RECALL"},{"data":"hexamod:EtherealExpedition","floor":25.0,"key":"SMITH"},{"data":"hexamod:SkipABeat","floor":30.0,"key":"SMITH"},{"data":"hexamod:FastForward","floor":35.0,"key":"SMITH"}],"circlet_count":0,"master_deck":["hexamod:Strike","hexamod:Strike","hexamod:Strike","hexamod:Defend","hexamod:Defend","hexamod:Defend+1","hexamod:Sear+1","hexamod:Float+1","EpicFetus","Finesse+1","hexamod:SkipABeat+1","hexamod:StepThrough","hexamod:GhostShield","hexamod:ShieldOfDarkness","hexamod:GhostShield+1","hexamod:FastForward+1","hexamod:SoulSteal+1","hexamod:GhostOfSpireFuture","hexamod:TimeWarp","hexamod:BurningTouch","hexamod:EtherealExpedition+1","hexamod:EmpoweredFlame+1","hexamod:TimeOfNeed+1","hexamod:SkipABeat+1","hexamod:SecondSeal","hexamod:FourthSeal","hexamod:EmpoweredFlame+1","hexamod:WildfireWeapon","hexamod:FlamesFromBeyond","hexamod:HexaLevel","hexamod:GhostflameBarrier+1","hexamod:PowerFromBeyond+1","hexamod:ExtraCrispy+1","hexamod:SixthSeal","hexamod:Hexaguard+1","hexamod:GhostLash+1","Gensokyo:Shovel","Gensokyo:BlemishedSteel","Gensokyo:TarnishedGold","Gensokyo:LockedMedkit","hexamod:HauntingEcho+1","hexamod:Hexaguard+1"],"relics":["hexamod:SpiritBrand","HushsDoor","YumHeart","wanderingMiniBosses:LockLocket","Art of War","SteamSale","Ancient Tea Set","Pocketwatch","Turnip","Tiny House","downfall:HeartBlessingGreen","OrangePellets","Strange Spoon","Tiny Chest","downfall:HeartBlessingRed","downfall:HeartBlessingBlue","hexamod:IceCube","hexamod:SoulConsumer","infinitespire:ShieldingShard","MealTicket","War Paint"],"acts_visited":["Gensokyo:Gensokyo","Gensokyo:Gensokyoer","Gensokyo:Gensokyoest"],"potions_floor_usage":[44,45],"damage_taken":[{"damage":0.0,"enemies":"Gensokyo:Python","floor":2.0,"turns":3.0},{"damage":2.0,"enemies":"Gensokyo:Gryphon","floor":4.0,"turns":18.0},{"damage":0.0,"enemies":"Gensokyo:2_Kodama","floor":5.0,"turns":3.0},{"damage":0.0,"enemies":"Gensokyo:Kitsune","floor":6.0,"turns":3.0},{"damage":0.0,"enemies":"Gensokyo:LivingMonolith","floor":8.0,"turns":3.0},{"damage":0.0,"enemies":"Gensokyo:5_Fairies","floor":10.0,"turns":7.0},{"damage":2.0,"enemies":"Gensokyo:3_Kodama","floor":12.0,"turns":7.0},{"damage":2.0,"enemies":"Gensokyo:VengefulSpirit","floor":13.0,"turns":7.0},{"damage":6.0,"enemies":"Gensokyo:Aya","floor":14.0,"turns":3.0},{"damage":4.0,"enemies":"Gensokyo:5_Fairies","floor":15.0,"turns":6.0},{"damage":12.0,"enemies":"downfall:Ironclad","floor":16.0,"turns":9.0},{"damage":3.0,"enemies":"Gensokyo:AngelMirror","floor":19.0,"turns":6.0},{"damage":10.0,"enemies":"Gensokyo:CosmicMonolith","floor":20.0,"turns":5.0},{"damage":21.0,"enemies":"Gensokyo:Slime_Group","floor":22.0,"turns":6.0},{"damage":2.0,"enemies":"downfall:FleeingMerchant","floor":23.0,"turns":4.0},{"damage":34.0,"enemies":"Gensokyo:Wraith","floor":26.0,"turns":5.0},{"damage":22.0,"enemies":"Gensokyo:Monolith_and_Dog","floor":27.0,"turns":7.0},{"damage":5.0,"enemies":"Gensokyo:Mirror_and_Dog","floor":28.0,"turns":6.0},{"damage":6.0,"enemies":"Gensokyo:Swordslinger","floor":29.0,"turns":4.0},{"damage":8.0,"enemies":"Gensokyo:Chomper_and_Gloop","floor":31.0,"turns":7.0},{"damage":15.0,"enemies":"Gensokyo:Wraith","floor":32.0,"turns":5.0},{"damage":40.0,"enemies":"downfall:Watcher","floor":33.0,"turns":10.0},{"damage":16.0,"enemies":"Gensokyo:AncientGuardian","floor":36.0,"turns":6.0},{"damage":0.0,"enemies":"downfall:FleeingMerchant","floor":38.0,"turns":4.0},{"damage":45.0,"enemies":"Gensokyo:3_Boulders","floor":42.0,"turns":6.0},{"damage":21,"enemies":"Gensokyo:4_Bats","floor":44,"turns":7},{"damage":51,"enemies":"Gensokyo:AtlasGolem","floor":45,"turns":4}],"seed_played":"-8141347115185116829","potions_obtained":[{"floor":2.0,"key":"Swift Potion"},{"floor":6.0,"key":"Slimebound:ThreeZeroPotion"},{"floor":13.0,"key":"sneckomod:MuddlingPotion"},{"floor":14.0,"key":"Block Potion"},{"floor":15.0,"key":"Swift Potion"},{"floor":16.0,"key":"SkillPotion"},{"floor":17.0,"key":"champ:CounterPotion"},{"floor":20.0,"key":"FairyPotion"},{"floor":22.0,"key":"Energy Potion"},{"floor":26.0,"key":"AttackPotion"},{"floor":26.0,"key":"ColorlessPotion"},{"floor":27.0,"key":"DuplicationPotion"},{"floor":27.0,"key":"SkillPotion"},{"floor":28.0,"key":"FearPotion"},{"floor":28.0,"key":"Weak Potion"},{"floor":31.0,"key":"Ancient Potion"},{"floor":31.0,"key":"Block Potion"},{"floor":33.0,"key":"sneckomod:MuddlingPotion"},{"floor":38.0,"key":"SkillPotion"},{"floor":42.0,"key":"hexamod:EctoCoolerPotion"},{"floor":44,"key":"EssenceOfSteel"}],"is_trial":false,"path_per_floor":["R","M","?","M","M","M","T","M","R","M","COS","M","M","E","M","B",null,"R","M","M","COS","M","$","T","R","M","M","M","M","R","M","M","B",null,"R","M","?","$","?","COS","T","M","T","M","M"],"character_chosen":"THE_SPIRIT","items_purchased":["hexamod:SecondSeal"],"campfire_rested":0,"item_purchase_floors":[17],"current_hp_per_floor":[70,70,70,68,68,68,68,68,68,68,68,66,64,58,54,67,72,72,69,59,59,38,61,61,61,27,5,39,33,43,60,45,5,82,82,66,34,59,59,59,59,14,14,1,0,0,0],"gold":0,"neow_bonus":"RANDOM_COLORLESS","is_daily":false,"chose_seed":false,"campfire_upgraded":5,"win_rate":0.0,"timestamp":1608795384,"path_taken":["R","M","?","M","?","?","T","M","R","M","COS","M","?","E","M","BOSS","R","M","M","COS","M","?","T","R","M","M","M","?","R","M","M","BOSS","R","M","?","$","?","COS","T","M","?","M","M"],"items_purchased_type":["Card"],"build_version":"2020-12-22","purchased_purges":2,"victory":false,"max_hp_per_floor":[70,70,70,70,70,70,70,70,70,70,70,70,70,70,70,70,72,72,72,72,72,72,72,72,72,72,72,72,72,82,82,82,82,82,82,82,82,82,82,82,82,82,82,82,82,82,82],"card_choices":[{"not_picked":[],"picked":"EpicFetus","floor":0.0},{"not_picked":["expansioncontent:AwakenDeath","expansioncontent:FaceSlap"],"picked":"Finesse","floor":0.0},{"not_picked":["hexamod:GhostLash","hexamod:ExtraCrispy"],"picked":"hexamod:SkipABeat","floor":2.0},{"not_picked":["hexamod:SwordOfDarkness","hexamod:RetreatToShadows"],"picked":"hexamod:StepThrough","floor":4.0},{"not_picked":["hexamod:GiftsFromTheDead","hexamod:Firestarter"],"picked":"hexamod:GhostShield","floor":5.0},{"not_picked":["hexamod:ChargedBarrage","hexamod:HeatMetal"],"picked":"hexamod:ShieldOfDarkness","floor":6.0},{"not_picked":["hexamod:HeatCrush","hexamod:ShieldOfDarkness"],"picked":"hexamod:GhostShield","floor":8.0},{"not_picked":["hexamod:GhostShield","hexamod:RainOfEmbers"],"picked":"hexamod:FastForward","floor":10.0},{"not_picked":["hexamod:GhostShield+1","hexamod:RadiantFlame+1"],"picked":"hexamod:SoulSteal+1","floor":12.0},{"not_picked":["hexamod:GhostLash","hexamod:NecessarySacrifice"],"picked":"hexamod:GhostOfSpireFuture","floor":12.0},{"not_picked":["hexamod:UnleashSpirits","hexamod:HexaLevel"],"picked":"hexamod:TimeWarp","floor":13.0},{"not_picked":["hexamod:HauntingEcho","hexamod:SwordOfDarkness"],"picked":"hexamod:BurningTouch","floor":13.0},{"not_picked":["hexamod:RecurringNightmare","hexamod:NightmareStrike"],"picked":"hexamod:EtherealExpedition","floor":14.0},{"not_picked":["hexamod:AdvancingGuard","hexamod:HeatCrush"],"picked":"hexamod:EmpoweredFlame","floor":15.0},{"not_picked":["hexamod:WildfireWeapon","hexamod:GiftsFromTheDead"],"picked":"hexamod:TimeOfNeed","floor":16.0},{"not_picked":["hexamod:NightmareStrike","hexamod:GhostShield"],"picked":"hexamod:SkipABeat","floor":17.0},{"not_picked":["hexamod:InspiringFlames+1","hexamod:GhostLash"],"picked":"hexamod:FourthSeal","floor":19.0},{"not_picked":["hexamod:BurningTouch","hexamod:GhostLash"],"picked":"hexamod:EmpoweredFlame+1","floor":20.0},{"not_picked":["hexamod:SoulSteal","hexamod:BurningTouch"],"picked":"hexamod:WildfireWeapon","floor":22.0},{"not_picked":["hexamod:NightmareGuise","hexamod:BurningTouch"],"picked":"hexamod:FlamesFromBeyond","floor":23.0},{"not_picked":["hexamod:ShieldOfDarkness+1","hexamod:GhostShield","hexamod:SwordOfDarkness+1"],"picked":"SKIP","floor":26.0},{"not_picked":["hexamod:GhostShield","hexamod:BurningTouch+1"],"picked":"hexamod:HexaLevel","floor":27.0},{"not_picked":["hexamod:StepThrough+1","hexamod:ShieldOfDarkness","hexamod:BurningTouch+1"],"picked":"SKIP","floor":28.0},{"not_picked":["hexamod:SwordOfDarkness","hexamod:RainOfEmbers+1"],"picked":"hexamod:GhostflameBarrier+1","floor":29.0},{"not_picked":["hexamod:SwordOfDarkness","hexamod:Hexaguard"],"picked":"hexamod:PowerFromBeyond+1","floor":31.0},{"not_picked":["hexamod:NecessarySacrifice","hexamod:SwordOfDarkness"],"picked":"hexamod:ExtraCrispy+1","floor":32.0},{"not_picked":["hexamod:TimeWarp","hexamod:TimeOfNeed"],"picked":"hexamod:SixthSeal","floor":33.0},{"not_picked":["hexamod:Firestarter","hexamod:NightmareStrike+1"],"picked":"hexamod:Hexaguard+1","floor":36.0},{"not_picked":["hexamod:Haunt","hexamod:Firestarter"],"picked":"hexamod:GhostLash+1","floor":38.0},{"not_picked":["hexamod:NightmareStrike","hexamod:Incineration"],"picked":"hexamod:HauntingEcho+1","floor":42.0},{"not_picked":["hexamod:ParanormalForm","hexamod:GhostLash+1"],"picked":"hexamod:Hexaguard+1","floor":44}],"player_experience":487672,"relics_obtained":[{"floor":4.0,"key":"wanderingMiniBosses:LockLocket"},{"floor":7.0,"key":"Art of War"},{"floor":14.0,"key":"Pocketwatch"},{"floor":41.0,"key":"infinitespire:ShieldingShard"},{"floor":43,"key":"MealTicket"}],"event_choices":[],"is_beta":false,"boss_relics":[{"not_picked":["Runic Pyramid","infinitespire:Cupcake"],"picked":"Tiny House"},{"not_picked":[]},{"not_picked":["SacredBark","Astrolabe"],"picked":"hexamod:IceCube"},{"not_picked":[]}],"items_purged_floors":[23,38],"is_endless":false,"potions_floor_spawned":[2,6,13,14,15,16,22,26,27,28,31,44],"killed_by":"Gensokyo:AtlasGolem","ascension_level":0}}