{"host":"hfvpa4llnnjpeawn","time":1608840266,"event":{"mods":["2.2 Compatiblity","AchievementEnabler","Act Like it!","Aspiration","Bard","BaseMod","Beaked The Cultist","Better Sensory Stone","Better Skull","Better Third Choice","BetterRewards","CapriCore","Conspire","Downfall","Elementarium","Energized Spire","Hubris","Infinite Spire","Jorbs\u0027s Wanderer Trilogy","Minty Spire (QoL Compilation)","Replay The Spire","Shade Mod","Spicy Shops","StSLib","The Bladedancer","The Factory","The Gatherer","The Jungle","Waifu the Spire","Wandering Minibosses"],"gold_per_floor":[112,112,124,80,255,280,280,292,292,324,324,92,123,133,133,238,238,258,283,389,408,422,422,422,472,517,517,517,41,58,77,77,177,177,196,207,224,236,236,236,263,263,263,281,281,35,62,78,78,78],"floor_reached":51,"playtime":2531,"items_purged":["Looming Evil"],"score":1260,"play_id":"16bb1065-fb1c-4f30-a7b4-a25b4ccb0dc0","local_time":"20201224150426","is_ascension_mode":true,"campfire_choices":[{"data":"Heavy Blade","floor":7.0,"key":"SMITH"},{"data":"Juggernaut","floor":15.0,"key":"SMITH"},{"data":"Juggernaut","floor":23.0,"key":"SMITH"},{"data":"Body Slam","floor":32.0,"key":"SMITH"},{"floor":40,"key":"REST"},{"data":"infinitespire:Punishment","floor":42,"key":"SMITH"},{"floor":45,"key":"REST"},{"data":"Shockwave","floor":49,"key":"SMITH"}],"circlet_count":0,"master_deck":["Strike_R","Strike_R","Strike_R","Strike_R+1","Strike_R","Defend_R","Defend_R","Defend_R","Defend_R","Bash","Reckless Charge+1","Wild Strike+1","Flame Barrier+1","Iron Wave+1","Anger","Doubt","Heavy Blade+1","Body Slam+1","Carnage","ReplayTheSpireMod:Strike From Hell","Juggernaut+1","Juggernaut+1","Wild Strike+1","Flex","Massacre+1","Shockwave+1","Metallicize+1","Feed","Sword Boomerang","ReplayTheSpireMod:Repulse+1","Leap+1","infinitespire:Punishment+1","Exhume","Parasite","Whirlwind+1"],"relics":["Burning Blood","hubris:GlazedTorus","Pen Nib","ReplayTheSpireMod:CursedCoin","betterThird:SlimedRelic","Gremlin Food","infinitespire:ShieldingShard","MealTicket","hubris:Towel","infinitespire:Joker Card","aspiration:TomeofQuesting","Incense Burner","hubris:Backtick","Thread and Needle","Elementarium:GoldenMirage","Nunchaku","Shuriken","Red Skull","Elementarium:ElementariumTrophy","aspiration:DefectSkillbook","Lizard Tail","Sundial","aspiration:KaomsHeart"],"acts_visited":["Exordium","Exordium","TheBeyond"],"potions_floor_usage":[33,36,47,50,50],"damage_taken":[{"damage":0.0,"enemies":"conspire:RoseBush","floor":1.0,"turns":2.0},{"damage":0.0,"enemies":"Jaw Worm","floor":3.0,"turns":3.0},{"damage":0.0,"enemies":"Gremlin Nob","floor":6.0,"turns":3.0},{"damage":0.0,"enemies":"Small Slimes","floor":8.0,"turns":2.0},{"damage":17.0,"enemies":"3 Sentries","floor":10.0,"turns":5.0},{"damage":18.0,"enemies":"Lagavulin","floor":13.0,"turns":4.0},{"damage":3.0,"enemies":"2 Fungi Beasts","floor":14.0,"turns":3.0},{"damage":26.0,"enemies":"Hexaghost","floor":16.0,"turns":9.0},{"damage":5.0,"enemies":"Elementarium:Cyclone","floor":18.0,"turns":4.0},{"damage":9.0,"enemies":"Elementarium:GOLDEN_STATUES","floor":19.0,"turns":5.0},{"damage":0.0,"enemies":"Elementarium:2_ELEMENTALS","floor":21.0,"turns":2.0},{"damage":5.0,"enemies":"Elementarium:RubyGolem","floor":22.0,"turns":3.0},{"damage":22.0,"enemies":"Elementarium:VOID_CORRUPTION_AND_TAR_GOLEM","floor":30.0,"turns":5.0},{"damage":0.0,"enemies":"Elementarium:STONE_GOLEMS","floor":31.0,"turns":3.0},{"damage":6,"enemies":"Elementarium:PHOENIXES","floor":33,"turns":11},{"damage":0,"enemies":"Orb Walker","floor":35,"turns":3},{"damage":0,"enemies":"3 Darklings","floor":36,"turns":5},{"damage":37,"enemies":"Sphere and 2 Shapes","floor":37,"turns":4},{"damage":15,"enemies":"Spire Growth","floor":38,"turns":3},{"damage":20,"enemies":"Nemesis","floor":41,"turns":3},{"damage":0,"enemies":"Writhing Mass","floor":44,"turns":5},{"damage":36,"enemies":"Giant Head","floor":47,"turns":7},{"damage":24,"enemies":"4 Shapes","floor":48,"turns":4},{"damage":35,"enemies":"Time Eater","floor":50,"turns":6}],"seed_played":"2716360700311423834","potions_obtained":[{"floor":1.0,"key":"Adrenaline Potion"},{"floor":6.0,"key":"Fire Potion"},{"floor":8.0,"key":"FearPotion"},{"floor":10.0,"key":"SkillPotion"},{"floor":14.0,"key":"Swift Potion"},{"floor":22.0,"key":"Toxic Potion"},{"floor":30.0,"key":"DistilledChaos"},{"floor":31.0,"key":"ColorlessPotion"},{"floor":35,"key":"Block Potion"},{"floor":37,"key":"BlessingOfTheForge"},{"floor":47,"key":"Dexterity Potion"},{"floor":48,"key":"Energy Potion"}],"is_trial":false,"path_per_floor":["M","?","M","?","?","E","R","M","T","E","?","$","E","M","R","B",null,"M","?","?","M","M","R","?","?","T","AVR","?","$","M","M","R","B",null,"M","M","M","M","AVR","R","E","R","T","M","R","$","E","M","R","B",null],"character_chosen":"IRONCLAD","items_purchased":["hubris:GlazedTorus","Pen Nib","Reckless Charge+1","Wild Strike","Flame Barrier","ReplayTheSpireMod:CursedCoin","infinitespire:Joker Card","aspiration:TomeofQuesting","Shuriken","Red Skull","aspiration:KaomsHeart"],"campfire_rested":2,"item_purchase_floors":[0,0,0,0,0,0,12,12,29,29,46],"current_hp_per_floor":[58,58,64,53,53,59,59,65,65,54,54,69,57,60,60,40,80,80,77,53,59,60,60,60,60,60,60,68,83,67,73,73,73,88,88,88,57,48,48,74,60,60,60,66,88,188,158,140,140,111],"gold":78,"neow_bonus":"","is_daily":false,"chose_seed":false,"campfire_upgraded":6,"win_rate":0.0,"timestamp":1608840266,"path_taken":["M","?","M","?","?","E","R","?","T","E","?","$","E","M","R","BOSS","M","?","?","?","M","R","?","?","T","AVR","?","$","M","M","R","BOSS","M","M","M","M","AVR","R","E","R","T","M","R","$","E","M","R","BOSS"],"items_purchased_type":["Relic","Relic","Card","Card","Card","Relic","Relic","Relic","Relic","Relic","Relic"],"build_version":"2020-12-22","purchased_purges":1,"victory":true,"max_hp_per_floor":[80,80,80,80,80,80,80,80,80,80,80,80,80,80,80,80,80,80,80,80,80,80,80,80,80,80,80,88,88,88,88,88,88,88,88,88,88,88,88,88,88,88,88,88,88,188,188,188,188,188],"card_choices":[{"not_picked":["True Grit","Havoc"],"picked":"Iron Wave","floor":1.0},{"not_picked":["Combust","Massacre"],"picked":"Anger","floor":3.0},{"not_picked":["Anger","Clash"],"picked":"Heavy Blade","floor":6.0},{"not_picked":["Replay:Undeath\u0027s Touch","Abandon"],"picked":"Body Slam","floor":8.0},{"not_picked":["Twin Strike","Abandon"],"picked":"Carnage","floor":10.0},{"not_picked":["Warcry","Combust"],"picked":"ReplayTheSpireMod:Strike From Hell","floor":13.0},{"not_picked":["Heavy Blade","Clothesline"],"picked":"Juggernaut","floor":14.0},{"not_picked":["conspire:HitWhereItHurts","Replay:Many Hands"],"picked":"Juggernaut","floor":16.0},{"not_picked":["Thunderclap+1","Warcry"],"picked":"Wild Strike+1","floor":18.0},{"not_picked":["Sword Boomerang","Burning Pact"],"picked":"Flex","floor":19.0},{"not_picked":["Anger","Sever Soul"],"picked":"Massacre+1","floor":21.0},{"not_picked":["Flame Barrier","Searing Blow","hubris:SharpeningStone"],"picked":"SKIP","floor":22.0},{"not_picked":["Havoc+1","Shockwave","Rupture"],"picked":"SKIP","floor":30.0},{"not_picked":["Flex","Abandon"],"picked":"Metallicize+1","floor":31.0},{"not_picked":["conspire:HitWhereItHurts","Barricade"],"picked":"Feed","floor":33},{"not_picked":["hubris:Ukulele+1","Crystallizer","Conserve Battery"],"picked":"Sword Boomerang","floor":35},{"not_picked":["Skim+1","Fission","Ball Lightning"],"picked":"ReplayTheSpireMod:Repulse+1","floor":36},{"not_picked":["Body Slam+1","Anger+1","Perfected Strike"],"picked":"Leap+1","floor":37},{"not_picked":["True Grit","Heavy Blade+1","Perfected Strike","Sword Boomerang"],"picked":"SKIP","floor":38},{"not_picked":["Conserve Battery","Cold Snap+1","Rampage+1"],"picked":"Exhume","floor":41},{"not_picked":["Coolheaded","Chill+1","Ball Lightning"],"picked":"Whirlwind+1","floor":44},{"not_picked":["Whirlwind","Sword Boomerang","Reckless Charge","Chaos"],"picked":"SKIP","floor":47},{"not_picked":["Defy Death","Scrape","Heavy Blade+1","Iron Wave"],"picked":"SKIP","floor":48}],"player_experience":338464,"relics_obtained":[{"floor":6.0,"key":"Gremlin Food"},{"floor":9.0,"key":"infinitespire:ShieldingShard"},{"floor":10.0,"key":"MealTicket"},{"floor":13.0,"key":"Incense Burner"},{"floor":19.0,"key":"Elementarium:GoldenMirage"},{"floor":26.0,"key":"Nunchaku"},{"floor":41,"key":"Lizard Tail"},{"floor":43,"key":"Sundial"}],"event_choices":[{"damage_healed":0.0,"max_hp_gain":0.0,"max_hp_loss":0.0,"gold_gain":0.0,"event_name":"Living Wall","player_choice":"Grow","floor":2.0,"gold_loss":0.0,"damage_taken":0.0,"cards_upgraded":["Flame Barrier"]},{"damage_healed":0.0,"max_hp_gain":0.0,"max_hp_loss":0.0,"gold_gain":0.0,"event_name":"betterThird:BetterGoop","player_choice":"Slimed","floor":4.0,"gold_loss":44.0,"damage_taken":11.0},{"damage_healed":0.0,"max_hp_gain":0.0,"max_hp_loss":0.0,"gold_gain":175.0,"event_name":"betterThird:BetterSerpent","player_choice":"AGREE","floor":5.0,"gold_loss":0.0,"damage_taken":80.0},{"damage_healed":0.0,"max_hp_gain":0.0,"max_hp_loss":0.0,"gold_gain":0.0,"event_name":"Elementarium:GoldenStatues","player_choice":"Fight","floor":19.0,"gold_loss":0.0,"damage_taken":0.0},{"damage_healed":0.0,"max_hp_gain":0.0,"max_hp_loss":0.0,"gold_gain":106.0,"event_name":"betterSkull:BetterSkull","player_choice":"UP GO ","floor":20.0,"gold_loss":0.0,"damage_taken":27.0,"cards_upgraded":["Iron Wave"],"relics_obtained":[]},{"damage_healed":0.0,"max_hp_gain":0.0,"max_hp_loss":0.0,"gold_gain":50.0,"event_name":"Elementarium:StickySituation","player_choice":"Take","floor":25.0,"gold_loss":0.0,"damage_taken":0.0},{"damage_healed":0.0,"max_hp_gain":8.0,"max_hp_loss":0.0,"gold_gain":0.0,"event_name":"Elementarium:SculptureGarden","player_choice":"Graft","floor":28.0,"gold_loss":0.0,"damage_taken":0.0}],"is_beta":false,"boss_relics":[{"not_picked":["conspire:SpecialSausage","Black Blood"],"picked":"hubris:Backtick"},{"not_picked":["aspiration:FutureDiary","ReplayTheSpireMod:SealedPack"],"picked":"aspiration:DefectSkillbook"}],"items_purged_floors":[29],"is_endless":false,"potions_floor_spawned":[1,6,8,10,14,22,30,31,35,37,47,48],"ascension_level":4}}