{"host":"czen9m7c7ttmirt2","time":1608791719,"event":{"mods":["AchievementEnabler","BaseMod","Better Third Choice","Colored Map","Colored Powertips","Conspire","Hubris","Minty Spire (QoL Compilation)","Replay The Spire","StSLib"],"gold_per_floor":[109,120,134,151,169,194,194,45,45,45,45,45,45,61,61,166,166,177,177,177,188,207,207,207],"floor_reached":23,"playtime":1682,"items_purged":[],"score":304,"play_id":"87588e83-f021-42b8-b87f-2e8b0b083cde","local_time":"20201224003519","is_ascension_mode":true,"campfire_choices":[{"floor":7,"key":"RECALL"},{"floor":11,"key":"REST"},{"floor":13,"key":"REST"},{"floor":15,"key":"REST"}],"circlet_count":0,"master_deck":["Defend_B","Defend_B","Defend_B","Defend_B","Zap","Dualcast","Conserve Battery","Conserve Battery","Capacitor+1","Coolheaded","Leap","Darkness","conspire:SharedLibrary","Creative AI","CurseOfTheBell","Self Repair","Hologram","Bite","Bite","Bite","Bite","Bite","Decay","Electrodynamics","BootSequence","Redo","Coolheaded"],"relics":["Cracked Core","ReplayTheSpireMod:TigerMarble","Chemical X","hubris:PeanutButter","Calling Bell","Smiling Mask","Solar Panel","conspire:GiftBox","Prayer Wheel"],"acts_visited":["Exordium","TheCity"],"potions_floor_usage":[14,16,23],"damage_taken":[{"damage":3,"enemies":"Small Slimes","floor":1,"turns":4},{"damage":0,"enemies":"Cultist","floor":2,"turns":3},{"damage":7,"enemies":"Jaw Worm","floor":3,"turns":3},{"damage":12,"enemies":"3 Louse","floor":4,"turns":4},{"damage":0,"enemies":"Blue Slaver","floor":5,"turns":6},{"damage":17,"enemies":"3 Sentries","floor":6,"turns":11},{"damage":63,"enemies":"Gremlin Gang","floor":14,"turns":7},{"damage":0,"enemies":"The Guardian","floor":16,"turns":10},{"damage":38,"enemies":"Spheric Guardian","floor":18,"turns":14},{"damage":9,"enemies":"Shell Parasite","floor":21,"turns":14},{"damage":37,"enemies":"conspire:HollyBat","floor":22,"turns":11},{"damage":41,"enemies":"Slavers","floor":23,"turns":2}],"seed_played":"-7683788144966617718","potions_obtained":[{"floor":4,"key":"LifebloodPotion"},{"floor":5,"key":"Cursed Concoction"},{"floor":6,"key":"SpeedPotion"},{"floor":16,"key":"Elixir"},{"floor":21,"key":"SpeedPotion"}],"is_trial":false,"path_per_floor":["M","M","M","M","M","E","R","$","T","?","R","$","R","M","R_BF","B",null,"M","?","?","M","M","E"],"character_chosen":"DEFECT","items_purchased":["Chemical X"],"campfire_rested":3,"item_purchase_floors":[8],"current_hp_per_floor":[79,79,72,60,60,43,43,43,43,43,67,67,82,19,43,43,82,54,54,54,57,35,0,0],"gold":207,"neow_bonus":"TEN_PERCENT_HP_BONUS","is_daily":false,"chose_seed":false,"campfire_upgraded":0,"win_rate":0.0,"timestamp":1608791719,"path_taken":["M","M","M","M","M","E","R","$","T","?","R","?","R","M","R_BF","BOSS","M","?","?","?","M","E"],"items_purchased_type":["Relic"],"build_version":"2020-12-22","purchased_purges":0,"victory":false,"max_hp_per_floor":[82,82,82,82,82,82,82,82,82,82,82,82,82,82,82,82,82,82,57,57,57,57,58,58],"card_choices":[{"not_picked":["Barrage","Turbo"],"picked":"Conserve Battery","floor":1},{"not_picked":["Leap","Rebound"],"picked":"Conserve Battery","floor":2},{"not_picked":["Barrage","Biased Cognition"],"picked":"Capacitor","floor":3},{"not_picked":["BasicCrystalCard","Darkness"],"picked":"Coolheaded","floor":4},{"not_picked":["Go for the Eyes","Steam Power"],"picked":"Leap","floor":5},{"not_picked":["BasicCrystalCard","Auto Shields"],"picked":"Darkness","floor":6},{"not_picked":["ReplaySort","Recycle"],"picked":"conspire:SharedLibrary","floor":14},{"not_picked":["hubris:SpecializedCircuitry","Electrodynamics"],"picked":"Creative AI","floor":16},{"not_picked":["Biased Cognition","Electrodynamics"],"picked":"ReplayTheSpireMod:Fabricate Wheel","floor":17},{"not_picked":["Hologram","Chill"],"picked":"Self Repair","floor":18},{"not_picked":["Streamline","Turbo"],"picked":"Hologram","floor":18},{"not_picked":["Hello World","Cold Snap+1"],"picked":"Electrodynamics","floor":21},{"not_picked":["Gash","Streamline"],"picked":"BootSequence","floor":21},{"not_picked":["Barrage","Turbo"],"picked":"Redo","floor":22},{"not_picked":["Rip and Tear","Gash+1"],"picked":"Coolheaded","floor":22}],"player_experience":188240,"relics_obtained":[{"floor":6,"key":"ReplayTheSpireMod:TigerMarble"},{"floor":9,"key":"hubris:PeanutButter"},{"floor":17,"key":"Smiling Mask"},{"floor":17,"key":"Solar Panel"},{"floor":17,"key":"conspire:GiftBox"}],"event_choices":[{"damage_healed":0,"gold_gain":0,"player_choice":"Upgraded","damage_taken":0,"max_hp_gain":0,"max_hp_loss":0,"event_name":"Upgrade Shrine","floor":10,"gold_loss":0,"cards_upgraded":["Capacitor"]},{"damage_healed":0,"gold_gain":0,"player_choice":"Became a vampire","damage_taken":0,"max_hp_gain":0,"max_hp_loss":25,"event_name":"Vampires","floor":19,"gold_loss":0,"cards_obtained":["Bite","Bite","Bite","Bite","Bite"]},{"damage_healed":0,"gold_gain":0,"player_choice":"Cursed","damage_taken":0,"max_hp_gain":0,"max_hp_loss":0,"event_name":"Wheel of Change","floor":20,"gold_loss":0,"cards_obtained":["Decay"]}],"is_beta":false,"boss_relics":[{"not_picked":["Coffee Dripper","hubris:HollowSoul"],"picked":"Calling Bell"}],"items_purged_floors":[],"is_endless":false,"potions_floor_spawned":[4,5,6,16,21],"killed_by":"Slavers","ascension_level":3}}