{"host":"h78e02h09yhg9y5r","time":1608808176,"event":{"mods":["ATMod(阿瑾Mod)","AchievementEnabler","Act Like it!","Aspiration","BaseMod","BetterRewards","Dota2Spire","Hermit","KinomotoSakuraMod(木之本樱)","Minty Spire (QoL Compilation)","MostiFishMod","RumiaBox-露米娅的神秘盒子","Shop Mod","Spicy Shops","StSLib","The Runesmith","【功能Mod】混沌之环修复补丁"],"gold_per_floor":[114,114,114,137,157,191,66,101,101,101,125,161,161,180,180,303,303,318,341,354,554,573,573,617,632,632,652,652,665,590,623,623,747,747,760,760,760,783,177,212,237,237,264,289,324,324,358,66,66,96],"floor_reached":51,"playtime":1766,"items_purged":["Runesmith:Strike_RS","Runesmith:Defend_RS","Injury","Runesmith:Firestorm+1"],"score":1222,"play_id":"b1bb6e28-d6f3-4915-a00a-59bf2b27d966","local_time":"20201224190936","is_ascension_mode":true,"campfire_choices":[{"data":"AT_ManFootWork","floor":10,"key":"SMITH"},{"data":"Runesmith:Firestorm","floor":15,"key":"SMITH"},{"data":"Runesmith:GrandSlam","floor":23,"key":"SMITH"},{"floor":28,"key":"REST"},{"data":"Runesmith:Fortify","floor":32,"key":"SMITH"},{"floor":42,"key":"REST"},{"data":"Runesmith:FissionHammer","floor":49,"key":"SMITH"}],"circlet_count":0,"master_deck":["Runesmith:Strike_RS","Runesmith:Strike_RS","Runesmith:Strike_RS","Runesmith:Defend_RS","Runesmith:Defend_RS","Runesmith:CraftFirestone","Runesmith:Fortify+1","AT_ManFootWork+1","Runesmith:CraftIncendium","Runesmith:GrandSlam+1","Runesmith:PoweredAnvil+1","Runesmith:ArcReactor","Runesmith:CraftMedicinae","Runesmith:FissionHammer+1"],"relics":["Runesmith:BrokenRuby","DaveBox","AT_ATBox","BirthdayGift-Tetrahedron","AT_BellowingDragoncrestRing","Letter Opener","SynthV:TestCard","Golden Idol","Runesmith:EmergencyProvisions","Dota2Spire:Dagon","Dota2Spire:HeartOfTarrasque","Shuriken","SlaversCollar","MagicDraw3","Dota2Spire:MantaStyle","Runesmith:PocketReactor","Bottled Tornado","Vajra","Akabeko","aspiration:Lifesprig","Dota2Spire:HandOfMidas","Dota2Spire:DrumOfEndurance"],"acts_visited":["Exordium","TheCity","TheBeyond"],"potions_floor_usage":[16,31,33,33,33,41,44,50,50],"damage_taken":[{"damage":3,"enemies":"Cultist","floor":1,"turns":2},{"damage":0,"enemies":"2 Louse","floor":4,"turns":1},{"damage":3,"enemies":"Jaw Worm","floor":5,"turns":2},{"damage":6,"enemies":"Gremlin Nob","floor":6,"turns":3},{"damage":3,"enemies":"3 Sentries","floor":8,"turns":2},{"damage":3,"enemies":"Red Slaver","floor":11,"turns":2},{"damage":3,"enemies":"Gremlin Nob","floor":12,"turns":2},{"damage":1,"enemies":"Lots of Slimes","floor":14,"turns":1},{"damage":6,"enemies":"Slime Boss","floor":16,"turns":3},{"damage":3,"enemies":"Spheric Guardian","floor":18,"turns":2},{"damage":3,"enemies":"Shell Parasite","floor":19,"turns":2},{"damage":6,"enemies":"Sentry and Sphere","floor":20,"turns":3},{"damage":3,"enemies":"Snake Plant","floor":22,"turns":2},{"damage":5,"enemies":"Gremlin Leader","floor":24,"turns":2},{"damage":6,"enemies":"3 Cultists","floor":25,"turns":3},{"damage":3,"enemies":"Snecko","floor":27,"turns":2},{"damage":10,"enemies":"Snake Plant","floor":29,"turns":2},{"damage":13,"enemies":"Book of Stabbing","floor":31,"turns":2},{"damage":9,"enemies":"Automaton","floor":33,"turns":4},{"damage":3,"enemies":"3 Shapes","floor":35,"turns":2},{"damage":32,"enemies":"3 Darklings","floor":38,"turns":3},{"damage":17,"enemies":"Nemesis","floor":40,"turns":3},{"damage":22,"enemies":"4 Shapes","floor":41,"turns":2},{"damage":6,"enemies":"Spire Growth","floor":44,"turns":3},{"damage":6,"enemies":"Reptomancer","floor":45,"turns":3},{"damage":6,"enemies":"Giant Head","floor":47,"turns":3},{"damage":15,"enemies":"Time Eater","floor":50,"turns":2}],"seed_played":"895042834903434703","potions_obtained":[{"floor":5,"key":"EssenceOfSteel"},{"floor":6,"key":"EntropicBrew"},{"floor":11,"key":"FearPotion"},{"floor":22,"key":"Regen Potion"},{"floor":31,"key":"Block Potion"},{"floor":41,"key":"ColorlessPotion"},{"floor":45,"key":"LiquidBronze"}],"is_trial":false,"path_per_floor":["M","$","?","M","M","E","$","E","T","R","M","E","?","M","R","B",null,"M","M","M","?","M","R","E","M","T","M","R","M","?","E","R","B",null,"M","?","T","M","$","E","M","R","T","M","E","?","E","$","R","B",null],"character_chosen":"RUNESMITH_CLASS","items_purchased":["AT_BellowingDragoncrestRing","Letter Opener","Vajra","Runesmith:FissionHammer","Dota2Spire:DrumOfEndurance"],"campfire_rested":2,"item_purchase_floors":[0,0,39,48,48],"current_hp_per_floor":[60,60,60,60,57,51,51,48,56,56,53,50,50,49,49,43,78,75,72,66,66,63,63,58,52,52,49,72,62,62,55,55,50,78,75,75,75,43,43,26,4,27,27,34,31,68,63,63,63,49],"gold":96,"neow_bonus":"","is_daily":false,"chose_seed":false,"campfire_upgraded":5,"win_rate":0.0,"timestamp":1608808176,"path_taken":["M","?","?","M","M","E","$","E","T","R","M","E","?","M","R","BOSS","M","M","M","?","?","R","E","M","T","M","R","M","?","E","R","BOSS","M","?","?","M","$","E","M","R","T","M","E","?","E","$","R","BOSS"],"items_purchased_type":["Relic","Relic","Relic","Card","Relic"],"build_version":"2020-12-22","purchased_purges":4,"victory":true,"max_hp_per_floor":[70,70,70,70,70,70,70,70,78,78,78,78,78,78,78,78,78,78,78,78,78,78,78,78,78,78,78,78,78,78,78,78,78,78,78,78,78,78,78,78,78,78,78,78,78,68,68,68,68,68],"card_choices":[{"not_picked":["Runesmith:MakeshiftArmor","Runesmith:Retool","Runesmith:WhiteBalance"],"picked":"SKIP","floor":1},{"not_picked":["Runesmith:HammerTime","Runesmith:Grindstone","Runesmith:UnstableHammer","Runesmith:RuneHurl","Runesmith:Empowerment"],"picked":"SKIP","floor":4},{"not_picked":["Runesmith:Repurpose","Runesmith:CraftMagma","Runesmith:UnstableHammer","Runesmith:ChiselStab"],"picked":"Runesmith:CraftIncendium","floor":5},{"not_picked":["Runesmith:PerfectChisel","Runesmith:BackupBattery","Runesmith:ChiselStab","Runesmith:Terraform"],"picked":"Runesmith:DuctTape","floor":6},{"not_picked":["Runesmith:GoWithTheFlow","Runesmith:RunicBlueprint","Runesmith:EarthShield","Runesmith:CraftMagma","Runesmith:CraftProtectio"],"picked":"SKIP","floor":8},{"not_picked":["Runesmith:EarthShield","Runesmith:EnergizedChisel","Runesmith:RunicBlueprint","Runesmith:Attraction","Runesmith:Overpower"],"picked":"SKIP","floor":11},{"not_picked":["Runesmith:EnergizedChisel","Runesmith:Overpower","Runesmith:Supernova","Runesmith:Grindstone","Runesmith:Terraform"],"picked":"SKIP","floor":12},{"not_picked":["Runesmith:ChaoticBlast","Runesmith:Refine","Runesmith:CraftProtectio","Runesmith:CraftIncendium"],"picked":"Runesmith:Firestorm","floor":14},{"not_picked":["Runesmith:Supernova","Runesmith:ReplicatingBarrier","Runesmith:LightningRod","Runesmith:CraftIndustria"],"picked":"Runesmith:GrandSlam","floor":16},{"not_picked":["Runesmith:PerfectChisel+1","Runesmith:Reinforce","Runesmith:ShiftingStrike+1","Runesmith:ChargedHammer"],"picked":"Runesmith:PoweredAnvil+1","floor":18},{"not_picked":["Runesmith:HeatedChisel+1","Runesmith:EarthShield+1","Runesmith:HeatExchange","Runesmith:Accelerate+1","Runesmith:ElementalConversion"],"picked":"SKIP","floor":19},{"not_picked":["Runesmith:ShiftingStrike","Runesmith:ChaoticBlast","Runesmith:RuneHurl","Runesmith:UnstableHammer+1","Runesmith:EarthShield+1"],"picked":"SKIP","floor":20},{"not_picked":["aspiration:UnbridledHammer+1","Runesmith:ShiftingStrike","Runesmith:HammerThrow","Runesmith:CraftProtectio+1","Runesmith:HeatExchange"],"picked":"SKIP","floor":22},{"not_picked":["Runesmith:Overpower","Runesmith:ChaoticBlast","Runesmith:EarthShield","Runesmith:CraftProtectio"],"picked":"Runesmith:ArcReactor","floor":24},{"not_picked":["Runesmith:UnstableHammer","Runesmith:EarthShield+1","Runesmith:CraftProtectio","Runesmith:RuneHurl","Runesmith:Grindstone"],"picked":"SKIP","floor":25},{"not_picked":["Runesmith:CraftProtectio","Runesmith:UnstableHammer","Runesmith:StaticCage","Runesmith:Reinforce","Runesmith:WhiteBalance"],"picked":"SKIP","floor":27},{"not_picked":["Runesmith:CraftSpiculum","Runesmith:EnergizedChisel+1","Runesmith:HammerThrow","Runesmith:HeatExchange","Runesmith:Superposition+1"],"picked":"SKIP","floor":29},{"not_picked":["Runesmith:Electrocute","Runesmith:HammerTime","Runesmith:CraftVitae+1","Runesmith:Discharge","Runesmith:ChiselStab"],"picked":"SKIP","floor":31},{"not_picked":["Runesmith:CraftMagma+1","Runesmith:Augment","Runesmith:ChaoticBlast+1","Runesmith:ShiftingStrike+1","Runesmith:CraftIncendium+1"],"picked":"SKIP","floor":35},{"not_picked":["Runesmith:UnstableHammer","Runesmith:Firestorm+1","Runesmith:MakeshiftArmor","Runesmith:Grindstone+1","Runesmith:HammerThrow+1"],"picked":"SKIP","floor":38},{"not_picked":["Runesmith:BackupBattery","Runesmith:Refine","Runesmith:ChiselStab","Runesmith:CraftProtectio"],"picked":"Runesmith:CraftMedicinae","floor":40},{"not_picked":["Runesmith:LastStand","Runesmith:UnstableHammer+1","Runesmith:EnergizedChisel+1","Runesmith:GoWithTheFlow","Runesmith:Firewall+1"],"picked":"SKIP","floor":41},{"not_picked":["Runesmith:StaticCage+1","Runesmith:Reinforce","Runesmith:GoWithTheFlow","Runesmith:PerfectChisel","Runesmith:Firestorm"],"picked":"SKIP","floor":44},{"not_picked":["Runesmith:HeatedChisel","Runesmith:Refine+1","Runesmith:CraftProtectio","Runesmith:EnergizedChisel","Runesmith:Grindstone"],"picked":"SKIP","floor":45},{"not_picked":["Runesmith:Terraform","Runesmith:EnergizedChisel","Runesmith:RuneHurl","Runesmith:PoweredAnvil+1","Runesmith:ShiftingStrike"],"picked":"SKIP","floor":47}],"player_experience":482234,"relics_obtained":[{"floor":1,"key":"SynthV:TestCard"},{"floor":6,"key":"Runesmith:EmergencyProvisions"},{"floor":8,"key":"Dota2Spire:Dagon"},{"floor":9,"key":"Dota2Spire:HeartOfTarrasque"},{"floor":12,"key":"Shuriken"},{"floor":24,"key":"MagicDraw3"},{"floor":31,"key":"Dota2Spire:MantaStyle"},{"floor":37,"key":"Bottled Tornado"},{"floor":43,"key":"Akabeko"},{"floor":45,"key":"aspiration:Lifesprig"},{"floor":47,"key":"Dota2Spire:HandOfMidas"}],"event_choices":[{"damage_healed":0,"gold_gain":0,"player_choice":"Take Wound","damage_taken":0,"relics_obtained":["Golden Idol"],"max_hp_gain":0,"max_hp_loss":0,"event_name":"Golden Idol","floor":3,"gold_loss":0,"cards_obtained":["Injury"]},{"cards_removed":["Runesmith:DuctTape"],"damage_healed":0,"gold_gain":0,"player_choice":"Purged","damage_taken":0,"max_hp_gain":0,"max_hp_loss":0,"event_name":"Purifier","floor":13,"gold_loss":0},{"damage_healed":0,"gold_gain":250,"player_choice":"Bet on Owner","damage_taken":0,"max_hp_gain":0,"max_hp_loss":0,"event_name":"The Joust","floor":21,"gold_loss":50},{"cards_removed":["Runesmith:Defend_RS"],"damage_healed":0,"gold_gain":0,"player_choice":"Gave Gold","damage_taken":0,"max_hp_gain":0,"max_hp_loss":0,"event_name":"Beggar","floor":30,"gold_loss":75},{"damage_healed":0,"gold_gain":0,"player_choice":"Ignored","damage_taken":0,"max_hp_gain":0,"max_hp_loss":0,"event_name":"Tomb of Lord Red Mask","floor":36,"gold_loss":0},{"damage_healed":68,"gold_gain":0,"player_choice":"Heal","damage_taken":0,"max_hp_gain":0,"max_hp_loss":10,"event_name":"The Moai Head","floor":46,"gold_loss":0}],"is_beta":false,"boss_relics":[{"not_picked":["GuanYuAspect","SynthV:MejaisSoulstealer"],"picked":"SlaversCollar"},{"not_picked":["ChiXiaoBlade","aspiration:RunicSpoon"],"picked":"Runesmith:PocketReactor"}],"items_purged_floors":[0,0,7,39],"is_endless":false,"potions_floor_spawned":[5,6,11,22,24,25,29,31,38,41,45],"ascension_level":1}}