{"host":"vyt5ne9ydo1z9gg1","time":1608777921,"event":{"mods":["BaseMod","Curses Come First","DeckTracker","GifTheSpireLib","Minty Spire (QoL Compilation)","StSLib"],"gold_per_floor":[114,134,134,209,209,238,238,273,350,350,364,392,411,411,411,510,510,521,531,531,157,157,185,185,215,241,241,253,253,272,284,284,388,388,400,33,333,348,41,71,71,98,98,98,112,112,124,135,135,135,135],"floor_reached":50,"playtime":3058,"items_purged":["Strike_B","Defend_B"],"score":639,"play_id":"eb4f85b3-4b50-4173-8d6c-bbcb18b016b1","local_time":"20201224134521","is_ascension_mode":true,"campfire_choices":[{"data":"Doom and Gloom","floor":7,"key":"SMITH"},{"floor":10,"key":"REST"},{"data":"Ball Lightning","floor":15,"key":"SMITH"},{"floor":24,"key":"REST"},{"floor":27,"key":"REST"},{"floor":32,"key":"REST"},{"floor":41,"key":"RECALL"},{"data":"Creative AI","floor":44,"key":"SMITH"},{"data":"Buffer","floor":46,"key":"SMITH"},{"data":"Reinforced Body","floor":49,"key":"SMITH"}],"circlet_count":0,"master_deck":["Strike_B","Strike_B","Defend_B","Defend_B+1","Zap+1","Dualcast","Sweeping Beam","Doom and Gloom+1","Ball Lightning","Double Energy","Ball Lightning+1","Buffer+1","Leap","Redo+1","Steam Power","Creative AI+1","Reinforced Body+1","Self Repair","Coolheaded","BootSequence","Core Surge","Defragment+1","Cold Snap","Stack+1","Glacier+1","Redo+1","Glacier+1","Stack+1","Parasite","Conserve Battery","Cold Snap+1"],"relics":["FrozenCore","PreservedInsect","Potion Belt","StoneCalendar","Pantograph","Oddly Smooth Stone","Pen Nib","Nuclear Battery","Happy Flower","OrangePellets","Shuriken","Juzu Bracelet","Strawberry","Incense Burner","War Paint","Mercury Hourglass","Centennial Puzzle","Frozen Egg 2"],"acts_visited":["Exordium","TheCity","TheBeyond"],"potions_floor_usage":[8,16,16,28,30,31,31,42,47],"damage_taken":[{"damage":1,"enemies":"Cultist","floor":1,"turns":3},{"damage":7,"enemies":"Jaw Worm","floor":2,"turns":3},{"damage":14,"enemies":"Gremlin Nob","floor":6,"turns":3},{"damage":21,"enemies":"Lagavulin","floor":8,"turns":5},{"damage":0,"enemies":"2 Louse","floor":11,"turns":1},{"damage":16,"enemies":"Gremlin Nob","floor":12,"turns":3},{"damage":6,"enemies":"Large Slime","floor":13,"turns":3},{"damage":34,"enemies":"Hexaghost","floor":16,"turns":6},{"damage":0,"enemies":"Spheric Guardian","floor":18,"turns":3},{"damage":41,"enemies":"Shell Parasite","floor":19,"turns":5},{"damage":27,"enemies":"Gremlin Leader","floor":23,"turns":4},{"damage":30,"enemies":"Book of Stabbing","floor":25,"turns":4},{"damage":12,"enemies":"Sentry and Sphere","floor":28,"turns":4},{"damage":20,"enemies":"3 Cultists","floor":30,"turns":4},{"damage":0,"enemies":"Snake Plant","floor":31,"turns":3},{"damage":22,"enemies":"Champ","floor":33,"turns":11},{"damage":12,"enemies":"3 Shapes","floor":35,"turns":4},{"damage":7,"enemies":"Orb Walker","floor":38,"turns":4},{"damage":13,"enemies":"Nemesis","floor":40,"turns":9},{"damage":13,"enemies":"Reptomancer","floor":42,"turns":5},{"damage":3,"enemies":"Sphere and 2 Shapes","floor":45,"turns":5},{"damage":13,"enemies":"Writhing Mass","floor":47,"turns":5},{"damage":0,"enemies":"Maw","floor":48,"turns":8},{"damage":93,"enemies":"Awakened One","floor":50,"turns":20}],"seed_played":"-7957387101325912243","potions_obtained":[{"floor":6,"key":"FearPotion"},{"floor":8,"key":"CultistPotion"},{"floor":11,"key":"BlessingOfTheForge"},{"floor":12,"key":"SkillPotion"},{"floor":18,"key":"SneckoOil"},{"floor":19,"key":"Energy Potion"},{"floor":25,"key":"Ancient Potion"},{"floor":30,"key":"PowerPotion"},{"floor":42,"key":"AttackPotion"},{"floor":47,"key":"SpeedPotion"},{"floor":48,"key":"Explosive Potion"}],"is_trial":false,"path_per_floor":["M","M","?","?","?","E","R","E","T","R","M","E","M","?","R","B",null,"M","M","?","$","?","E","R","E","T","R","M","?","M","M","R","B",null,"M","$","?","M","$","E","R","E","T","R","M","R","M","M","R","B"],"character_chosen":"DEFECT","items_purchased":["Happy Flower","OrangePellets","Incense Burner","Cold Snap","Stack","War Paint","PowerPotion"],"campfire_rested":4,"item_purchase_floors":[21,21,36,36,36,39,39],"current_hp_per_floor":[74,67,72,61,61,47,47,26,26,50,50,34,28,28,28,19,80,80,39,39,39,39,12,36,6,6,30,18,25,12,19,45,55,87,82,82,82,82,82,76,76,70,70,70,74,74,68,75,75,0,0],"gold":135,"neow_bonus":"RANDOM_COMMON_RELIC","is_daily":false,"chose_seed":false,"campfire_upgraded":5,"win_rate":0.0,"timestamp":1608777921,"path_taken":["M","?","?","?","?","E","R","E","T","R","M","E","M","?","R","BOSS","M","M","?","$","?","E","R","E","T","R","M","?","M","M","R","BOSS","M","$","?","M","$","E","R","E","T","R","M","R","M","M","R","BOSS"],"items_purchased_type":["Relic","Relic","Relic","Card","Card","Relic","Potion"],"build_version":"2020-12-22","purchased_purges":2,"victory":false,"max_hp_per_floor":[75,75,80,80,80,80,80,80,80,80,80,80,80,80,80,80,80,80,80,80,80,80,80,80,80,80,80,80,87,87,87,87,87,87,87,87,87,87,87,87,87,87,87,87,87,87,87,87,87,87,87],"card_choices":[{"not_picked":["Storm","Gash"],"picked":"Sweeping Beam","floor":1},{"not_picked":["Rebound","White Noise"],"picked":"Doom and Gloom","floor":2},{"not_picked":["Rip and Tear","Scrape","Consume"],"picked":"SKIP","floor":6},{"not_picked":["Barrage","Skim"],"picked":"Ball Lightning","floor":8},{"not_picked":["Gash","Skim","Blizzard"],"picked":"SKIP","floor":11},{"not_picked":["Force Field","Scrape"],"picked":"Double Energy","floor":12},{"not_picked":["Chaos","Stack"],"picked":"Ball Lightning","floor":13},{"not_picked":["Hyperbeam","Biased Cognition"],"picked":"Buffer","floor":16},{"not_picked":["Go for the Eyes","Streamline+1"],"picked":"Leap","floor":18},{"not_picked":["Skim+1","Steam"],"picked":"Redo+1","floor":19},{"not_picked":["Steam Power+1","Fusion","Steam"],"picked":"SKIP","floor":23},{"not_picked":["Steam","Rip and Tear"],"picked":"Reinforced Body","floor":25},{"not_picked":["Coolheaded","Go for the Eyes+1"],"picked":"Self Repair","floor":28},{"not_picked":["Go for the Eyes","Steam"],"picked":"Coolheaded","floor":30},{"not_picked":["Streamline","Sweeping Beam"],"picked":"BootSequence","floor":31},{"not_picked":["Biased Cognition","All For One"],"picked":"Core Surge","floor":33},{"not_picked":["Force Field","Static Discharge"],"picked":"Defragment+1","floor":35},{"not_picked":["Coolheaded","Go for the Eyes"],"picked":"Glacier+1","floor":38},{"not_picked":["Rebound+1","Sweeping Beam"],"picked":"Redo+1","floor":40},{"not_picked":["White Noise","Leap+1"],"picked":"Glacier+1","floor":42},{"not_picked":["Gash+1","Beam Cell+1"],"picked":"Stack+1","floor":45},{"not_picked":["Steam+1","Reinforced Body"],"picked":"Conserve Battery","floor":47},{"not_picked":["Beam Cell+1","Streamline"],"picked":"Cold Snap+1","floor":48}],"player_experience":146022,"relics_obtained":[{"floor":6,"key":"Potion Belt"},{"floor":8,"key":"StoneCalendar"},{"floor":9,"key":"Pantograph"},{"floor":12,"key":"Oddly Smooth Stone"},{"floor":23,"key":"Shuriken"},{"floor":25,"key":"Juzu Bracelet"},{"floor":40,"key":"Mercury Hourglass"},{"floor":42,"key":"Centennial Puzzle"},{"floor":43,"key":"Frozen Egg 2"}],"event_choices":[{"damage_healed":0,"gold_gain":0,"player_choice":"Donut","damage_taken":0,"max_hp_gain":5,"max_hp_loss":0,"event_name":"Big Fish","floor":3,"gold_loss":0},{"damage_healed":0,"gold_gain":75,"player_choice":"Gather Gold","damage_taken":11,"max_hp_gain":0,"max_hp_loss":0,"event_name":"World of Goop","floor":4,"gold_loss":0},{"damage_healed":0,"gold_gain":0,"player_choice":"Grow","damage_taken":0,"max_hp_gain":0,"max_hp_loss":0,"event_name":"Living Wall","floor":5,"gold_loss":0,"cards_upgraded":["Zap"]},{"damage_healed":0,"gold_gain":0,"player_choice":"Searched \u00272\u0027 times","damage_taken":0,"relics_obtained":["Pen Nib"],"max_hp_gain":0,"max_hp_loss":0,"event_name":"Dead Adventurer","floor":14,"gold_loss":0},{"damage_healed":0,"gold_gain":0,"player_choice":"Ignored","damage_taken":0,"max_hp_gain":0,"max_hp_loss":0,"event_name":"Cursed Tome","floor":20,"gold_loss":0},{"damage_healed":0,"gold_gain":0,"cards_transformed":["Strike_B","Defend_B"],"player_choice":"Became Test Subject","damage_taken":0,"max_hp_gain":0,"max_hp_loss":0,"event_name":"Drug Dealer","floor":22,"gold_loss":0,"cards_obtained":["Steam Power","Creative AI"]},{"damage_healed":0,"gold_gain":0,"player_choice":"Opened","damage_taken":0,"relics_obtained":["Strawberry"],"max_hp_gain":0,"max_hp_loss":0,"event_name":"The Mausoleum","floor":29,"gold_loss":0},{"damage_healed":0,"gold_gain":300,"player_choice":"Gold","damage_taken":0,"max_hp_gain":0,"max_hp_loss":0,"event_name":"Wheel of Change","floor":37,"gold_loss":0}],"is_beta":false,"boss_relics":[{"not_picked":["Sozu","Empty Cage"],"picked":"Nuclear Battery"},{"not_picked":["Calling Bell","Coffee Dripper"],"picked":"FrozenCore"}],"items_purged_floors":[21,39],"is_endless":false,"potions_floor_spawned":[6,8,11,12,18,19,25,30,42,47,48],"killed_by":"Awakened One","ascension_level":2}}