{"host":"y89x8uui45kcjy42","time":1608783385,"event":{"mods":["2.2 Compatiblity","BaseMod","CapriCore","Colored Map","Colored Powertips","Custom Start","Friendly Minions","Highlight Path","Keyboard Shortcuts","Minty Spire (QoL Compilation)","Relic Stats","Slay the Relics Exporter","StSLib","SuperFastMode","Waifu the Spire"],"gold_per_floor":[367,367,24,34,46,79,79,79,133,165,145,179,193,206,206,282,282,296,221,221,171,71,106,106,131,131,145,165,176,187,199,199,271,271,290,58,58,74,93,119,119,119,119,144,144,170,170,202,202,202,202,202,202,25,51,51,51],"floor_reached":56,"playtime":1409,"items_purged":["Strike_B","Defend_B","Strike_B"],"score":2286,"play_id":"51db4a46-9e4f-431a-8e10-30f99c21ef12","local_time":"20201224131625","is_ascension_mode":true,"campfire_choices":[{"data":"Dualcast","floor":7.0,"key":"SMITH"},{"data":"Loop","floor":15.0,"key":"SMITH"},{"data":"Capacitor","floor":24.0,"key":"SMITH"},{"data":"Electrodynamics","floor":32.0,"key":"SMITH"},{"data":"Seek","floor":42.0,"key":"SMITH"},{"data":"Cold Snap","floor":47.0,"key":"SMITH"},{"floor":49.0,"key":"RECALL"},{"data":"Leap","floor":53.0,"key":"SMITH"}],"circlet_count":0,"master_deck":["AscendersBane","Strike_B","Defend_B","Defend_B","Zap+1","Dualcast+1","Cold Snap+1","Loop+1","Leap+1","Glacier+1","Capacitor+1","Electrodynamics+1","Self Repair","Storm","Seek+1","Panacea"],"relics":["FrozenCore","DataDisk","DataDisk","DataDisk","DataDisk","DataDisk","Runic Capacitor","Boot","Bronze Scales","DataDisk","HornCleat","Sundial","Potion Belt","SacredBark","StrikeDummy","Meat on the Bone","Pocketwatch","Gremlin Horn","Centennial Puzzle","Orichalcum"],"acts_visited":["Exordium","TheCity","TheBeyond","TheEnding"],"potions_floor_usage":[],"damage_taken":[{"damage":0.0,"enemies":"Small Slimes","floor":1.0,"turns":2.0},{"damage":0.0,"enemies":"Cultist","floor":4.0,"turns":2.0},{"damage":0.0,"enemies":"Jaw Worm","floor":5.0,"turns":2.0},{"damage":1.0,"enemies":"3 Sentries","floor":6.0,"turns":7.0},{"damage":0.0,"enemies":"Gremlin Nob","floor":10.0,"turns":3.0},{"damage":0.0,"enemies":"3 Sentries","floor":12.0,"turns":3.0},{"damage":11.0,"enemies":"Exordium Thugs","floor":13.0,"turns":1.0},{"damage":0.0,"enemies":"3 Louse","floor":14.0,"turns":2.0},{"damage":3.0,"enemies":"The Guardian","floor":16.0,"turns":6.0},{"damage":0.0,"enemies":"3 Byrds","floor":18.0,"turns":4.0},{"damage":4.0,"enemies":"Gremlin Leader","floor":23.0,"turns":7.0},{"damage":21.0,"enemies":"Slavers","floor":25.0,"turns":2.0},{"damage":3.0,"enemies":"Shell Parasite","floor":27.0,"turns":4.0},{"damage":0.0,"enemies":"Snecko","floor":28.0,"turns":4.0},{"damage":0.0,"enemies":"Snake Plant","floor":29.0,"turns":3.0},{"damage":14.0,"enemies":"Shelled Parasite and Fungi","floor":30.0,"turns":3.0},{"damage":0.0,"enemies":"Snecko","floor":31.0,"turns":6.0},{"damage":0.0,"enemies":"Collector","floor":33.0,"turns":5.0},{"damage":0.0,"enemies":"Orb Walker","floor":35.0,"turns":4.0},{"damage":0.0,"enemies":"3 Darklings","floor":38.0,"turns":3.0},{"damage":0.0,"enemies":"Transient","floor":39.0,"turns":6.0},{"damage":5.0,"enemies":"Giant Head","floor":40.0,"turns":10.0},{"damage":0.0,"enemies":"Mind Bloom Boss Battle","floor":44.0,"turns":4.0},{"damage":0.0,"enemies":"Nemesis","floor":46.0,"turns":6.0},{"damage":10.0,"enemies":"Giant Head","floor":48.0,"turns":7.0},{"damage":40.0,"enemies":"Time Eater","floor":50.0,"turns":11.0},{"damage":0.0,"enemies":"Donu and Deca","floor":51.0,"turns":7.0},{"damage":13.0,"enemies":"Shield and Spear","floor":55.0,"turns":4.0},{"damage":0,"enemies":"The Heart","floor":56,"turns":1}],"seed_played":"2538966641599429810","potions_obtained":[{"floor":1.0,"key":"SkillPotion"},{"floor":4.0,"key":"Swift Potion"},{"floor":10.0,"key":"PotionOfCapacity"},{"floor":25.0,"key":"FearPotion"},{"floor":28.0,"key":"SteroidPotion"},{"floor":40.0,"key":"Block Potion"}],"is_trial":false,"path_per_floor":["M","?","$","M","M","E","R","$","T","E","?","E","M","M","R","B",null,"M","?","?","?","$","E","R","E","T","M","M","M","M","M","R","B",null,"M","$","?","M","M","E","?","R","T","?","?","E","R","E","R","B","B",null,"R","$","E","B"],"character_chosen":"DEFECT","items_purchased":["Runic Capacitor","Loop","Leap","Fruit Juice","Ancient Potion","Panacea"],"campfire_rested":0,"item_purchase_floors":[3,3,3,36,54,54],"current_hp_per_floor":[64,64,64,64,64,63,63,63,63,63,63,63,52,59,59,63,64,64,64,64,64,64,64,64,50,50,47,47,54,47,54,54,61,63,64,64,64,64,64,64,64,64,64,64,64,64,64,61,61,40,47,60,60,70,57,57,57],"gold":51,"neow_bonus":"TWO_FIFTY_GOLD","is_daily":false,"chose_seed":false,"campfire_upgraded":7,"win_rate":0.0,"timestamp":1608783385,"path_taken":["M","?","$","M","?","E","R","?","T","E","?","E","M","?","R","BOSS","M","?","?","?","$","E","R","E","T","?","M","M","M","M","R","BOSS","M","$","?","M","?","E","?","R","T","?","?","E","R","E","R","BOSS","BOSS","R","$","E","BOSS"],"items_purchased_type":["Relic","Card","Card","Potion","Potion","Card"],"build_version":"2020-12-22","purchased_purges":3,"victory":false,"max_hp_per_floor":[64,64,64,64,64,64,64,64,64,64,64,64,64,64,64,64,64,64,64,64,64,64,64,64,64,64,64,64,64,64,64,64,64,64,64,64,64,64,64,64,64,64,64,64,64,64,64,64,64,64,64,64,64,74,74,74,74],"relic_stats":{"Centennial Puzzle":[6],"Gremlin Horn":[2,2],"counters":[29,124],"Sundial":[24],"Bronze Scales":[364],"Orichalcum":[0],"Boot":[15],"obtain_stats":[{"Potion Belt":25,"Gremlin Horn":46,"SacredBark":34,"Runic Capacitor":3,"Orichalcum":55,"Boot":6,"FrozenCore":17,"DataDisk":0,"Centennial Puzzle":48,"HornCleat":12,"Sundial":23,"Bronze Scales":9,"Cracked Core":0,"StrikeDummy":40,"Meat on the Bone":43,"Pocketwatch":44},{"Potion Belt":12,"Gremlin Horn":24,"SacredBark":18,"Runic Capacitor":1,"Orichalcum":28,"Boot":4,"FrozenCore":9,"DataDisk":0,"Centennial Puzzle":25,"HornCleat":6,"Sundial":11,"Bronze Scales":4,"Cracked Core":0,"StrikeDummy":22,"Meat on the Bone":22,"Pocketwatch":23},{"Potion Belt":40,"Gremlin Horn":96,"SacredBark":64,"Runic Capacitor":2,"Orichalcum":124,"Boot":13,"FrozenCore":27,"DataDisk":0,"Centennial Puzzle":103,"HornCleat":19,"Sundial":38,"Bronze Scales":13,"Cracked Core":0,"StrikeDummy":87,"Meat on the Bone":87,"Pocketwatch":91}],"FrozenCore":[50],"Meat on the Bone":12,"Pocketwatch":[62]},"card_choices":[{"not_picked":["Rip and Tear","Compile Driver"],"picked":"Cold Snap","floor":1.0},{"not_picked":["Ball Lightning","Capacitor"],"picked":"Glacier","floor":4.0},{"not_picked":["Beam Cell","Compile Driver"],"picked":"Capacitor","floor":5.0},{"not_picked":["Hologram","Scrape"],"picked":"Electrodynamics","floor":6.0},{"not_picked":["Stack","Steam","White Noise"],"picked":"SKIP","floor":10.0},{"not_picked":["Coolheaded","Ball Lightning","Turbo"],"picked":"SKIP","floor":12.0},{"not_picked":["Streamline","Ball Lightning"],"picked":"Self Repair","floor":13.0},{"not_picked":["Gash","Streamline","Darkness"],"picked":"SKIP","floor":14.0},{"not_picked":["Barrage","Steam","Heatsinks+1"],"picked":"SKIP","floor":18.0},{"not_picked":["Conserve Battery","Hologram","Redo"],"picked":"SKIP","floor":23.0},{"not_picked":["Reinforced Body","Go for the Eyes","Storm"],"picked":"SKIP","floor":25.0},{"not_picked":["Barrage+1","Turbo+1","White Noise"],"picked":"SKIP","floor":27.0},{"not_picked":["Aggregate","Barrage","Beam Cell"],"picked":"SKIP","floor":28.0},{"not_picked":["Cold Snap","Heatsinks"],"picked":"Storm","floor":29.0},{"not_picked":["Beam Cell","Darkness","Coolheaded"],"picked":"SKIP","floor":30.0},{"not_picked":["Hologram+1","Rainbow","Sweeping Beam"],"picked":"SKIP","floor":31.0},{"not_picked":["Hyperbeam","Multi-Cast"],"picked":"Seek","floor":33.0},{"not_picked":["Static Discharge","Leap","Redo+1"],"picked":"SKIP","floor":35.0},{"not_picked":["Gash","Leap","Stack"],"picked":"SKIP","floor":38.0},{"not_picked":["Beam Cell","Consume","Streamline"],"picked":"SKIP","floor":39.0},{"not_picked":["Reprogram","BootSequence","Rainbow"],"picked":"SKIP","floor":40.0},{"not_picked":["Tempest","Steam Power+1","Rainbow"],"picked":"SKIP","floor":46.0},{"not_picked":["Steam","Self Repair","Capacitor"],"picked":"SKIP","floor":48.0},{"not_picked":["Rip and Tear+1","Leap+1","Reinforced Body+1"],"picked":"SKIP","floor":55.0}],"player_experience":510471,"relics_obtained":[{"floor":6.0,"key":"Boot"},{"floor":9.0,"key":"Bronze Scales"},{"floor":10.0,"key":"DataDisk"},{"floor":12.0,"key":"HornCleat"},{"floor":23.0,"key":"Sundial"},{"floor":25.0,"key":"Potion Belt"},{"floor":40.0,"key":"StrikeDummy"},{"floor":43.0,"key":"Meat on the Bone"},{"floor":44.0,"key":"Pocketwatch"},{"floor":46.0,"key":"Gremlin Horn"},{"floor":48.0,"key":"Centennial Puzzle"},{"floor":55.0,"key":"Orichalcum"}],"event_choices":[{"damage_healed":0.0,"max_hp_gain":0.0,"max_hp_loss":0.0,"gold_gain":0.0,"event_name":"Upgrade Shrine","player_choice":"Upgraded","floor":2.0,"gold_loss":0.0,"damage_taken":0.0,"cards_upgraded":["Zap"]},{"damage_healed":0.0,"max_hp_gain":0.0,"max_hp_loss":0.0,"gold_gain":0.0,"event_name":"The Woman in Blue","player_choice":"Bought 1 Potion","floor":11.0,"gold_loss":0.0,"damage_taken":0.0},{"cards_removed":["Strike_B"],"damage_healed":0.0,"max_hp_gain":0.0,"max_hp_loss":0.0,"gold_gain":0.0,"event_name":"Beggar","player_choice":"Gave Gold","floor":19.0,"gold_loss":75.0,"damage_taken":0.0},{"damage_healed":0.0,"max_hp_gain":0.0,"max_hp_loss":0.0,"gold_gain":0.0,"event_name":"The Mausoleum","player_choice":"Ignored","floor":20.0,"gold_loss":0.0,"damage_taken":0.0},{"damage_healed":0.0,"max_hp_gain":0.0,"max_hp_loss":0.0,"gold_gain":0.0,"event_name":"The Joust","player_choice":"Bet on Murderer","floor":21.0,"gold_loss":50.0,"damage_taken":0.0},{"cards_removed":["Defend_B"],"damage_healed":0.0,"max_hp_gain":0.0,"max_hp_loss":0.0,"gold_gain":0.0,"event_name":"Purifier","player_choice":"Purged","floor":37.0,"gold_loss":0.0,"damage_taken":0.0},{"damage_healed":0.0,"max_hp_gain":0.0,"max_hp_loss":0.0,"gold_gain":0.0,"event_name":"SensoryStone","player_choice":"Memory 1","floor":41.0,"gold_loss":0.0,"damage_taken":0.0},{"damage_healed":0.0,"max_hp_gain":0.0,"max_hp_loss":0.0,"gold_gain":0.0,"event_name":"MindBloom","player_choice":"Fight","floor":44.0,"gold_loss":0.0,"damage_taken":0.0},{"damage_healed":0.0,"max_hp_gain":0.0,"max_hp_loss":0.0,"gold_gain":0.0,"event_name":"Upgrade Shrine","player_choice":"Upgraded","floor":45.0,"gold_loss":0.0,"damage_taken":0.0,"cards_upgraded":["Glacier"]}],"is_beta":false,"boss_relics":[{"not_picked":["Runic Dome","Astrolabe"],"picked":"FrozenCore"},{"not_picked":["Tiny House","Pandora\u0027s Box"],"picked":"SacredBark"}],"items_purged_floors":[3,22,36],"is_endless":false,"potions_floor_spawned":[1,4,10,16,23,25,28,29,40,46,55],"killed_by":"The Heart","ascension_level":20}}