{"host":"6kpik4p6m02tzjjt","time":1608828376,"event":{"mods":["BaseMod","Colored Map","Minty Spire (QoL Compilation)","Quick Restart","Relic Stats"],"gold_per_floor":[114,114,114,128,128,128,155,155,182,257,257,272,286,331,331,432,432,448,474,474,485,485,485,518,518,518],"floor_reached":25,"playtime":721,"items_purged":[],"score":228,"play_id":"c521e7d9-28ef-48dd-a6b3-03fed2e16976","local_time":"20201224114616","is_ascension_mode":true,"campfire_choices":[{"data":"Dualcast","floor":6,"key":"SMITH"},{"data":"Storm","floor":15,"key":"SMITH"},{"data":"Loop","floor":23,"key":"SMITH"}],"circlet_count":0,"master_deck":["Strike_B","Strike_B+1","Strike_B","Strike_B","Defend_B","Defend_B","Defend_B","Zap+1","Dualcast+1","Biased Cognition+1","Loop+1","Swift Strike","Ball Lightning","Genetic Algorithm","Storm+1","Streamline+1","Amplify","Stack+1"],"relics":["Cracked Core","Strawberry","Tiny Chest","Bag of Marbles","Black Star","PreservedInsect","Shuriken","Orichalcum"],"acts_visited":["Exordium","TheCity"],"potions_floor_usage":[12,16,16],"damage_taken":[{"damage":6,"enemies":"Cultist","floor":1,"turns":3},{"damage":0,"enemies":"2 Louse","floor":4,"turns":1},{"damage":21,"enemies":"3 Sentries","floor":7,"turns":4},{"damage":3,"enemies":"Small Slimes","floor":12,"turns":2},{"damage":13,"enemies":"2 Fungi Beasts","floor":13,"turns":3},{"damage":30,"enemies":"The Guardian","floor":16,"turns":5},{"damage":5,"enemies":"Chosen","floor":18,"turns":3},{"damage":3,"enemies":"Spheric Guardian","floor":21,"turns":3},{"damage":62,"enemies":"Gremlin Leader","floor":24,"turns":6},{"damage":18,"enemies":"Snake Plant","floor":25,"turns":2}],"seed_played":"-8330939458130268200","potions_obtained":[{"floor":1,"key":"BlessingOfTheForge"},{"floor":4,"key":"SteroidPotion"},{"floor":7,"key":"Block Potion"},{"floor":16,"key":"BlessingOfTheForge"}],"is_trial":false,"path_per_floor":["M","?","?","M","?","R","E","?","T","?","?","M","M","T","R","B",null,"M","T","?","M","$","R","E","M"],"character_chosen":"DEFECT","items_purchased":[],"campfire_rested":0,"item_purchase_floors":[],"current_hp_per_floor":[69,69,69,69,54,54,40,33,33,22,49,46,33,33,33,3,82,77,77,77,74,74,74,12,0,0],"gold":518,"neow_bonus":"ONE_RANDOM_RARE_CARD","is_daily":false,"chose_seed":false,"campfire_upgraded":3,"win_rate":0.0,"timestamp":1608828376,"path_taken":["M","?","?","?","?","R","E","?","T","?","?","M","M","?","R","BOSS","M","?","?","?","?","R","E","M"],"items_purchased_type":[],"build_version":"2020-12-22","purchased_purges":0,"victory":false,"max_hp_per_floor":[75,75,75,75,75,75,82,82,82,82,82,82,82,82,82,82,82,82,82,82,82,82,82,82,82,82],"relic_stats":{"counters":[10,31],"Shuriken":[0],"Tiny Chest":1,"PreservedInsect":43,"Black Star":1,"Orichalcum":[0],"obtain_stats":[{"Shuriken":24,"Strawberry":7,"Tiny Chest":9,"PreservedInsect":19,"Bag of Marbles":14,"Black Star":17,"Orichalcum":24,"Cracked Core":0},{"Shuriken":9,"Strawberry":3,"Tiny Chest":3,"PreservedInsect":7,"Bag of Marbles":5,"Black Star":6,"Orichalcum":9,"Cracked Core":0},{"Shuriken":29,"Strawberry":8,"Tiny Chest":8,"PreservedInsect":21,"Bag of Marbles":13,"Black Star":18,"Orichalcum":29,"Cracked Core":0}]},"card_choices":[{"not_picked":["Go for the Eyes","Fusion"],"picked":"Loop","floor":1},{"not_picked":["Compile Driver","Fusion"],"picked":"Ball Lightning","floor":4},{"not_picked":["Consume","Compile Driver"],"picked":"Gash","floor":7},{"not_picked":["Redo","Skim"],"picked":"Genetic Algorithm","floor":12},{"not_picked":["Beam Cell","Chaos"],"picked":"Storm","floor":13},{"not_picked":["Beam Cell","Steam Power"],"picked":"Streamline+1","floor":18},{"not_picked":["Steam","Hologram"],"picked":"Stack+1","floor":21},{"not_picked":["Turbo","Rip and Tear","Rebound+1"],"picked":"SKIP","floor":24}],"player_experience":18359,"relics_obtained":[{"floor":7,"key":"Strawberry"},{"floor":9,"key":"Tiny Chest"},{"floor":14,"key":"Bag of Marbles"},{"floor":19,"key":"PreservedInsect"},{"floor":24,"key":"Shuriken"},{"floor":24,"key":"Orichalcum"}],"event_choices":[{"damage_healed":0,"gold_gain":0,"player_choice":"Grow","damage_taken":0,"max_hp_gain":0,"max_hp_loss":0,"event_name":"Living Wall","floor":2,"gold_loss":0,"cards_upgraded":["Zap"]},{"damage_healed":0,"gold_gain":0,"player_choice":"1 cards matched","damage_taken":0,"max_hp_gain":0,"max_hp_loss":0,"event_name":"Match and Keep!","floor":3,"gold_loss":0,"cards_obtained":["Swift Strike"]},{"damage_healed":0,"gold_gain":0,"player_choice":"Entered Light","damage_taken":15,"max_hp_gain":0,"max_hp_loss":0,"event_name":"Shining Light","floor":5,"gold_loss":0,"cards_upgraded":["Biased Cognition","Strike_B"]},{"cards_removed":["Defend_B"],"damage_healed":0,"gold_gain":0,"player_choice":"Card Removal","damage_taken":7,"max_hp_gain":0,"max_hp_loss":0,"event_name":"Golden Wing","floor":8,"gold_loss":0},{"damage_healed":0,"gold_gain":75,"player_choice":"Gather Gold","damage_taken":11,"max_hp_gain":0,"max_hp_loss":0,"event_name":"World of Goop","floor":10,"gold_loss":0},{"damage_healed":27,"gold_gain":0,"player_choice":"Banana","damage_taken":0,"max_hp_gain":0,"max_hp_loss":0,"event_name":"Big Fish","floor":11,"gold_loss":0},{"damage_healed":0,"gold_gain":0,"cards_transformed":["Gash"],"player_choice":"Transformed","damage_taken":0,"max_hp_gain":0,"max_hp_loss":0,"event_name":"Transmorgrifier","floor":20,"gold_loss":0,"cards_obtained":["Amplify"]}],"is_beta":false,"boss_relics":[{"not_picked":["Snecko Eye","Astrolabe"],"picked":"Black Star"}],"items_purged_floors":[],"is_endless":false,"potions_floor_spawned":[1,4,7,16],"killed_by":"Snake Plant","ascension_level":1}}