{"host":"ci7ivtocgfxh0ueo","time":1608815264,"event":{"mods":["BaseMod","GifTheSpireLib","Minty Spire (QoL Compilation)","StSLib"],"gold_per_floor":[118,118,131,406,419,453,464,429,454,271,290,300,312,63,63,138,138,149,149,149,160,85,85,119,119,119,119,130,80,80,98,98,98,98],"floor_reached":33,"playtime":912,"items_purged":["Regret"],"score":540,"play_id":"f8d777c9-8ac8-4ca8-96ac-e7f673593b3c","local_time":"20201224210744","is_ascension_mode":true,"campfire_choices":[{"floor":15,"key":"REST"},{"data":"Catalyst","floor":23,"key":"SMITH"},{"floor":27,"key":"REST"},{"floor":30,"key":"REST"},{"floor":32,"key":"REST"}],"circlet_count":0,"master_deck":["AscendersBane","Strike_G","Strike_G","Strike_G","Strike_G","Strike_G","Defend_G","Defend_G","Defend_G","Defend_G","Defend_G","Survivor","Neutralize","Doppelganger","Poisoned Stab","Crippling Poison","Bouncing Flask","Crippling Poison","Catalyst","Catalyst+1","Bouncing Flask+1","Setup","Corpse Explosion+1","Prepared+1"],"relics":["Ring of the Serpent","Bag of Marbles","Happy Flower","MealTicket","Strawberry","Boot","White Beast Statue"],"acts_visited":["Exordium","TheCity"],"potions_floor_usage":[6,16,16,21,33],"damage_taken":[{"damage":1,"enemies":"Cultist","floor":1,"turns":4},{"damage":5,"enemies":"Small Slimes","floor":3,"turns":5},{"damage":2,"enemies":"2 Louse","floor":5,"turns":3},{"damage":7,"enemies":"Lagavulin","floor":6,"turns":6},{"damage":8,"enemies":"Blue Slaver","floor":7,"turns":5},{"damage":8,"enemies":"Looter","floor":11,"turns":3},{"damage":20,"enemies":"Large Slime","floor":12,"turns":7},{"damage":2,"enemies":"Exordium Thugs","floor":13,"turns":5},{"damage":15,"enemies":"Slime Boss","floor":16,"turns":4},{"damage":6,"enemies":"3 Byrds","floor":18,"turns":4},{"damage":0,"enemies":"Chosen","floor":21,"turns":3},{"damage":35,"enemies":"Gremlin Leader","floor":24,"turns":6},{"damage":27,"enemies":"3 Cultists","floor":28,"turns":4},{"damage":26,"enemies":"Chosen and Byrds","floor":31,"turns":5},{"damage":68,"enemies":"Champ","floor":33,"turns":7}],"seed_played":"-4045340471839050076","potions_obtained":[{"floor":2,"key":"DistilledChaos"},{"floor":2,"key":"Block Potion"},{"floor":6,"key":"Poison Potion"},{"floor":11,"key":"DistilledChaos"},{"floor":16,"key":"Fruit Juice"},{"floor":18,"key":"DuplicationPotion"},{"floor":21,"key":"SteroidPotion"},{"floor":31,"key":"PowerPotion"}],"is_trial":false,"path_per_floor":["M","?","M","?","M","E","M","?","T","$","M","M","M","$","R","B",null,"M","?","?","M","?","R","E","$","T","R","M","?","R","M","R","B"],"character_chosen":"THE_SILENT","items_purchased":["FairyPotion","MealTicket","Setup"],"campfire_rested":4,"item_purchase_floors":[10,14,14],"current_hp_per_floor":[58,58,53,53,51,44,36,52,52,52,44,24,22,22,41,31,61,55,35,42,42,42,42,7,22,22,46,19,19,43,17,41,0,0],"gold":98,"neow_bonus":"ONE_RANDOM_RARE_CARD","is_daily":false,"chose_seed":false,"campfire_upgraded":1,"win_rate":0.0,"timestamp":1608815264,"path_taken":["M","?","?","?","M","E","?","?","T","$","M","M","M","$","R","BOSS","M","?","?","M","?","R","E","$","T","R","M","?","R","?","R","BOSS"],"items_purchased_type":["Potion","Relic","Card"],"build_version":"2020-12-22","purchased_purges":1,"victory":false,"max_hp_per_floor":[66,66,66,66,66,66,66,66,66,66,66,66,66,66,66,71,71,71,76,83,83,83,83,83,83,83,83,83,83,83,83,83,83,83],"card_choices":[{"not_picked":["Dagger Throw","Slice"],"picked":"Poisoned Stab","floor":1},{"not_picked":["Dagger Throw","Acrobatics"],"picked":"Crippling Poison","floor":3},{"not_picked":["Bane","Deflect"],"picked":"Bouncing Flask","floor":5},{"not_picked":["Cloak And Dagger","Flying Knee"],"picked":"Crippling Poison","floor":6},{"not_picked":["Cloak And Dagger","Prepared","Deflect"],"picked":"SKIP","floor":7},{"not_picked":["Quick Slash","Predator"],"picked":"Catalyst","floor":11},{"not_picked":["Poisoned Stab","Acrobatics"],"picked":"Catalyst","floor":12},{"not_picked":["Phantasmal Killer","Outmaneuver"],"picked":"Bouncing Flask","floor":13},{"not_picked":["Grand Finale","Venomology"],"picked":"Corpse Explosion","floor":16},{"not_picked":["Dagger Spray+1","Dodge and Roll","Quick Slash+1"],"picked":"SKIP","floor":18},{"not_picked":["Backflip","Flying Knee","Slice"],"picked":"SKIP","floor":21},{"not_picked":["Leg Sweep","Backflip"],"picked":"Prepared+1","floor":24},{"not_picked":["Deflect","Night Terror","Expertise"],"picked":"SKIP","floor":28},{"not_picked":["Endless Agony","Dagger Spray","Slice"],"picked":"SKIP","floor":31}],"player_experience":1291440,"relics_obtained":[{"floor":6,"key":"Bag of Marbles"},{"floor":9,"key":"Happy Flower"},{"floor":24,"key":"Boot"},{"floor":26,"key":"White Beast Statue"}],"event_choices":[{"damage_healed":0,"gold_gain":0,"player_choice":"Got Potions","damage_taken":0,"max_hp_gain":0,"max_hp_loss":0,"event_name":"Lab","floor":2,"gold_loss":0},{"damage_healed":0,"gold_gain":275,"player_choice":"Desecrate","damage_taken":0,"max_hp_gain":0,"max_hp_loss":0,"event_name":"Golden Shrine","floor":4,"gold_loss":0,"cards_obtained":["Regret"]},{"damage_healed":16,"gold_gain":0,"player_choice":"Healed","damage_taken":0,"max_hp_gain":0,"max_hp_loss":0,"event_name":"The Cleric","floor":8,"gold_loss":35},{"damage_healed":0,"gold_gain":0,"player_choice":"Shed Blood","damage_taken":25,"max_hp_gain":5,"max_hp_loss":0,"event_name":"Forgotten Altar","floor":19,"gold_loss":0},{"damage_healed":0,"gold_gain":0,"player_choice":"Opened","damage_taken":0,"relics_obtained":["Strawberry"],"max_hp_gain":0,"max_hp_loss":0,"event_name":"The Mausoleum","floor":20,"gold_loss":0,"cards_obtained":["Writhe"]},{"cards_removed":["Writhe"],"damage_healed":0,"gold_gain":0,"player_choice":"Gave Gold","damage_taken":0,"max_hp_gain":0,"max_hp_loss":0,"event_name":"Beggar","floor":22,"gold_loss":75},{"damage_healed":0,"gold_gain":0,"player_choice":"Upgraded Two","damage_taken":0,"max_hp_gain":0,"max_hp_loss":0,"event_name":"Designer","floor":29,"gold_loss":50,"cards_upgraded":["Bouncing Flask","Corpse Explosion"]}],"is_beta":false,"boss_relics":[{"not_picked":["WristBlade","Coffee Dripper"],"picked":"Ring of the Serpent"}],"items_purged_floors":[10],"is_endless":false,"potions_floor_spawned":[6,11,12,13,16,18,21,28,31],"killed_by":"Champ","ascension_level":17}}