{"host":"i09pxcjttd31eh4q","time":1608810468,"event":{"mods":["AchievementEnabler","BaseMod","Colored Map","Keyboard Shortcuts","Minty Spire (QoL Compilation)","StSLib","SuperFastMode"],"gold_per_floor":[117,136,153,171,171,171,191,191,260,295,295,295,313,326,326,424,424,438,125,145,161,161,161],"floor_reached":22,"playtime":619,"items_purged":["Strike_G"],"score":380,"play_id":"51702da9-1d80-4510-bea6-923d96e2f9ae","local_time":"20201224204748","is_ascension_mode":true,"campfire_choices":[{"data":"Dagger Throw","floor":6.0,"key":"SMITH"},{"floor":8.0,"key":"REST"},{"floor":11.0,"key":"REST"},{"floor":15.0,"key":"REST"}],"circlet_count":0,"master_deck":["AscendersBane","Strike_G","Strike_G","Strike_G","Strike_G","Defend_G","Defend_G","Defend_G","Defend_G","Defend_G","Survivor","Neutralize","Acrobatics","Dagger Throw+1","Calculated Gamble","Dagger Throw+1","Dagger Spray+1","Eviscerate+1","Tools of the Trade","Grand Finale+1","Escape Plan","Backflip"],"relics":["Ring of the Snake","Ice Cream","Golden Idol","Molten Egg 2","Incense Burner","HoveringKite"],"acts_visited":["Exordium","TheCity"],"potions_floor_usage":[22],"damage_taken":[{"damage":0.0,"enemies":"Cultist","floor":1.0,"turns":4.0},{"damage":6.0,"enemies":"Jaw Worm","floor":2.0,"turns":6.0},{"damage":4.0,"enemies":"Small Slimes","floor":3.0,"turns":4.0},{"damage":1.0,"enemies":"3 Louse","floor":4.0,"turns":3.0},{"damage":9.0,"enemies":"Looter","floor":7.0,"turns":4.0},{"damage":39.0,"enemies":"Gremlin Nob","floor":10.0,"turns":5.0},{"damage":14.0,"enemies":"Lots of Slimes","floor":13.0,"turns":5.0},{"damage":0.0,"enemies":"Gremlin Gang","floor":14.0,"turns":3.0},{"damage":29.0,"enemies":"Slime Boss","floor":16.0,"turns":7.0},{"damage":0.0,"enemies":"Spheric Guardian","floor":18.0,"turns":1.0},{"damage":1.0,"enemies":"Chosen","floor":20.0,"turns":3.0},{"damage":22.0,"enemies":"Centurion and Healer","floor":21.0,"turns":3.0},{"damage":36,"enemies":"Cultist and Chosen","floor":22,"turns":5}],"seed_played":"7054699857141393383","potions_obtained":[{"floor":2.0,"key":"Explosive Potion"},{"floor":4.0,"key":"ColorlessPotion"},{"floor":7.0,"key":"Block Potion"},{"floor":10.0,"key":"Poison Potion"},{"floor":12.0,"key":"Fruit Juice"},{"floor":12.0,"key":"Swift Potion"},{"floor":14.0,"key":"Poison Potion"},{"floor":18.0,"key":"PowerPotion"}],"is_trial":false,"path_per_floor":["M","M","M","M","?","R","M","R","T","E","R","?","M","M","R","B",null,"M","$","M","M","M"],"character_chosen":"THE_SILENT","items_purchased":["Grand Finale+1","Escape Plan"],"campfire_rested":3,"item_purchase_floors":[19,19],"current_hp_per_floor":[44,38,34,33,33,33,24,42,42,3,21,26,12,12,31,2,49,49,49,48,26,0,0],"gold":161,"neow_bonus":"ONE_RARE_RELIC","is_daily":false,"chose_seed":false,"campfire_upgraded":1,"win_rate":0.0,"timestamp":1608810468,"path_taken":["M","M","M","M","?","R","M","R","T","E","R","?","M","M","R","BOSS","M","?","?","M","M"],"items_purchased_type":["Card","Card"],"build_version":"2020-12-22","purchased_purges":1,"victory":false,"max_hp_per_floor":[66,66,66,66,60,60,60,60,60,60,60,65,65,65,65,65,65,65,65,65,65,65,65],"card_choices":[{"not_picked":["Slice","Distraction"],"picked":"Acrobatics","floor":1.0},{"not_picked":["PiercingWail","Accuracy","Slice"],"picked":"SKIP","floor":2.0},{"not_picked":["Storm of Steel","Sucker Punch","Catalyst"],"picked":"SKIP","floor":3.0},{"not_picked":["Distraction","Backflip"],"picked":"Dagger Throw","floor":4.0},{"not_picked":["Sucker Punch","Dagger Throw"],"picked":"Calculated Gamble","floor":7.0},{"not_picked":["Slice+1","Sucker Punch+1"],"picked":"Dagger Throw+1","floor":10.0},{"not_picked":["Poisoned Stab+1","Dagger Throw+1"],"picked":"Dagger Spray+1","floor":13.0},{"not_picked":["Backflip","A Thousand Cuts"],"picked":"Eviscerate+1","floor":14.0},{"not_picked":["Storm of Steel","Glass Knife+1"],"picked":"Tools of the Trade","floor":16.0},{"not_picked":["All Out Attack+1","Deflect","Sucker Punch+1"],"picked":"SKIP","floor":18.0},{"not_picked":["Skewer+1","Dagger Throw+1","Outmaneuver+1"],"picked":"SKIP","floor":20.0},{"not_picked":["Dodge and Roll","Acrobatics"],"picked":"Backflip","floor":21.0}],"player_experience":767816,"relics_obtained":[{"floor":9.0,"key":"Molten Egg 2"},{"floor":10.0,"key":"Incense Burner"}],"event_choices":[{"damage_healed":0.0,"max_hp_gain":0.0,"max_hp_loss":6.0,"gold_gain":0.0,"event_name":"Golden Idol","player_choice":"Lose Max HP","floor":5.0,"gold_loss":0.0,"damage_taken":0.0,"relics_obtained":["Golden Idol"]},{"damage_healed":0.0,"max_hp_gain":0.0,"max_hp_loss":0.0,"gold_gain":0.0,"event_name":"Lab","player_choice":"Got Potions","floor":12.0,"gold_loss":0.0,"damage_taken":0.0}],"is_beta":false,"boss_relics":[{"not_picked":["WristBlade","Sozu"],"picked":"HoveringKite"}],"items_purged_floors":[19],"is_endless":false,"potions_floor_spawned":[2,4,7,10,14,18],"killed_by":"Cultist and Chosen","ascension_level":20}}