{"host":"s7tmyr5e6xvpia4b","time":1608811409,"event":{"mods":["BaseMod","Bestiary","Better Synergies","BshForSts","Curses Come First","GifTheSpireLib","Luminous","Minty Spire (QoL Compilation)","Replay The Spire","StSLib","noobMod"],"gold_per_floor":[112,132,132,207,221,221,262,262,262,305,96,120,120,163,163,286,286,300,177,196,196,211,211,247,247,247,36,70,70,95,119,119,242,242,255,279,339,407,423,463,463,499,549,567,601,621,657,678,678,678],"floor_reached":51,"playtime":3613,"items_purged":["Strike_G","Strike_G","Defend_G"],"score":1020,"play_id":"286cacbe-e0ed-4533-a4fe-2bda7ab121ee","local_time":"20201224200329","is_ascension_mode":true,"campfire_choices":[{"data":"Deadly Poison","floor":6,"key":"SMITH"},{"data":"Venomology","floor":13,"key":"SMITH"},{"data":"Hidden Blade","floor":15,"key":"SMITH"},{"data":"After Image","floor":25,"key":"SMITH"},{"data":"Tactician","floor":29,"key":"SMITH"},{"data":"ReplayTheSpireMod:Necrosis","floor":32,"key":"SMITH"},{"data":"Bullet Time","floor":41,"key":"SMITH"},{"data":"Noxious Fumes","floor":49,"key":"SMITH"}],"circlet_count":0,"master_deck":["Strike_G","Strike_G","Defend_G","Defend_G+1","Defend_G","Defend_G","Survivor","Neutralize","Deadly Poison+1","Prepared","Poisoned Stab+1","Hidden Blade+1","Endless Agony","Crippling Poison+1","Venomology+1","Blade Dance+1","After Image+1","Overencumbered","ReplayTheSpireMod:Faulty Equipment","Voices","ReplayTheSpireMod:Speed Training+1","Bane","Noxious Fumes+1","Tactician+1","ReplayTheSpireMod:Necrosis+1","Prepared+1","Tactician","Blade Dance","Bullet Time+1","Toxin Wave","Bouncing Flask+1","ReplayTheSpireMod:Splinters","Storm of Steel+1","ReplayTheSpireMod:The Works","Cloak And Dagger+1"],"relics":["Ring of the Snake","ice","Golden Idol","Meat on the Bone","Pen Nib","Replay:Multitool","Basket Of Snakes","Replay:Bottled Flurry","Replay:Ancient Bell","Anchor","Replay:Bottled Steam","Du-Vu Doll","CultistMask","Sundial","Replay:Accelerometer","Membership Card","War Paint","HoveringKite","Durian","Bag of Marbles","Oddly Smooth Stone","Golden Egg","StoneCalendar","Replay:Baseball"],"acts_visited":["Exordium","TheCity","TheBeyond"],"potions_floor_usage":[14,16,20,20,22,28,28,31,31,36,37,39,42,42,44,45,46,48,50,50,50,50],"damage_taken":[{"damage":3,"enemies":"Small Slimes","floor":1,"turns":4},{"damage":2,"enemies":"Jaw Worm","floor":2,"turns":5},{"damage":0,"enemies":"Cultist","floor":5,"turns":4},{"damage":57,"enemies":"3 Sentries","floor":7,"turns":12},{"damage":20,"enemies":"Lagavulin","floor":10,"turns":5},{"damage":8,"enemies":"3 Louse","floor":12,"turns":2},{"damage":11,"enemies":"3 Sentries","floor":14,"turns":5},{"damage":1,"enemies":"Fading Forest","floor":16,"turns":12},{"damage":4,"enemies":"Shell Parasite","floor":18,"turns":4},{"damage":2,"enemies":"3 Byrds","floor":20,"turns":4},{"damage":2,"enemies":"3 Cultists","floor":22,"turns":4},{"damage":31,"enemies":"Gremlin Leader","floor":24,"turns":5},{"damage":11,"enemies":"Slavers","floor":28,"turns":3},{"damage":31,"enemies":"Shelled Parasite and Fungi","floor":30,"turns":6},{"damage":0,"enemies":"Sentry and Sphere","floor":31,"turns":4},{"damage":53,"enemies":"Automaton","floor":33,"turns":8},{"damage":0,"enemies":"Orb Walker","floor":35,"turns":3},{"damage":2,"enemies":"3 Darklings","floor":36,"turns":4},{"damage":13,"enemies":"2 Orb Walkers","floor":37,"turns":4},{"damage":11,"enemies":"Maw","floor":39,"turns":5},{"damage":90,"enemies":"Giant Head","floor":40,"turns":8},{"damage":16,"enemies":"R_Hoarder","floor":42,"turns":6},{"damage":0,"enemies":"Jaw Worm Horde","floor":44,"turns":2},{"damage":14,"enemies":"Reptomancer","floor":45,"turns":6},{"damage":20,"enemies":"Transient","floor":46,"turns":5},{"damage":0,"enemies":"R_Hoarder","floor":47,"turns":4},{"damage":17,"enemies":"4 Shapes","floor":48,"turns":5},{"damage":37,"enemies":"Time Eater","floor":50,"turns":8}],"seed_played":"-4711735414966742931","potions_obtained":[{"floor":2,"key":"Swift Potion"},{"floor":14,"key":"LiquidBronze"},{"floor":16,"key":"Dexterity Potion"},{"floor":18,"key":"Poison Potion"},{"floor":30,"key":"SpeedPotion"},{"floor":36,"key":"Elixir"},{"floor":42,"key":"Explosive Potion"},{"floor":47,"key":"SpeedPotion"},{"floor":48,"key":"Toxic Potion"}],"is_trial":false,"path_per_floor":["M","M","?","?","M","R","E","T","T","E","$","M","R","E","R","B",null,"M","$","M","?","M","R","E","R","T","$","E","R","M","M","R","B",null,"M","M","?","?","M","E","R","E","T","M","E","M","E","M","R","B",null],"character_chosen":"THE_SILENT","items_purchased":["Endless Agony","Crippling Poison+1","Bane","Membership Card"],"campfire_rested":0,"item_purchase_floors":[11,11,19,27],"current_hp_per_floor":[67,65,65,54,54,54,55,55,55,35,35,39,39,40,40,51,83,79,79,77,77,75,107,76,76,76,76,65,65,46,58,58,17,135,135,133,125,125,114,36,36,32,32,44,42,34,46,41,41,16],"gold":678,"neow_bonus":"REMOVE_CARD","is_daily":false,"chose_seed":false,"campfire_upgraded":8,"win_rate":0.0,"timestamp":1608811409,"path_taken":["M","M","?","?","M","R","E","?","T","E","$","M","R","E","R","BOSS","M","$","?","?","M","R","E","R","T","?","E","R","M","M","R","BOSS","M","M","?","?","M","E","R","E","T","M","E","?","E","M","R","BOSS"],"items_purchased_type":["Card","Card","Card","Relic"],"build_version":"2020-12-22","purchased_purges":3,"victory":true,"max_hp_per_floor":[70,70,65,65,65,65,66,66,66,68,68,71,71,74,74,83,83,87,87,105,105,108,108,113,113,113,113,117,117,124,127,127,135,135,137,143,152,152,154,159,159,162,162,163,166,171,173,177,177,187],"card_choices":[{"not_picked":["Poisoned Stab","Dagger Throw"],"picked":"Deadly Poison","floor":1},{"not_picked":["Dagger Spray","Flying Knee"],"picked":"Prepared","floor":2},{"not_picked":["Slice","PiercingWail","Predator"],"picked":"SKIP","floor":5},{"not_picked":["ReplayTheSpireMod:Shiv Toss","Quick Slash"],"picked":"Poisoned Stab","floor":7},{"not_picked":["Finisher","Backstab"],"picked":"Hidden Blade","floor":10},{"not_picked":["Dagger Spray","Cloak And Dagger"],"picked":"Venomology","floor":12},{"not_picked":["Bullet Time","Flying Knee"],"picked":"Blade Dance","floor":14},{"not_picked":["ReplayTheSpireMod:From All Sides","Poison Darts"],"picked":"After Image","floor":16},{"not_picked":["CurseOfTheBell","Hallucinations"],"picked":"Overencumbered","floor":17},{"not_picked":["ReplayTheSpireMod:Restless Dread","ReplayTheSpireMod:IOU"],"picked":"ReplayTheSpireMod:Faulty Equipment","floor":17},{"not_picked":["ReplayTheSpireMod:Restless Dread","Shame"],"picked":"Voices","floor":17},{"not_picked":["Underhanded Strike","Dodge and Roll"],"picked":"ReplayTheSpireMod:Speed Training+1","floor":18},{"not_picked":["Draining Mist","Backflip"],"picked":"Noxious Fumes","floor":20},{"not_picked":["Hidden Blade+1","Crippling Poison+1"],"picked":"Tactician","floor":22},{"not_picked":["Dodge and Roll","Infinite Blades"],"picked":"ReplayTheSpireMod:Necrosis","floor":24},{"not_picked":["Hidden Blade","Flying Knee"],"picked":"Prepared+1","floor":28},{"not_picked":["Footwork+1","Concentrate"],"picked":"Tactician","floor":30},{"not_picked":["Noxious Fumes","A Thousand Cuts"],"picked":"Blade Dance","floor":31},{"not_picked":["Replay:Bag of Tricks","Malaise"],"picked":"Bullet Time","floor":33},{"not_picked":["Well Laid Plans+1","Expertise"],"picked":"Toxin Wave","floor":35},{"not_picked":["Prepared+1","Accuracy+1","Caltrops"],"picked":"SKIP","floor":36},{"not_picked":["Backflip","Slice+1"],"picked":"Bouncing Flask+1","floor":37},{"not_picked":["PiercingWail","Blur","Flying Knee+1"],"picked":"SKIP","floor":39},{"not_picked":["Prepared+1","Outmaneuver","Deadly Poison"],"picked":"SKIP","floor":40},{"not_picked":["Dodge and Roll+1","Leg Sweep+1"],"picked":"Storm of Steel","floor":42},{"not_picked":["Caltrops","Well Laid Plans","Outmaneuver"],"picked":"SKIP","floor":44},{"not_picked":["Footwork+1","All Out Attack","Eviscerate+1"],"picked":"SKIP","floor":45},{"not_picked":["Masterful Stab","Backflip"],"picked":"ReplayTheSpireMod:The Works","floor":46},{"not_picked":["Underhanded Strike+1","Dodge and Roll+1"],"picked":"Cloak And Dagger+1","floor":47},{"not_picked":["All Out Attack+1","ReplayTheSpireMod:Speed Training","Slice"],"picked":"SKIP","floor":48}],"player_experience":56224,"relics_obtained":[{"floor":7,"key":"Meat on the Bone"},{"floor":8,"key":"Pen Nib"},{"floor":9,"key":"Replay:Multitool"},{"floor":10,"key":"Basket Of Snakes"},{"floor":14,"key":"Replay:Bottled Flurry"},{"floor":24,"key":"Sundial"},{"floor":26,"key":"Replay:Accelerometer"},{"floor":28,"key":"War Paint"},{"floor":37,"key":"Durian"},{"floor":38,"key":"Bag of Marbles"},{"floor":40,"key":"Oddly Smooth Stone"},{"floor":42,"key":"Golden Egg"},{"floor":45,"key":"StoneCalendar"},{"floor":47,"key":"Replay:Baseball"}],"event_choices":[{"damage_healed":0,"gold_gain":0,"player_choice":"Lose Max HP","damage_taken":0,"relics_obtained":["Golden Idol"],"max_hp_gain":0,"max_hp_loss":5,"event_name":"Golden Idol","floor":3,"gold_loss":0},{"damage_healed":0,"gold_gain":75,"player_choice":"Gather Gold","damage_taken":11,"max_hp_gain":0,"max_hp_loss":0,"event_name":"World of Goop","floor":4,"gold_loss":0},{"damage_healed":0,"gold_gain":0,"player_choice":"Trade","damage_taken":0,"relics_obtained":["CultistMask"],"max_hp_gain":0,"max_hp_loss":0,"event_name":"FaceTrader","floor":21,"gold_loss":0},{"damage_healed":0,"gold_gain":0,"player_choice":"Fight","damage_taken":0,"max_hp_gain":0,"max_hp_loss":0,"event_name":"Mysterious Sphere","floor":37,"gold_loss":0}],"is_beta":false,"boss_relics":[{"not_picked":["Runic Pyramid","SacredBark"],"picked":"Replay:Ancient Bell"},{"not_picked":["Replay:Rubber Ducky","Strawberry"],"picked":"Anchor"},{"not_picked":["Matryoshka","ReplayTheSpireMod:Shallot"],"picked":"Replay:Bottled Steam"},{"not_picked":["Replay:PocketPolymizer","Counterbalance"],"picked":"Du-Vu Doll"},{"not_picked":["Painkiller Herb","Honey Jar"],"picked":"HoveringKite"}],"items_purged_floors":[11,19,27],"is_endless":false,"potions_floor_spawned":[2,14,16,18,24,30,35,36,42,47,48],"ascension_level":3}}