{"host":"z9811rt50ti81n54","time":1608769100,"event":{"mods":["BaseMod","Minty Spire (QoL Compilation)"],"gold_per_floor":[109,109,26,26,44,44,44,61,106,106,126,126,126,2,2,106,106,126,126,14,25,38,38,50,100,123,123,139,156,171,171,171,171,171],"floor_reached":33,"playtime":1196,"items_purged":["Strike_G"],"score":262,"play_id":"c8873e3b-870b-4f87-ac8c-3c9cc1f04bd2","local_time":"20201224091820","is_ascension_mode":false,"campfire_choices":[{"data":"Neutralize","floor":6.0,"key":"SMITH"},{"data":"Footwork","floor":10.0,"key":"SMITH"},{"data":"Backstab","floor":13.0,"key":"SMITH"},{"data":"Noxious Fumes","floor":15.0,"key":"SMITH"},{"data":"Bullet Time","floor":23.0,"key":"SMITH"},{"data":"Footwork","floor":27.0,"key":"SMITH"},{"data":"Bouncing Flask","floor":32.0,"key":"SMITH"}],"circlet_count":0,"master_deck":["Strike_G","Strike_G","Strike_G","Strike_G","Defend_G","Defend_G","Defend_G","Defend_G","Defend_G","Survivor","Neutralize+1","Bouncing Flask+1","Deadly Poison","Footwork+1","Backstab+1","Noxious Fumes+1","PiercingWail","Bullet Time+1","Footwork+1","Backstab","Backflip","Backflip","Night Terror","Calculated Gamble"],"relics":["Ring of the Snake","Lantern","Omamori","Pear","Tiny Chest","Strawberry","Calling Bell","Bronze Scales","Question Card","Ginger","Regal Pillow","Smiling Mask"],"acts_visited":["Exordium","TheCity"],"potions_floor_usage":[],"damage_taken":[{"damage":0.0,"enemies":"Small Slimes","floor":1.0,"turns":3.0},{"damage":1.0,"enemies":"Jaw Worm","floor":5.0,"turns":4.0},{"damage":0.0,"enemies":"2 Louse","floor":8.0,"turns":2.0},{"damage":4.0,"enemies":"Exordium Thugs","floor":11.0,"turns":4.0},{"damage":36.0,"enemies":"Hexaghost","floor":16.0,"turns":8.0},{"damage":10.0,"enemies":"Spheric Guardian","floor":18.0,"turns":3.0},{"damage":4.0,"enemies":"2 Thieves","floor":21.0,"turns":4.0},{"damage":2.0,"enemies":"Snecko","floor":22.0,"turns":5.0},{"damage":5.0,"enemies":"Snake Plant","floor":24.0,"turns":5.0},{"damage":5.0,"enemies":"Cultist and Chosen","floor":28.0,"turns":7.0},{"damage":3.0,"enemies":"Snecko","floor":29.0,"turns":4.0},{"damage":1.0,"enemies":"Centurion and Healer","floor":30.0,"turns":8.0},{"damage":0.0,"enemies":"Colosseum Slavers","floor":31.0,"turns":1.0},{"damage":71,"enemies":"Automaton","floor":33,"turns":12}],"seed_played":"3640681691036120387","potions_obtained":[{"floor":1.0,"key":"Fire Potion"},{"floor":11.0,"key":"SpeedPotion"},{"floor":16.0,"key":"Ancient Potion"},{"floor":18.0,"key":"Poison Potion"},{"floor":19.0,"key":"SmokeBomb"}],"is_trial":false,"path_per_floor":["M","?","$","?","M","R","?","M","T","R","M","T","R","$","R","B",null,"M","?","$","M","M","R","M","T","T","R","M","M","M","?","R","B"],"character_chosen":"THE_SILENT","items_purchased":["Infinite Blades","Deadly Poison","Noxious Fumes","PiercingWail","Footwork"],"campfire_rested":0,"item_purchase_floors":[3,3,14,14,20],"current_hp_per_floor":[70,45,45,70,69,69,79,79,79,79,75,82,82,82,82,46,87,77,77,77,73,71,71,66,66,66,66,61,58,57,57,57,0,0],"gold":171,"neow_bonus":"RANDOM_COMMON_RELIC","is_daily":false,"chose_seed":false,"campfire_upgraded":7,"win_rate":0.0,"timestamp":1608769100,"path_taken":["M","?","?","?","?","R","?","?","T","R","M","?","R","$","R","BOSS","M","?","$","?","M","R","M","?","T","R","?","M","M","?","R","BOSS"],"items_purchased_type":["Card","Card","Card","Card","Card"],"build_version":"2020-12-22","purchased_purges":1,"victory":false,"max_hp_per_floor":[70,70,70,70,70,70,80,80,80,80,80,87,87,87,87,87,87,87,87,87,87,87,87,87,87,87,87,87,87,87,87,87,87,87],"card_choices":[{"not_picked":["Infinite Blades","Eviscerate"],"picked":"Bouncing Flask","floor":1.0},{"not_picked":["Choke","Blade Dance"],"picked":"Underhanded Strike","floor":5.0},{"not_picked":["Bane","Dagger Spray"],"picked":"Footwork","floor":8.0},{"not_picked":["Slice","Eviscerate"],"picked":"Backstab","floor":11.0},{"not_picked":["Adrenaline","After Image"],"picked":"Bullet Time","floor":16.0},{"not_picked":["Deflect","Dagger Throw","Noxious Fumes","Slice"],"picked":"SKIP","floor":18.0},{"not_picked":["Infinite Blades","Crippling Poison","Blade Dance"],"picked":"Backstab","floor":21.0},{"not_picked":["Setup","Cloak And Dagger+1","Deadly Poison"],"picked":"Backflip","floor":22.0},{"not_picked":["Blade Dance","Outmaneuver","Dagger Throw"],"picked":"Backflip","floor":24.0},{"not_picked":["Flechettes","Quick Slash","Poisoned Stab","Deflect"],"picked":"SKIP","floor":28.0},{"not_picked":["Sucker Punch","Leg Sweep","Dodge and Roll+1"],"picked":"Night Terror","floor":29.0},{"not_picked":["Dagger Throw","Dodge and Roll","Expertise"],"picked":"Calculated Gamble","floor":30.0}],"player_experience":201202,"relics_obtained":[{"floor":9.0,"key":"Tiny Chest"},{"floor":12.0,"key":"Strawberry"},{"floor":17.0,"key":"Bronze Scales"},{"floor":17.0,"key":"Question Card"},{"floor":17.0,"key":"Ginger"},{"floor":25.0,"key":"Regal Pillow"},{"floor":26.0,"key":"Smiling Mask"}],"event_choices":[{"damage_healed":0.0,"max_hp_gain":0.0,"max_hp_loss":0.0,"gold_gain":0.0,"event_name":"Scrap Ooze","player_choice":"Success","floor":2.0,"gold_loss":0.0,"damage_taken":25.0,"relics_obtained":["Omamori"]},{"cards_removed":["Infinite Blades"],"damage_healed":25.0,"max_hp_gain":0.0,"max_hp_loss":0.0,"gold_gain":0.0,"event_name":"Bonfire Elementals","player_choice":"Offered Uncommon","floor":4.0,"gold_loss":0.0,"damage_taken":0.0},{"cards_removed":["Underhanded Strike"],"damage_healed":0.0,"max_hp_gain":0.0,"max_hp_loss":0.0,"gold_gain":0.0,"event_name":"WeMeetAgain","player_choice":"Gave Card","floor":7.0,"gold_loss":0.0,"damage_taken":0.0,"relics_obtained":["Pear"]},{"damage_healed":0.0,"max_hp_gain":0.0,"max_hp_loss":0.0,"gold_gain":0.0,"event_name":"Lab","player_choice":"Got Potions","floor":19.0,"gold_loss":0.0,"damage_taken":0.0},{"damage_healed":0.0,"max_hp_gain":0.0,"max_hp_loss":0.0,"gold_gain":0.0,"event_name":"Colosseum","player_choice":"Fight","floor":31.0,"gold_loss":0.0,"damage_taken":0.0},{"damage_healed":0.0,"max_hp_gain":0.0,"max_hp_loss":0.0,"gold_gain":0.0,"event_name":"Colosseum","player_choice":"Fled From Nobs","floor":31.0,"gold_loss":0.0,"damage_taken":0.0}],"is_beta":false,"boss_relics":[{"not_picked":["Runic Dome","Fusion Hammer"],"picked":"Calling Bell"}],"items_purged_floors":[20],"is_endless":false,"potions_floor_spawned":[1,11,16,18,22],"killed_by":"Automaton","ascension_level":0}}