{"host":"i1ibt4vxe0effuru","time":1608778688,"event":{"mods":["AchievementEnabler","BaseMod","Card Forge","Minty Spire (QoL Compilation)","Quick Restart","Shop Mod","StSLib"],"gold_per_floor":[18,18,18,38,38,69,88,128,210,210,210,235,235,276,276,396,396,419,443,286,311,311,311,352,366,435,473,487,487,487,526,526,656,656,672,735,359,359,374,418,441,441,441,460,474,515,515,556,556,556],"floor_reached":51,"playtime":835,"items_purged":[],"score":2072,"play_id":"1592c068-c462-416d-9f2a-7e885b8f76cc","local_time":"20201224125808","is_ascension_mode":true,"campfire_choices":[{"floor":11,"key":"DIG"},{"floor":13,"key":"DIG"},{"data":"1","floor":15,"key":"LIFT"},{"data":"2","floor":23,"key":"LIFT"},{"data":"3","floor":30,"key":"LIFT"},{"floor":32,"key":"DIG"},{"floor":42,"key":"DIG"},{"floor":47,"key":"DIG"},{"floor":49,"key":"DIG"}],"circlet_count":0,"master_deck":["AscendersBane","Reflex+1","Prepared+1","Skewer+1","Tactician+1","Concentrate+1"],"relics":["Ring of the Snake","Hammer of Thor","Seething Fire","Anvil of the Gods","Golden Idol","Shovel","Blood Vial","Toy Ornithopter","Tingsha","Smiling Mask","Bag of Marbles","Girya","Runic Pyramid","Vajra","Matryoshka","Unceasing Top","Bronze Scales","Red Mask","Kunai","Pocketwatch","SacredBark","Torii","Membership Card","Potion Belt","Ice Cream","Bag of Preparation","Incense Burner","Eternal Feather","Gambling Chip","Oddly Smooth Stone","Regal Pillow","Mummified Hand","Bottled Lightning"],"acts_visited":["Exordium","TheCity","TheBeyond"],"potions_floor_usage":[24],"damage_taken":[{"damage":0,"enemies":"Small Slimes","floor":1,"turns":1},{"damage":0,"enemies":"Jaw Worm","floor":4,"turns":1},{"damage":0,"enemies":"Gremlin Nob","floor":6,"turns":1},{"damage":0,"enemies":"Cultist","floor":7,"turns":1},{"damage":0,"enemies":"3 Sentries","floor":8,"turns":1},{"damage":0,"enemies":"Blue Slaver","floor":12,"turns":1},{"damage":0,"enemies":"Lagavulin","floor":14,"turns":1},{"damage":0,"enemies":"The Guardian","floor":16,"turns":1},{"damage":0,"enemies":"Spheric Guardian","floor":18,"turns":1},{"damage":0,"enemies":"Shell Parasite","floor":19,"turns":1},{"damage":0,"enemies":"Shelled Parasite and Fungi","floor":21,"turns":1},{"damage":0,"enemies":"Book of Stabbing","floor":24,"turns":1},{"damage":0,"enemies":"Snake Plant","floor":25,"turns":1},{"damage":0,"enemies":"Masked Bandits","floor":27,"turns":1},{"damage":0,"enemies":"Centurion and Healer","floor":28,"turns":1},{"damage":0,"enemies":"Slavers","floor":31,"turns":1},{"damage":0,"enemies":"Collector","floor":33,"turns":1},{"damage":0,"enemies":"Orb Walker","floor":35,"turns":1},{"damage":0,"enemies":"Mind Bloom Boss Battle","floor":36,"turns":1},{"damage":0,"enemies":"3 Darklings","floor":39,"turns":1},{"damage":0,"enemies":"Reptomancer","floor":40,"turns":1},{"damage":0,"enemies":"Writhing Mass","floor":41,"turns":1},{"damage":0,"enemies":"Sphere and 2 Shapes","floor":44,"turns":1},{"damage":0,"enemies":"Maw","floor":45,"turns":1},{"damage":0,"enemies":"Giant Head","floor":46,"turns":1},{"damage":0,"enemies":"Reptomancer","floor":48,"turns":1},{"damage":0,"enemies":"Time Eater","floor":50,"turns":1}],"seed_played":"3747814512775844594","potions_obtained":[{"floor":7,"key":"Regen Potion"},{"floor":19,"key":"EssenceOfSteel"},{"floor":24,"key":"Fruit Juice"},{"floor":27,"key":"Regen Potion"},{"floor":46,"key":"FearPotion"}],"is_trial":false,"path_per_floor":["M","?","T","M","?","E","M","E","T","?","R","M","R","E","R","B",null,"M","M","$","M","?","R","E","M","T","?","M","?","R","E","R","B",null,"M","?","$","?","M","E","M","R","T","M","M","E","R","E","R","B",null],"character_chosen":"THE_SILENT","items_purchased":["Vajra","Membership Card","Potion Belt","Ice Cream"],"campfire_rested":0,"item_purchase_floors":[20,37,37,37],"current_hp_per_floor":[77,56,56,56,56,56,58,60,60,35,35,37,37,39,39,41,73,75,77,77,79,79,79,89,89,89,89,89,89,89,89,89,89,89,89,89,89,89,89,89,89,89,89,89,89,89,89,89,89,89],"gold":556,"neow_bonus":"TWENTY_PERCENT_HP_BONUS","is_daily":false,"chose_seed":false,"campfire_upgraded":0,"win_rate":0.0,"timestamp":1608778688,"path_taken":["M","?","?","?","?","E","?","E","T","?","R","M","R","E","R","BOSS","M","M","$","M","?","R","E","M","T","?","M","?","R","E","R","BOSS","M","?","$","?","M","E","M","R","T","M","M","E","R","E","R","BOSS"],"items_purchased_type":["Relic","Relic","Relic","Relic"],"build_version":"2020-12-22","purchased_purges":0,"victory":true,"max_hp_per_floor":[84,84,84,84,84,84,84,84,84,84,84,84,84,84,84,84,84,84,84,84,84,84,84,89,89,89,89,89,89,89,89,89,89,89,89,89,89,89,89,89,89,89,89,89,89,89,89,89,89,89],"card_choices":[{"not_picked":["Outmaneuver","Quick Slash","Flying Knee"],"picked":"SKIP","floor":1},{"not_picked":["Predator","Deflect","Riddle With Holes"],"picked":"SKIP","floor":4},{"not_picked":["Dash","Accuracy","Cloak And Dagger"],"picked":"SKIP","floor":6},{"not_picked":["Prepared","Distraction","Flechettes"],"picked":"SKIP","floor":7},{"not_picked":["Slice","Venomology","Backflip"],"picked":"SKIP","floor":8},{"not_picked":["Endless Agony","Setup","Outmaneuver"],"picked":"SKIP","floor":12},{"not_picked":["Backflip","Dagger Spray","Deflect"],"picked":"SKIP","floor":14},{"not_picked":["Outmaneuver+1","Well Laid Plans","Acrobatics+1"],"picked":"SKIP","floor":18},{"not_picked":["Acrobatics","PiercingWail","Flying Knee"],"picked":"SKIP","floor":19},{"not_picked":["Slice+1","Blur","Choke"],"picked":"SKIP","floor":21},{"not_picked":["Dagger Throw","Cloak And Dagger","Expertise"],"picked":"SKIP","floor":24},{"not_picked":["Dash","Blade Dance","Bane"],"picked":"SKIP","floor":25},{"not_picked":["Flying Knee","Footwork+1","Underhanded Strike"],"picked":"SKIP","floor":28},{"not_picked":["Quick Slash","Phantasmal Killer","Terror+1"],"picked":"SKIP","floor":31},{"not_picked":["Deadly Poison","Poisoned Stab+1","Slice"],"picked":"SKIP","floor":35},{"not_picked":["Dodge and Roll","Cloak And Dagger","Underhanded Strike"],"picked":"SKIP","floor":39},{"not_picked":["Dash+1","Flechettes+1","Accuracy"],"picked":"SKIP","floor":40},{"not_picked":["Deflect","Cloak And Dagger+1","Finisher+1"],"picked":"SKIP","floor":41},{"not_picked":["Quick Slash","Bouncing Flask","Deflect"],"picked":"SKIP","floor":44},{"not_picked":["Tactician","Deadly Poison","Expertise+1"],"picked":"SKIP","floor":45},{"not_picked":["A Thousand Cuts","Dagger Spray","Choke+1"],"picked":"SKIP","floor":46},{"not_picked":["Acrobatics","Predator","Deflect+1"],"picked":"SKIP","floor":48}],"player_experience":162815,"relics_obtained":[{"floor":3,"key":"Shovel"},{"floor":6,"key":"Blood Vial"},{"floor":8,"key":"Toy Ornithopter"},{"floor":11,"key":"Smiling Mask"},{"floor":13,"key":"Bag of Marbles"},{"floor":14,"key":"Girya"},{"floor":24,"key":"Unceasing Top"},{"floor":26,"key":"Bronze Scales"},{"floor":27,"key":"Red Mask"},{"floor":31,"key":"Kunai"},{"floor":32,"key":"Pocketwatch"},{"floor":36,"key":"Torii"},{"floor":40,"key":"Bag of Preparation"},{"floor":42,"key":"Incense Burner"},{"floor":43,"key":"Eternal Feather"},{"floor":43,"key":"Gambling Chip"},{"floor":46,"key":"Oddly Smooth Stone"},{"floor":47,"key":"Regal Pillow"},{"floor":48,"key":"Mummified Hand"},{"floor":49,"key":"Bottled Lightning"}],"event_choices":[{"damage_healed":0,"gold_gain":0,"player_choice":"Take Damage","damage_taken":21,"relics_obtained":["Golden Idol"],"max_hp_gain":0,"max_hp_loss":0,"event_name":"Golden Idol","floor":2,"gold_loss":0},{"cards_removed":["Concentrate"],"damage_healed":0,"gold_gain":0,"player_choice":"Card Removal","damage_taken":0,"max_hp_gain":0,"max_hp_loss":0,"event_name":"Wheel of Change","floor":5,"gold_loss":0},{"damage_healed":0,"gold_gain":0,"player_choice":"Success","damage_taken":25,"relics_obtained":["Tingsha"],"max_hp_gain":0,"max_hp_loss":0,"event_name":"Scrap Ooze","floor":10,"gold_loss":0},{"damage_healed":0,"gold_gain":0,"player_choice":"Opened","damage_taken":0,"relics_obtained":["Matryoshka"],"max_hp_gain":0,"max_hp_loss":0,"event_name":"The Mausoleum","floor":22,"gold_loss":0},{"damage_healed":0,"gold_gain":0,"player_choice":"Fought Bandits","damage_taken":0,"max_hp_gain":0,"max_hp_loss":0,"event_name":"Masked Bandits","floor":27,"gold_loss":0},{"damage_healed":0,"gold_gain":0,"player_choice":"Ignored","damage_taken":0,"max_hp_gain":0,"max_hp_loss":0,"event_name":"Vampires","floor":29,"gold_loss":0},{"damage_healed":0,"gold_gain":0,"player_choice":"Fight","damage_taken":0,"max_hp_gain":0,"max_hp_loss":0,"event_name":"MindBloom","floor":36,"gold_loss":0},{"damage_healed":0,"gold_gain":0,"player_choice":"Bought 0 Potions","damage_taken":0,"max_hp_gain":0,"max_hp_loss":0,"event_name":"The Woman in Blue","floor":38,"gold_loss":0}],"is_beta":false,"boss_relics":[{"not_picked":["Velvet Choker","SlaversCollar"],"picked":"Runic Pyramid"},{"not_picked":["WristBlade","Astrolabe"],"picked":"SacredBark"}],"items_purged_floors":[],"is_endless":false,"potions_floor_spawned":[7,8,16,19,24,27,28,36,44,46],"ascension_level":11}}