{"host":"ty2cix8xj6r3ad26","time":1608841002,"event":{"mods":["AchievementEnabler","BaseMod","BetterRewards","Minty Spire (QoL Compilation)","StSLib","SuperFastMode"],"gold_per_floor":[113,113,136,136,163,163,238,238,238,238,238,257,279,279,279,408,408,433,23,23,51,69,69,118,118,141,141,141,141,181,181,181,318,318,350,350,375,11,286,320,320,363,363,404,476,519,519,549,549,549,549,549,93,127,127,127],"floor_reached":55,"playtime":4330,"items_purged":["Strike_G","Strike_G","Defend_G"],"score":1419,"play_id":"967d1588-170a-4f92-9771-aa3a17771de9","local_time":"20201224221642","is_ascension_mode":true,"campfire_choices":[{"data":"Footwork","floor":6.0,"key":"SMITH"},{"floor":8.0,"key":"REST"},{"data":"Noxious Fumes","floor":15.0,"key":"SMITH"},{"data":"Sadistic Nature","floor":23.0,"key":"SMITH"},{"data":"Neutralize","floor":25.0,"key":"SMITH"},{"data":"Cloak And Dagger","floor":27.0,"key":"SMITH"},{"data":"Backflip","floor":32.0,"key":"SMITH"},{"floor":41.0,"key":"RECALL"},{"data":"1","floor":47,"key":"LIFT"},{"data":"2","floor":49,"key":"LIFT"},{"data":"3","floor":52,"key":"LIFT"}],"circlet_count":0,"master_deck":["Strike_G","Strike_G","Defend_G","Defend_G","Survivor","Neutralize+1","Noxious Fumes+1","Cloak And Dagger+1","Bandage Up","Quick Slash","Footwork+1","Caltrops","Bane","Backflip+1","Sadistic Nature+1","Backstab","Accuracy","Blade Dance+1","Burst","Backstab","Poisoned Stab+1","Footwork","Backstab+1","Dodge and Roll+1","Infinite Blades"],"relics":["Ring of the Snake","TungstenRod","Matryoshka","InkBottle","CeramicFish","Juzu Bracelet","Nunchaku","Golden Idol","Philosopher\u0027s Stone","Ninja Scroll","MutagenicStrength","Pantograph","Dream Catcher","Pen Nib","Mercury Hourglass","Eternal Feather","WristBlade","Omamori","Question Card","Tough Bandages","Vajra","Girya","Regal Pillow","Strawberry","Mummified Hand"],"acts_visited":["Exordium","TheCity","TheBeyond","TheEnding"],"potions_floor_usage":[50,50,54,55],"damage_taken":[{"damage":0.0,"enemies":"2 Louse","floor":1.0,"turns":2.0},{"damage":0.0,"enemies":"Jaw Worm","floor":3.0,"turns":4.0},{"damage":0.0,"enemies":"Small Slimes","floor":5.0,"turns":5.0},{"damage":0.0,"enemies":"Gremlin Gang","floor":11.0,"turns":1.0},{"damage":1.0,"enemies":"3 Louse","floor":12.0,"turns":4.0},{"damage":0.0,"enemies":"Looter","floor":13.0,"turns":4.0},{"damage":23.0,"enemies":"Slime Boss","floor":16.0,"turns":10.0},{"damage":4.0,"enemies":"3 Byrds","floor":18.0,"turns":4.0},{"damage":9.0,"enemies":"Spheric Guardian","floor":21.0,"turns":4.0},{"damage":18.0,"enemies":"Snake Plant","floor":22.0,"turns":3.0},{"damage":4.0,"enemies":"Slavers","floor":24.0,"turns":5.0},{"damage":6.0,"enemies":"Gremlin Leader","floor":30.0,"turns":6.0},{"damage":48.0,"enemies":"Automaton","floor":33.0,"turns":9.0},{"damage":0.0,"enemies":"Orb Walker","floor":35.0,"turns":1.0},{"damage":3.0,"enemies":"3 Darklings","floor":37.0,"turns":3.0},{"damage":0.0,"enemies":"Giant Head","floor":40.0,"turns":4.0},{"damage":23.0,"enemies":"Nemesis","floor":42.0,"turns":5.0},{"damage":13.0,"enemies":"Giant Head","floor":44.0,"turns":5.0},{"damage":0.0,"enemies":"Mind Bloom Boss Battle","floor":45.0,"turns":4.0},{"damage":0.0,"enemies":"Nemesis","floor":46.0,"turns":2.0},{"damage":0,"enemies":"Spire Growth","floor":48,"turns":1},{"damage":45,"enemies":"Awakened One","floor":50,"turns":11},{"damage":28,"enemies":"Shield and Spear","floor":54,"turns":3},{"damage":111,"enemies":"The Heart","floor":55,"turns":6}],"seed_played":"-8913157309341714237","potions_obtained":[{"floor":3.0,"key":"FairyPotion"},{"floor":12.0,"key":"Weak Potion"},{"floor":16.0,"key":"AttackPotion"},{"floor":18.0,"key":"Ancient Potion"},{"floor":21.0,"key":"Poison Potion"},{"floor":22.0,"key":"DistilledChaos"},{"floor":42.0,"key":"SteroidPotion"},{"floor":44.0,"key":"PowerPotion"},{"floor":45.0,"key":"PowerPotion"},{"floor":46.0,"key":"CunningPotion"}],"is_trial":false,"path_per_floor":["M","?","M","?","M","R","?","R","T","?","M","M","M","?","R","B",null,"M","$","?","M","M","R","E","R","T","R","?","?","E","T","R","B",null,"M","?","M","$","?","E","R","E","T","E","?","E","R","M","R","B",null,"R","$","E","B"],"character_chosen":"THE_SILENT","items_purchased":["Matryoshka","InkBottle","Noxious Fumes","Cloak And Dagger","EntropicBrew","Bandage Up","Ninja Scroll","Sadistic Nature","Omamori","Footwork","Poison Potion","Strawberry","Infinite Blades","Weak Potion","CunningPotion"],"campfire_rested":1,"item_purchase_floors":[0,0,0,0,0,0,19,19,38,38,38,53,53,53,53],"current_hp_per_floor":[39,12,16,16,20,20,10,31,31,31,35,38,42,26,26,7,54,54,54,54,49,35,35,35,35,35,35,23,23,21,21,33,14,60,60,60,61,61,61,65,75,52,52,43,72,75,75,75,75,30,64,75,82,54,0,0],"gold":127,"neow_bonus":"","is_daily":false,"chose_seed":false,"campfire_upgraded":6,"win_rate":0.0,"timestamp":1608841002,"path_taken":["M","?","M","?","M","R","?","R","T","?","M","M","M","?","R","BOSS","M","$","?","M","M","R","E","R","T","R","?","?","E","?","R","BOSS","M","?","M","$","?","E","R","E","T","E","?","E","R","M","R","BOSS","R","$","E","BOSS"],"items_purchased_type":["Relic","Relic","Card","Card","Potion","Card","Relic","Card","Relic","Card","Potion","Relic","Card","Potion","Potion"],"build_version":"2020-12-22","purchased_purges":3,"victory":false,"max_hp_per_floor":[70,70,70,70,70,70,70,70,70,70,70,70,70,70,70,70,70,70,70,70,70,70,70,70,70,70,70,75,75,75,75,75,75,75,75,75,75,75,75,75,75,75,75,75,75,75,75,75,75,75,75,75,82,82,82,82],"card_choices":[{"not_picked":["Calculated Gamble","Dodge and Roll"],"picked":"Quick Slash","floor":1.0},{"not_picked":["Outmaneuver","Deadly Poison"],"picked":"Footwork","floor":3.0},{"not_picked":["Dash","PiercingWail"],"picked":"Caltrops","floor":5.0},{"not_picked":["Riddle With Holes","Poisoned Stab"],"picked":"Bane","floor":12.0},{"not_picked":["Eviscerate","Backstab"],"picked":"Backflip","floor":13.0},{"not_picked":["Acrobatics+1","Caltrops","Cloak And Dagger"],"picked":"SKIP","floor":18.0},{"not_picked":["Blade Dance","Setup+1"],"picked":"Backstab","floor":21.0},{"not_picked":["Prepared","Dash","Predator+1"],"picked":"SKIP","floor":22.0},{"not_picked":["Deflect","Outmaneuver"],"picked":"Accuracy","floor":24.0},{"not_picked":["Poisoned Stab","Choke"],"picked":"Blade Dance+1","floor":30.0},{"not_picked":["Unload","Malaise"],"picked":"Burst","floor":33.0},{"not_picked":["Poisoned Stab+1","Prepared+1"],"picked":"Backstab","floor":35.0},{"not_picked":["Slice+1","Underhanded Strike+1"],"picked":"Poisoned Stab+1","floor":37.0},{"not_picked":["Skewer","Well Laid Plans","Wraith Form v2"],"picked":"SKIP","floor":40.0},{"not_picked":["Skewer","Well Laid Plans","Wraith Form v2"],"picked":"SKIP","floor":40.0},{"not_picked":["Finisher","Bane+1","Underhanded Strike","Deflect+1"],"picked":"SKIP","floor":42.0},{"not_picked":["Endless Agony","Distraction","Corpse Explosion","Underhanded Strike+1"],"picked":"SKIP","floor":44.0},{"not_picked":["Setup","Slice","Cloak And Dagger"],"picked":"Backstab+1","floor":45.0},{"not_picked":["Cloak And Dagger","Riddle With Holes","Backflip","Malaise"],"picked":"SKIP","floor":46.0},{"not_picked":["Dagger Spray","Deadly Poison","Accuracy+1"],"picked":"Dodge and Roll+1","floor":48},{"not_picked":["Deflect","Slice","Unload","Sucker Punch+1"],"picked":"SKIP","floor":54}],"player_experience":381697,"relics_obtained":[{"floor":9.0,"key":"Juzu Bracelet"},{"floor":9.0,"key":"Nunchaku"},{"floor":24.0,"key":"Pantograph"},{"floor":26.0,"key":"Dream Catcher"},{"floor":26.0,"key":"Pen Nib"},{"floor":30.0,"key":"Mercury Hourglass"},{"floor":31.0,"key":"Eternal Feather"},{"floor":40.0,"key":"Question Card"},{"floor":42.0,"key":"Tough Bandages"},{"floor":44.0,"key":"Vajra"},{"floor":45.0,"key":"Girya"},{"floor":46.0,"key":"Regal Pillow"},{"floor":54,"key":"Mummified Hand"}],"event_choices":[{"damage_healed":0.0,"max_hp_gain":0.0,"max_hp_loss":0.0,"gold_gain":0.0,"event_name":"Scrap Ooze","player_choice":"Success","floor":2.0,"gold_loss":0.0,"damage_taken":33.0,"relics_obtained":["CeramicFish"]},{"cards_removed":["Defend_G"],"damage_healed":0.0,"max_hp_gain":0.0,"max_hp_loss":0.0,"gold_gain":0.0,"event_name":"Living Wall","player_choice":"Forget","floor":4.0,"gold_loss":0.0,"damage_taken":0.0},{"damage_healed":0.0,"max_hp_gain":0.0,"max_hp_loss":0.0,"gold_gain":75.0,"event_name":"World of Goop","player_choice":"Gather Gold","floor":7.0,"gold_loss":0.0,"damage_taken":11.0},{"cards_removed":["Strike_G"],"damage_healed":0.0,"max_hp_gain":0.0,"max_hp_loss":0.0,"gold_gain":0.0,"event_name":"Purifier","player_choice":"Purged","floor":10.0,"gold_loss":0.0,"damage_taken":0.0},{"damage_healed":0.0,"max_hp_gain":0.0,"max_hp_loss":0.0,"gold_gain":0.0,"event_name":"Golden Idol","player_choice":"Take Damage","floor":14.0,"gold_loss":0.0,"damage_taken":17.0,"relics_obtained":["Golden Idol"]},{"damage_healed":0.0,"max_hp_gain":0.0,"max_hp_loss":0.0,"gold_gain":0.0,"event_name":"Drug Dealer","player_choice":"Inject Mutagens","floor":20.0,"gold_loss":0.0,"damage_taken":0.0,"relics_obtained":["MutagenicStrength"]},{"damage_healed":0.0,"max_hp_gain":5.0,"max_hp_loss":0.0,"gold_gain":0.0,"event_name":"Forgotten Altar","player_choice":"Shed Blood","floor":28.0,"gold_loss":0.0,"damage_taken":18.0},{"damage_healed":0.0,"max_hp_gain":0.0,"max_hp_loss":0.0,"gold_gain":0.0,"event_name":"Ghosts","player_choice":"Ignored","floor":29.0,"gold_loss":0.0,"damage_taken":0.0},{"cards_removed":["Defend_G"],"damage_healed":0.0,"max_hp_gain":0.0,"max_hp_loss":0.0,"gold_gain":0.0,"event_name":"Falling","player_choice":"Removed Skill","floor":36.0,"gold_loss":0.0,"damage_taken":0.0},{"damage_healed":0.0,"max_hp_gain":0.0,"max_hp_loss":0.0,"gold_gain":275.0,"event_name":"Golden Shrine","player_choice":"Desecrate","floor":39.0,"gold_loss":0.0,"damage_taken":0.0,"cards_obtained":["Regret"]},{"damage_healed":0.0,"max_hp_gain":0.0,"max_hp_loss":0.0,"gold_gain":0.0,"event_name":"MindBloom","player_choice":"Fight","floor":45.0,"gold_loss":0.0,"damage_taken":0.0}],"is_beta":false,"boss_relics":[{"not_picked":["Cursed Key","Ectoplasm"],"picked":"Philosopher\u0027s Stone"},{"not_picked":["Runic Dome","Tiny House"],"picked":"WristBlade"}],"items_purged_floors":[0,38,53],"is_endless":false,"potions_floor_spawned":[3,12,16,18,21,22,42,44,45,46],"killed_by":"The Heart","ascension_level":6}}