{"host":"rmsq46plbpwfbxcc","time":1608814325,"event":{"mods":["AchievementEnabler","BaseMod","Colored Map","DeckTracker","Minty Spire (QoL Compilation)","Permanent Neow","SuperFastMode"],"gold_per_floor":[112,112,130,149,160,160,174,203,203,217,235,252,252,281,281,359,359,372,125,140,150,163,163,190,190,190,190,223,233,283,107,107,107,107],"floor_reached":33,"playtime":1166,"items_purged":["Strike_G","Injury"],"score":677,"play_id":"5fe2e266-2dd2-4fcd-82ae-b27068c63cea","local_time":"20201224215205","is_ascension_mode":true,"campfire_choices":[{"data":"Neutralize","floor":6,"key":"SMITH"},{"data":"Footwork","floor":13,"key":"SMITH"},{"data":"Dash","floor":15,"key":"SMITH"},{"data":"A Thousand Cuts","floor":23,"key":"SMITH"},{"data":"Burst","floor":25,"key":"SMITH"},{"data":"Noxious Fumes","floor":32,"key":"SMITH"}],"circlet_count":0,"master_deck":["AscendersBane","Strike_G","Strike_G","Defend_G","Defend_G+1","Survivor","Neutralize+1","Storm of Steel+1","Choke+1","Venomology+1","Backstab","Backflip+1","Deadly Poison","Footwork+1","Dash+1","Escape Plan","PiercingWail","Escape Plan","A Thousand Cuts+1","Burst+1","Terror","Acrobatics","Noxious Fumes+1","Cloak And Dagger","Finisher"],"relics":["Astrolabe","Pear","Ninja Scroll","Ice Cream","Cursed Key","Snake Skull","Ornamental Fan","War Paint","Bag of Marbles"],"acts_visited":["Exordium","TheCity"],"potions_floor_usage":[3,5,7,8,8,8,11,12,16,16,18,21,22,22,24,28,28,29,33,33,33],"damage_taken":[{"damage":4,"enemies":"Cultist","floor":1,"turns":3},{"damage":0,"enemies":"Jaw Worm","floor":3,"turns":4},{"damage":0,"enemies":"2 Louse","floor":4,"turns":2},{"damage":0,"enemies":"Exordium Wildlife","floor":5,"turns":1},{"damage":0,"enemies":"Red Slaver","floor":7,"turns":2},{"damage":0,"enemies":"Lagavulin","floor":8,"turns":2},{"damage":0,"enemies":"Blue Slaver","floor":10,"turns":1},{"damage":1,"enemies":"Looter","floor":11,"turns":3},{"damage":1,"enemies":"Exordium Wildlife","floor":12,"turns":2},{"damage":0,"enemies":"Gremlin Nob","floor":14,"turns":2},{"damage":5,"enemies":"Hexaghost","floor":16,"turns":9},{"damage":8,"enemies":"Chosen","floor":18,"turns":3},{"damage":7,"enemies":"Shell Parasite","floor":20,"turns":4},{"damage":4,"enemies":"Centurion and Healer","floor":21,"turns":5},{"damage":15,"enemies":"Shelled Parasite and Fungi","floor":22,"turns":5},{"damage":0,"enemies":"Gremlin Leader","floor":24,"turns":7},{"damage":12,"enemies":"Slavers","floor":28,"turns":3},{"damage":0,"enemies":"Snake Plant","floor":29,"turns":3},{"damage":29,"enemies":"Champ","floor":33,"turns":8}],"seed_played":"-6221127567759197492","potions_obtained":[{"floor":1,"key":"SteroidPotion"},{"floor":3,"key":"LiquidMemories"},{"floor":5,"key":"DistilledChaos"},{"floor":8,"key":"SkillPotion"},{"floor":11,"key":"Weak Potion"},{"floor":12,"key":"Weak Potion"},{"floor":18,"key":"SteroidPotion"},{"floor":22,"key":"Explosive Potion"},{"floor":24,"key":"Swift Potion"},{"floor":28,"key":"DistilledChaos"}],"is_trial":false,"path_per_floor":["M","$","M","M","M","R","M","E","T","M","M","M","R","E","R","B",null,"M","$","M","M","M","R","E","R","T","?","E","M","?","$","R","B"],"character_chosen":"THE_SILENT","items_purchased":["Snake Skull","Finisher"],"campfire_rested":0,"item_purchase_floors":[19,31],"current_hp_per_floor":[55,55,55,55,55,55,55,65,65,65,64,63,63,63,63,58,72,64,64,57,53,38,38,38,38,38,38,26,26,26,26,26,0,0],"gold":107,"neow_bonus":"BOSS_RELIC","is_daily":false,"chose_seed":false,"campfire_upgraded":6,"win_rate":0.0,"timestamp":1608814325,"path_taken":["M","?","M","M","M","R","M","E","T","M","M","M","R","E","R","BOSS","M","$","M","M","M","R","E","R","T","?","E","M","?","$","R","BOSS"],"items_purchased_type":["Relic","Card"],"build_version":"2020-12-22","purchased_purges":2,"victory":false,"max_hp_per_floor":[66,66,66,66,66,66,66,76,76,76,76,76,76,76,76,76,76,76,76,76,76,76,76,76,76,76,76,76,76,76,76,76,76,76],"card_choices":[{"not_picked":["Setup","Sucker Punch"],"picked":"Backstab","floor":1},{"not_picked":["Calculated Gamble","Slice"],"picked":"Backflip","floor":3},{"not_picked":["Skewer","Riddle With Holes"],"picked":"Deadly Poison","floor":4},{"not_picked":["Deadly Poison","Distraction","Quick Slash"],"picked":"SKIP","floor":5},{"not_picked":["Underhanded Strike","Caltrops","Calculated Gamble"],"picked":"SKIP","floor":7},{"not_picked":["Setup","Flying Knee"],"picked":"Footwork","floor":8},{"not_picked":["Eviscerate","Flying Knee"],"picked":"Dash","floor":10},{"not_picked":["Dodge and Roll","Calculated Gamble"],"picked":"Escape Plan","floor":11},{"not_picked":["Unload","Blur"],"picked":"PiercingWail","floor":12},{"not_picked":["PiercingWail","Deflect"],"picked":"Escape Plan","floor":14},{"not_picked":["Corpse Explosion","Doppelganger"],"picked":"A Thousand Cuts","floor":16},{"not_picked":["Flechettes","Catalyst","Prepared"],"picked":"SKIP","floor":18},{"not_picked":["Underhanded Strike","Bane","Reflex"],"picked":"SKIP","floor":20},{"not_picked":["Masterful Stab","Catalyst","Outmaneuver"],"picked":"SKIP","floor":21},{"not_picked":["Quick Slash+1","Leg Sweep"],"picked":"Burst","floor":22},{"not_picked":["Underhanded Strike","Choke","Wraith Form v2"],"picked":"SKIP","floor":24},{"not_picked":["Bane","Dagger Throw"],"picked":"Noxious Fumes","floor":28},{"not_picked":["Finisher","Quick Slash"],"picked":"Cloak And Dagger","floor":29}],"player_experience":1365533,"relics_obtained":[{"floor":8,"key":"Pear"},{"floor":9,"key":"Ninja Scroll"},{"floor":14,"key":"Ice Cream"},{"floor":24,"key":"Ornamental Fan"},{"floor":26,"key":"War Paint"},{"floor":28,"key":"Bag of Marbles"}],"event_choices":[{"damage_healed":0,"gold_gain":0,"cards_transformed":["Defend_G","Defend_G"],"player_choice":"Became Test Subject","damage_taken":0,"max_hp_gain":0,"max_hp_loss":0,"event_name":"Drug Dealer","floor":27,"gold_loss":0,"cards_obtained":["Terror","Acrobatics"]},{"damage_healed":0,"gold_gain":50,"player_choice":"Stole From Cult","damage_taken":0,"max_hp_gain":0,"max_hp_loss":0,"event_name":"Nest","floor":30,"gold_loss":0}],"is_beta":false,"boss_relics":[{"not_picked":["HoveringKite","Calling Bell"],"picked":"Cursed Key"}],"items_purged_floors":[19,31],"is_endless":false,"potions_floor_spawned":[1,3,5,8,11,12,18,22,24,28],"killed_by":"Champ","ascension_level":16}}