{"host":"9ndbo4kgsfoemf7y","time":1608805686,"event":{"mods":["AchievementEnabler","BaseMod","Colored Map","DeckTracker","Keyboard Shortcuts","Minty Spire (QoL Compilation)","Permanent Neow","Quick Restart","Relic Stats","StSLib","SuperFastMode"],"gold_per_floor":[115,132,146,166,183,183,212,212,212,212,229,229,248,248,248],"floor_reached":14,"playtime":521,"items_purged":[],"score":188,"play_id":"e6ceee99-e662-4985-a35b-08249e64bca6","local_time":"20201224192806","is_ascension_mode":true,"campfire_choices":[{"floor":6.0,"key":"REST"},{"floor":8.0,"key":"REST"},{"data":"Dark Embrace","floor":10.0,"key":"SMITH"},{"data":"Uppercut","floor":12,"key":"SMITH"}],"circlet_count":0,"master_deck":["AscendersBane","Strike_R","Strike_R","Strike_R","Strike_R","Strike_R","Defend_R","Defend_R","Defend_R","Defend_R","Bash","Juggernaut","Pommel Strike","Uppercut+1","Dark Embrace+1","Evolve","Carnage","Fire Breathing","Disarm"],"relics":["Burning Blood","Pen Nib","Dead Branch"],"acts_visited":["Exordium"],"potions_floor_usage":[],"damage_taken":[{"damage":2.0,"enemies":"Cultist","floor":1.0,"turns":4.0},{"damage":19.0,"enemies":"Jaw Worm","floor":2.0,"turns":4.0},{"damage":13.0,"enemies":"2 Louse","floor":3.0,"turns":3.0},{"damage":20.0,"enemies":"Red Slaver","floor":4.0,"turns":5.0},{"damage":19.0,"enemies":"3 Louse","floor":5.0,"turns":4.0},{"damage":30.0,"enemies":"Lagavulin","floor":7.0,"turns":7.0},{"damage":15,"enemies":"Blue Slaver","floor":11,"turns":4},{"damage":23,"enemies":"Large Slime","floor":13,"turns":5},{"damage":33,"enemies":"Gremlin Nob","floor":14,"turns":3}],"seed_played":"-2848606867548440077","potions_obtained":[{"floor":3.0,"key":"BlessingOfTheForge"},{"floor":4.0,"key":"SneckoOil"},{"floor":5.0,"key":"DistilledChaos"},{"floor":7.0,"key":"Ancient Potion"}],"is_trial":false,"path_per_floor":["M","M","M","M","M","R","E","R","T","R","M","R","M","E"],"character_chosen":"IRONCLAD","items_purchased":[],"campfire_rested":2,"item_purchase_floors":[],"current_hp_per_floor":[72,59,52,38,25,47,23,45,45,45,36,36,19,0,0],"gold":248,"neow_bonus":"ONE_RANDOM_RARE_CARD","is_daily":false,"chose_seed":false,"campfire_upgraded":2,"win_rate":0.0,"timestamp":1608805686,"path_taken":["M","M","M","M","M","R","E","R","T","R","M","R","M","E"],"items_purchased_type":[],"build_version":"2020-12-22","purchased_purges":0,"victory":false,"max_hp_per_floor":[75,75,75,75,75,75,75,75,75,75,75,75,75,75,75],"relic_stats":{"counters":[9,39],"Dead Branch":[6],"Pen Nib":[1],"obtain_stats":[{"Dead Branch":9,"Pen Nib":7,"Burning Blood":0},{"Dead Branch":6,"Pen Nib":6,"Burning Blood":0},{"Dead Branch":27,"Pen Nib":27,"Burning Blood":0}],"Burning Blood":48},"card_choices":[{"not_picked":["Warcry","Body Slam"],"picked":"Pommel Strike","floor":1.0},{"not_picked":["Evolve","Pummel"],"picked":"Uppercut","floor":2.0},{"not_picked":["Warcry","Wild Strike"],"picked":"Dark Embrace","floor":3.0},{"not_picked":["Clothesline","Body Slam"],"picked":"Evolve","floor":4.0},{"not_picked":["Pommel Strike","Ghostly Armor"],"picked":"Carnage","floor":5.0},{"not_picked":["Warcry","Infernal Blade"],"picked":"Fire Breathing","floor":7.0},{"not_picked":["Cleave","Perfected Strike"],"picked":"Disarm","floor":11},{"not_picked":["Twin Strike","Sword Boomerang","Warcry"],"picked":"SKIP","floor":13}],"player_experience":738204,"relics_obtained":[{"floor":7.0,"key":"Pen Nib"},{"floor":9.0,"key":"Dead Branch"}],"event_choices":[],"is_beta":false,"boss_relics":[],"items_purged_floors":[],"is_endless":false,"potions_floor_spawned":[3,4,5,7],"killed_by":"Gremlin Nob","ascension_level":20}}