{"host":"0msxzbajcl1c78mb","time":1608787735,"event":{"mods":["AchievementEnabler","BaseMod","Colored Map","Colored Powertips","Highlight Path","Minty Spire (QoL Compilation)","Relic Sorter","Relic Stats","StSLib","The Jungle","everything is the same but u backflip on backflip"],"gold_per_floor":[117,117,117,128,128,164,164,207,207,207,243,268,193,237,237,237,237],"floor_reached":16,"playtime":456,"items_purged":["Strike_R"],"score":219,"play_id":"f089062f-af09-4729-af42-80d346aac096","local_time":"20201224002855","is_ascension_mode":true,"campfire_choices":[{"data":"Carnage","floor":7,"key":"SMITH"},{"data":"Fiend Fire","floor":15,"key":"SMITH"}],"circlet_count":0,"master_deck":["Strike_R","Strike_R","Strike_R","Strike_R","Defend_R","Defend_R","Defend_R","Bash","Shrug It Off","Carnage+1","Fiend Fire+1","Pommel Strike+1","Feed+1"],"relics":["Burning Blood","NeowsBlessing","Golden Idol","Bag of Preparation","Mercury Hourglass","Molten Egg 2","Letter Opener","Dream Catcher"],"acts_visited":["Exordium"],"potions_floor_usage":[8,16,16],"damage_taken":[{"damage":0,"enemies":"Small Slimes","floor":1,"turns":1},{"damage":0,"enemies":"2 Louse","floor":4,"turns":1},{"damage":0,"enemies":"Gremlin Nob","floor":6,"turns":1},{"damage":19,"enemies":"Lagavulin","floor":8,"turns":5},{"damage":12,"enemies":"3 Sentries","floor":11,"turns":5},{"damage":4,"enemies":"Jaw Worm","floor":12,"turns":2},{"damage":16,"enemies":"Gremlin Nob","floor":14,"turns":3},{"damage":40,"enemies":"Hexaghost","floor":16,"turns":5}],"seed_played":"-5839109731913684276","potions_obtained":[{"floor":1,"key":"FearPotion"},{"floor":8,"key":"EssenceOfSteel"},{"floor":11,"key":"Ancient Potion"}],"is_trial":false,"path_per_floor":["M","?","?","M","?","E","R","E","T","T","E","M","$","E","R","B"],"character_chosen":"IRONCLAD","items_purchased":[],"campfire_rested":0,"item_purchase_floors":[],"current_hp_per_floor":[78,78,71,77,57,63,63,50,50,50,44,46,46,36,36,0,0],"gold":237,"neow_bonus":"THREE_ENEMY_KILL","is_daily":false,"chose_seed":false,"campfire_upgraded":2,"win_rate":0.0,"timestamp":1608787735,"path_taken":["M","?","?","M","?","E","R","E","T","?","E","?","$","E","R","BOSS"],"items_purchased_type":[],"build_version":"2020-12-22","purchased_purges":1,"victory":false,"max_hp_per_floor":[80,80,80,80,80,80,80,80,80,80,80,80,80,80,80,80,80],"relic_stats":{"Dream Catcher":0,"counters":[8,23],"Golden Idol":37,"Bag of Preparation":[10],"Letter Opener":[0],"obtain_stats":[{"Dream Catcher":14,"NeowsBlessing":0,"Golden Idol":5,"Molten Egg 2":9,"Bag of Preparation":6,"Letter Opener":11,"Burning Blood":0,"Mercury Hourglass":8},{"Dream Catcher":7,"NeowsBlessing":0,"Golden Idol":2,"Molten Egg 2":4,"Bag of Preparation":3,"Letter Opener":5,"Burning Blood":0,"Mercury Hourglass":4},{"Dream Catcher":18,"NeowsBlessing":0,"Golden Idol":2,"Molten Egg 2":8,"Bag of Preparation":3,"Letter Opener":13,"Burning Blood":0,"Mercury Hourglass":8}],"Burning Blood":42,"Mercury Hourglass":[66]},"card_choices":[{"not_picked":["Fire Breathing","Twin Strike"],"picked":"Shrug It Off","floor":1},{"not_picked":["Reckless Charge","Thunderclap"],"picked":"Carnage","floor":4},{"not_picked":["Blood for Blood","Thunderclap","Wild Strike"],"picked":"SKIP","floor":6},{"not_picked":["Headbutt","Cleave"],"picked":"Fiend Fire","floor":8},{"not_picked":["Perfected Strike+1","Wild Strike+1"],"picked":"Pommel Strike+1","floor":11},{"not_picked":["Reckless Charge+1","Burning Pact","Evolve"],"picked":"SKIP","floor":12},{"not_picked":["Flex","Rage"],"picked":"Feed+1","floor":14}],"player_experience":285956,"relics_obtained":[{"floor":6,"key":"Bag of Preparation"},{"floor":8,"key":"Mercury Hourglass"},{"floor":9,"key":"Molten Egg 2"},{"floor":11,"key":"Letter Opener"},{"floor":14,"key":"Dream Catcher"}],"event_choices":[{"damage_healed":0,"gold_gain":0,"player_choice":"Ignored","damage_taken":0,"max_hp_gain":0,"max_hp_loss":0,"event_name":"Liars Game","floor":2,"gold_loss":0},{"cards_removed":["Defend_R"],"damage_healed":0,"gold_gain":0,"player_choice":"Card Removal","damage_taken":7,"max_hp_gain":0,"max_hp_loss":0,"event_name":"Golden Wing","floor":3,"gold_loss":0},{"damage_healed":0,"gold_gain":0,"player_choice":"Take Damage","damage_taken":20,"relics_obtained":["Golden Idol"],"max_hp_gain":0,"max_hp_loss":0,"event_name":"Golden Idol","floor":5,"gold_loss":0}],"is_beta":false,"boss_relics":[],"items_purged_floors":[13],"is_endless":false,"potions_floor_spawned":[1,8,11],"killed_by":"Hexaghost","ascension_level":9}}