{"host":"19tvufa8xx4wr4o1","time":1608840976,"event":{"mods":["AchievementEnabler","BaseMod","Better Sensory Stone","Better Third Choice","Highlight Path","Minty Spire (QoL Compilation)","Relic Stats","StSLib"],"gold_per_floor":[365,377,8,8,49,49,100,25,48,83,127,168,168,206,206,324,624,638,235,280,280,103,103,126,126,126,126,149,219,238,279,279,370,370,385,424,17,67,110,110,110,110],"floor_reached":41,"playtime":1711,"items_purged":["Injury","Strike_G"],"score":827,"play_id":"f72dd9ff-d8df-4541-be75-701f95d34b02","local_time":"20201224141616","is_ascension_mode":true,"campfire_choices":[{"floor":6.0,"key":"REST"},{"floor":13.0,"key":"REST"},{"floor":15.0,"key":"REST"},{"data":"Noxious Fumes","floor":23.0,"key":"SMITH"},{"data":"HandOfGreed","floor":25.0,"key":"SMITH"},{"data":"Terror","floor":27.0,"key":"SMITH"},{"floor":32,"key":"REST"},{"floor":40,"key":"REST"}],"circlet_count":0,"master_deck":["AscendersBane","Strike_G","Strike_G","Strike_G","Strike_G","Defend_G","Defend_G+1","Defend_G","Defend_G","Defend_G","Survivor+1","Neutralize","Footwork","HandOfGreed+1","Poisoned Stab","Predator","Dash","Bane","Terror+1","After Image","Blade Dance+1","Dodge and Roll+1","Noxious Fumes+1","Backflip+1","Envenom","Bullet Time+1","Blade Dance+1","Accuracy","Catalyst+1"],"relics":["Ring of the Snake","Bag of Marbles","Golden Idol","Omamori","Vajra","Nunchaku","Pantograph","Calling Bell","Potion Belt","Ornamental Fan","Old Coin","Regal Pillow","Toxic Egg 2","Meat on the Bone","War Paint","Fusion Hammer","Gremlin Horn"],"acts_visited":["Exordium","TheCity","TheBeyond"],"potions_floor_usage":[33,33,39,39],"damage_taken":[{"damage":10.0,"enemies":"Jaw Worm","floor":1.0,"turns":9.0},{"damage":10.0,"enemies":"Small Slimes","floor":2.0,"turns":7.0},{"damage":1.0,"enemies":"Cultist","floor":5.0,"turns":4.0},{"damage":15.0,"enemies":"3 Sentries","floor":7.0,"turns":8.0},{"damage":0.0,"enemies":"Gremlin Nob","floor":10.0,"turns":2.0},{"damage":6.0,"enemies":"Exordium Thugs","floor":11.0,"turns":5.0},{"damage":0.0,"enemies":"2 Fungi Beasts","floor":12.0,"turns":2.0},{"damage":20.0,"enemies":"Lagavulin","floor":14.0,"turns":5.0},{"damage":17.0,"enemies":"The Guardian","floor":16.0,"turns":15.0},{"damage":12.0,"enemies":"3 Byrds","floor":18.0,"turns":7.0},{"damage":2.0,"enemies":"Chosen","floor":20.0,"turns":5.0},{"damage":9.0,"enemies":"Sentry and Sphere","floor":24.0,"turns":6.0},{"damage":2.0,"enemies":"Snake Plant","floor":28.0,"turns":3.0},{"damage":6.0,"enemies":"3 Cultists","floor":29.0,"turns":5.0},{"damage":12.0,"enemies":"Sentry and Sphere","floor":30.0,"turns":6.0},{"damage":21,"enemies":"Slavers","floor":31,"turns":7},{"damage":60,"enemies":"Collector","floor":33,"turns":10},{"damage":11,"enemies":"3 Darklings","floor":35,"turns":6},{"damage":2,"enemies":"Orb Walker","floor":36,"turns":3},{"damage":6,"enemies":"Jaw Worm Horde","floor":39,"turns":4},{"damage":75,"enemies":"Nemesis","floor":41,"turns":7}],"seed_played":"6839471631049821002","potions_obtained":[{"floor":1.0,"key":"Fire Potion"},{"floor":7.0,"key":"CunningPotion"},{"floor":10.0,"key":"Fire Potion"},{"floor":11.0,"key":"BlessingOfTheForge"},{"floor":20.0,"key":"DistilledChaos"},{"floor":24.0,"key":"PowerPotion"},{"floor":29.0,"key":"Weak Potion"}],"is_trial":false,"path_per_floor":["M","M","$","?","M","R","E","$","T","E","M","M","R","E","R","B",null,"M","$","M","?","$","R","M","R","T","R","M","M","M","E","R","B",null,"M","M","$","?","M","R","E"],"character_chosen":"THE_SILENT","items_purchased":["Bag of Marbles","HandOfGreed","Poisoned Stab","Regal Pillow","Toxic Egg 2","Noxious Fumes","Gremlin Horn","Accuracy","CunningPotion","AttackPotion"],"campfire_rested":5,"item_purchase_floors":[3,3,3,19,19,22,37,37,37,37],"current_hp_per_floor":[34,24,24,24,23,42,27,27,27,27,21,21,40,20,39,47,61,49,49,47,47,47,47,38,38,38,38,36,42,42,33,66,18,54,43,41,41,41,35,66,0,0],"gold":110,"neow_bonus":"TWO_FIFTY_GOLD","is_daily":false,"chose_seed":false,"campfire_upgraded":3,"win_rate":0.0,"timestamp":1608840976,"path_taken":["M","M","$","?","M","R","E","$","T","E","M","M","R","E","R","BOSS","M","$","M","?","$","R","M","R","T","R","M","M","M","E","R","BOSS","M","M","$","?","M","R","E"],"items_purchased_type":["Relic","Card","Card","Relic","Relic","Card","Relic","Card","Potion","Potion"],"build_version":"2020-12-22","purchased_purges":2,"victory":false,"max_hp_per_floor":[66,66,66,66,66,66,66,66,66,66,66,66,66,66,66,66,66,66,66,66,66,66,66,66,66,66,66,66,66,66,66,66,66,66,66,66,66,66,66,66,66,66],"relic_stats":{"Nunchaku":[21],"Regal Pillow":26,"Gremlin Horn":[2,2],"counters":[21,126],"Golden Idol":116,"Ornamental Fan":[140],"Pantograph":25,"War Paint":["Defend_G","Survivor"],"obtain_stats":[{"Potion Belt":17,"Regal Pillow":19,"Gremlin Horn":37,"Golden Idol":4,"Vajra":9,"Omamori":7,"War Paint":31,"Old Coin":17,"Calling Bell":17,"Nunchaku":10,"Ornamental Fan":17,"Pantograph":14,"Fusion Hammer":34,"Bag of Marbles":3,"Toxic Egg 2":19,"Ring of the Snake":0,"Meat on the Bone":26},{"Potion Belt":9,"Regal Pillow":10,"Gremlin Horn":19,"Golden Idol":2,"Vajra":4,"Omamori":4,"War Paint":16,"Old Coin":9,"Calling Bell":9,"Nunchaku":5,"Ornamental Fan":9,"Pantograph":8,"Fusion Hammer":17,"Bag of Marbles":2,"Toxic Egg 2":10,"Ring of the Snake":0,"Meat on the Bone":12},{"Potion Belt":57,"Regal Pillow":64,"Gremlin Horn":115,"Golden Idol":16,"Vajra":28,"Omamori":28,"War Paint":96,"Old Coin":57,"Calling Bell":57,"Nunchaku":30,"Ornamental Fan":57,"Pantograph":42,"Fusion Hammer":106,"Bag of Marbles":16,"Toxic Egg 2":64,"Ring of the Snake":0,"Meat on the Bone":75}],"Ring of the Snake":[42],"Meat on the Bone":48},"card_choices":[{"not_picked":["Escape Plan","Sucker Punch"],"picked":"Footwork","floor":1.0},{"not_picked":["Masterful Stab","Eviscerate","Underhanded Strike"],"picked":"SKIP","floor":2.0},{"not_picked":["Expertise","Deflect","Slice"],"picked":"SKIP","floor":5.0},{"not_picked":["Eviscerate","PiercingWail"],"picked":"Predator","floor":7.0},{"not_picked":["After Image","Finisher"],"picked":"Dash","floor":10.0},{"not_picked":["Cloak And Dagger","Poisoned Stab"],"picked":"Bane","floor":11.0},{"not_picked":["Sucker Punch","Calculated Gamble","Dagger Throw"],"picked":"SKIP","floor":12.0},{"not_picked":["Deflect","Dagger Throw"],"picked":"Terror","floor":14.0},{"not_picked":["Burst","Tools of the Trade"],"picked":"After Image","floor":16.0},{"not_picked":["Underhanded Strike","Eviscerate","Riddle With Holes+1"],"picked":"SKIP","floor":18.0},{"not_picked":["Tools of the Trade","Endless Agony"],"picked":"Blade Dance+1","floor":20.0},{"not_picked":["Sucker Punch","Deflect+1","Eviscerate"],"picked":"SKIP","floor":24.0},{"not_picked":["Skewer","Bane","Acrobatics+1"],"picked":"SKIP","floor":28.0},{"not_picked":["Predator","Skewer","Infinite Blades"],"picked":"SKIP","floor":29.0},{"not_picked":["Underhanded Strike","Outmaneuver+1"],"picked":"Backflip+1","floor":30.0},{"not_picked":["Bouncing Flask+1","Dagger Spray"],"picked":"Envenom","floor":31},{"not_picked":["Burst+1","Envenom"],"picked":"Bullet Time+1","floor":33},{"not_picked":["Heel Hook","Dagger Throw","Backstab"],"picked":"SKIP","floor":35},{"not_picked":["Flying Knee","Calculated Gamble+1"],"picked":"Blade Dance+1","floor":36},{"not_picked":["Backflip+1","Flying Knee+1"],"picked":"Catalyst+1","floor":39}],"player_experience":524818,"relics_obtained":[{"floor":7.0,"key":"Omamori"},{"floor":9.0,"key":"Vajra"},{"floor":10.0,"key":"Nunchaku"},{"floor":14.0,"key":"Pantograph"},{"floor":17.0,"key":"Potion Belt"},{"floor":17.0,"key":"Ornamental Fan"},{"floor":17.0,"key":"Old Coin"},{"floor":26.0,"key":"Meat on the Bone"},{"floor":31,"key":"War Paint"}],"event_choices":[{"damage_healed":0.0,"max_hp_gain":0.0,"max_hp_loss":0.0,"gold_gain":0.0,"event_name":"Golden Idol","player_choice":"Take Wound","floor":4.0,"gold_loss":0.0,"damage_taken":0.0,"relics_obtained":["Golden Idol"],"cards_obtained":["Injury"]},{"damage_healed":0.0,"max_hp_gain":0.0,"max_hp_loss":0.0,"gold_gain":0.0,"event_name":"The Library","player_choice":"Read","floor":21.0,"gold_loss":0.0,"damage_taken":0.0,"cards_obtained":["Dodge and Roll"]},{"damage_healed":0,"gold_gain":50,"player_choice":"Pray","damage_taken":0,"max_hp_gain":0,"max_hp_loss":0,"event_name":"Golden Shrine","floor":38,"gold_loss":0}],"is_beta":false,"boss_relics":[{"not_picked":["Philosopher\u0027s Stone","Tiny House"],"picked":"Calling Bell"},{"not_picked":["HoveringKite","SacredBark"],"picked":"Fusion Hammer"}],"items_purged_floors":[8,22],"is_endless":false,"potions_floor_spawned":[1,7,10,11,20,24,29],"killed_by":"Nemesis","ascension_level":15}}