{"host":"xgnmnr8f8w1a0eo3","time":1608774525,"event":{"mods":["BaseMod","Downfall","Highlight Path","Minty Spire (QoL Compilation)","Permanent Neow","Relic Stats","StSLib","everything is the same but u backflip on backflip"],"gold_per_floor":[99,99,119,133,152,171,239,239,270,290,290,290,325,345,365,463,463,463,479,494,494,508,120,145,179,195,212,143,178,197,232,243,341,341,341,352,352,72,83,83,83,101,128,0,0,25,76,101,117,117],"floor_reached":51,"playtime":5009,"items_purged":["champ:Strike","champ:Strike","champ:BerserkerStyle"],"score":1110,"play_id":"105c85f8-b479-456b-8344-837ae34b1439","local_time":"20201223204845","is_ascension_mode":true,"campfire_choices":[{"data":"champ:Taunt","floor":1.0,"key":"SMITH"},{"data":"champ:EndlessRage","floor":12.0,"key":"SMITH"},{"data":"champ:Improvising","floor":18.0,"key":"SMITH"},{"data":"champ:Encircle","floor":35.0,"key":"SMITH"},{"data":"champ:Improvising","floor":40.0,"key":"SMITH"},{"data":"champ:CalledShot","floor":45,"key":"SMITH"}],"circlet_count":0,"master_deck":["champ:Taunt+1","champ:Encircle+1","champ:EndlessRage+1","champ:Improvising+1","champ:Shatter","champ:BerserkerStyle+1","champ:BerserkersShout+1","champ:FocusedBerserking+1","champ:Improvising+1","champ:Encircle+1","champ:Backstep+1","champ:CalledShot+1","champ:Lariat+1","champ:ShieldSigil+1","champ:Lariat+1","champ:EnchantShield+1","champ:ShieldSigil+1","champ:Encircle+1","champ:SwordSigil+1","champ:Lariat+1","champ:SwordSigil+1"],"relics":["champ:ChampionCrown","CaptainsWheel","Meat on the Bone","hexamod:BolsterEngine","champ:DefensiveTrainingManual","Sozu","Toxic Egg 2","champ:FightingForDummies","Boot","Frozen Eye","Thread and Needle","Prayer Wheel","SlaversCollar","champ:BerserkersGuideToSlaughter","Bottled Tornado","Gremlin Horn","Chemical X","InkBottle","Guardian:PocketSentry","Bag of Preparation","Mercury Hourglass"],"acts_visited":["Exordium","TheCity","TheBeyond"],"potions_floor_usage":[],"damage_taken":[{"damage":8.0,"enemies":"2 Louse","floor":3.0,"turns":3.0},{"damage":19.0,"enemies":"Cultist","floor":4.0,"turns":4.0},{"damage":13.0,"enemies":"Jaw Worm","floor":5.0,"turns":3.0},{"damage":42.0,"enemies":"Exordium Thugs","floor":6.0,"turns":5.0},{"damage":47.0,"enemies":"Lagavulin","floor":9.0,"turns":6.0},{"damage":40.0,"enemies":"3 Louse","floor":10.0,"turns":4.0},{"damage":43.0,"enemies":"3 Sentries","floor":13.0,"turns":6.0},{"damage":26.0,"enemies":"Blue Slaver","floor":14.0,"turns":4.0},{"damage":51.0,"enemies":"Gremlin Gang","floor":15.0,"turns":5.0},{"damage":84.0,"enemies":"downfall:Watcher","floor":16.0,"turns":8.0},{"damage":27.0,"enemies":"Shell Parasite","floor":19.0,"turns":3.0},{"damage":39.0,"enemies":"Snecko","floor":20.0,"turns":3.0},{"damage":38.0,"enemies":"Cultist and Chosen","floor":22.0,"turns":3.0},{"damage":41.0,"enemies":"downfall:FleeingMerchant","floor":23.0,"turns":4.0},{"damage":106.0,"enemies":"Gremlin Leader","floor":25.0,"turns":5.0},{"damage":43.0,"enemies":"Sentry and Sphere","floor":26.0,"turns":3.0},{"damage":58.0,"enemies":"Centurion and Healer","floor":27.0,"turns":4.0},{"damage":57.0,"enemies":"downfall:FleeingMerchant","floor":28.0,"turns":4.0},{"damage":62.0,"enemies":"Book of Stabbing","floor":29.0,"turns":4.0},{"damage":59.0,"enemies":"Snecko","floor":30.0,"turns":3.0},{"damage":43.0,"enemies":"Slavers","floor":31.0,"turns":1.0},{"damage":79.0,"enemies":"Cultist and Chosen","floor":32.0,"turns":4.0},{"damage":89.0,"enemies":"downfall:Ironclad","floor":33.0,"turns":4.0},{"damage":89.0,"enemies":"Orb Walker","floor":36.0,"turns":3.0},{"damage":56.0,"enemies":"3 Darklings","floor":39.0,"turns":3.0},{"damage":79.0,"enemies":"Writhing Mass","floor":42.0,"turns":4.0},{"damage":89,"enemies":"Nemesis","floor":43,"turns":5},{"damage":78,"enemies":"Giant Head","floor":46,"turns":4},{"damage":52,"enemies":"Reptomancer","floor":48,"turns":2},{"damage":89,"enemies":"Transient","floor":49,"turns":5},{"damage":89,"enemies":"downfall:Defect","floor":50,"turns":3}],"seed_played":"2686307284087987339","potions_obtained":[{"floor":2.0,"key":"downfall:CursedFountainPotion"},{"floor":3.0,"key":"SpeedPotion"},{"floor":4.0,"key":"DuplicationPotion"},{"floor":13.0,"key":"LiquidMemories"}],"is_trial":false,"path_per_floor":["R","?","M","M","M","M","T","?","E","M","?","R","E","M","M","B",null,"R","M","M","?","M","$","T","E","M","M","$","E","M","E","M","B",null,"R","M","?","$","M","R","T","M","E","$","R","E","T","E","M","B",null],"character_chosen":"THE_CHAMP","items_purchased":["champ:ShieldSigil","Toxic Egg 2","champ:BerserkerStyle","champ:SwordSigil+1","Frozen Eye","champ:BerserkersGuideToSlaughter","Chemical X","champ:EnchantShield+1"],"campfire_rested":0,"item_purchase_floors":[23,23,28,28,28,38,44,44],"current_hp_per_floor":[90,90,89,89,89,69,69,69,73,72,72,72,69,78,69,53,90,90,90,82,82,88,88,88,61,62,63,63,60,68,80,90,90,90,90,90,90,90,90,90,90,90,90,90,90,90,90,90,90,90],"gold":117,"neow_bonus":"ONE_RARE_RELIC","is_daily":false,"chose_seed":false,"campfire_upgraded":6,"win_rate":0.0,"timestamp":1608774525,"path_taken":["R","?","M","?","M","M","T","?","E","?","?","R","E","M","M","BOSS","R","M","M","?","M","$","T","E","M","?","$","E","M","E","M","BOSS","R","M","?","$","M","R","T","M","E","$","R","E","?","E","M","BOSS"],"items_purchased_type":["Card","Relic","Card","Card","Relic","Relic","Relic","Card"],"build_version":"2020-12-22","purchased_purges":3,"victory":true,"max_hp_per_floor":[90,90,90,90,90,90,90,90,90,90,90,90,90,90,90,90,90,90,90,90,90,90,90,90,90,90,90,90,90,90,90,90,90,90,90,90,90,90,90,90,90,90,90,90,90,90,90,90,90,90],"relic_stats":{"Sozu":8,"Gremlin Horn":[3,3],"counters":[31,122],"Prayer Wheel":5,"Bag of Preparation":[4],"Chemical X":[9],"Boot":[85],"obtain_stats":[{"Gremlin Horn":43,"Velvet Choker":17,"champ:ChampionCrown":0,"Thread and Needle":29,"Guardian:PocketSentry":47,"Bag of Preparation":48,"Bottled Tornado":41,"Boot":25,"Mercury Hourglass":48,"Sozu":19,"Frozen Eye":28,"SlaversCollar":34,"CaptainsWheel":0,"downfall:BrokenWingStatue":8,"champ:DefensiveTrainingManual":13,"Prayer Wheel":31,"champ:BerserkersGuideToSlaughter":38,"Chemical X":44,"hexamod:BolsterEngine":9,"Toxic Egg 2":23,"champ:FightingForDummies":24,"InkBottle":46,"Meat on the Bone":7},{"Gremlin Horn":27,"Velvet Choker":10,"champ:ChampionCrown":0,"Thread and Needle":19,"Guardian:PocketSentry":28,"Bag of Preparation":29,"Bottled Tornado":25,"Boot":15,"Mercury Hourglass":29,"Sozu":11,"Frozen Eye":18,"SlaversCollar":23,"CaptainsWheel":0,"downfall:BrokenWingStatue":4,"champ:DefensiveTrainingManual":7,"Prayer Wheel":21,"champ:BerserkersGuideToSlaughter":24,"Chemical X":27,"hexamod:BolsterEngine":5,"Toxic Egg 2":14,"champ:FightingForDummies":14,"InkBottle":28,"Meat on the Bone":4},{"Gremlin Horn":108,"Velvet Choker":48,"champ:ChampionCrown":0,"Thread and Needle":81,"Guardian:PocketSentry":112,"Bag of Preparation":113,"Bottled Tornado":99,"Boot":66,"Mercury Hourglass":114,"Sozu":51,"Frozen Eye":77,"SlaversCollar":93,"CaptainsWheel":0,"downfall:BrokenWingStatue":15,"champ:DefensiveTrainingManual":31,"Prayer Wheel":85,"champ:BerserkersGuideToSlaughter":96,"Chemical X":108,"hexamod:BolsterEngine":21,"Toxic Egg 2":61,"champ:FightingForDummies":61,"InkBottle":112,"Meat on the Bone":15}],"InkBottle":[8],"Meat on the Bone":264,"Mercury Hourglass":[16]},"card_choices":[{"not_picked":["champ:EnGarde","champ:TornadoPunch"],"picked":"champ:BerserkersShout","floor":3.0},{"not_picked":["champ:EnGarde","champ:BerserkersShout"],"picked":"champ:Encircle","floor":4.0},{"not_picked":["champ:TornadoPunch","champ:BladeFlurry"],"picked":"champ:BerserkersShout","floor":5.0},{"not_picked":["champ:Aggression","champ:IgnorePain"],"picked":"champ:Lariat","floor":6.0},{"not_picked":["champ:IronFortress","champ:ShieldSigil"],"picked":"champ:EndlessRage","floor":9.0},{"not_picked":["champ:PerfectedStrike","champ:FanOfKnives","champ:DefensiveShout"],"picked":"SKIP","floor":10.0},{"not_picked":["champ:TornadoPunch","champ:GutPunch"],"picked":"champ:Improvising","floor":13.0},{"not_picked":["champ:EnGarde","champ:BerserkersShout","champ:DeathBlow"],"picked":"SKIP","floor":14.0},{"not_picked":["champ:TornadoPunch","champ:Haymaker","champ:DeathBlow"],"picked":"SKIP","floor":15.0},{"not_picked":["champ:DefensiveStyle+1","champ:FightOn"],"picked":"champ:Shatter","floor":19.0},{"not_picked":["champ:TornadoPunch+1","champ:FalseCounter"],"picked":"champ:BerserkerStyle+1","floor":20.0},{"not_picked":["champ:FaceSlap","champ:FlashCut","champ:GladiatorsShout"],"picked":"SKIP","floor":22.0},{"not_picked":["champ:GutPunch","champ:Circumvent","champ:Devastate"],"picked":"SKIP","floor":23.0},{"not_picked":["champ:BladeFlurry","champ:DefensiveShout+1"],"picked":"champ:BerserkersShout+1","floor":25.0},{"not_picked":["champ:Encircle","champ:Circumvent+1"],"picked":"champ:HeartStrike","floor":26.0},{"not_picked":["champ:GutPunch","champ:FalseCounter+1"],"picked":"champ:SwordSigil+1","floor":27.0},{"not_picked":["champ:GladiatorStyle","champ:Shatter","champ:Control+1"],"picked":"SKIP","floor":28.0},{"not_picked":["champ:DefensiveShout+1","champ:EnragedBash"],"picked":"champ:RageSigil+1","floor":29.0},{"not_picked":["champ:Circumvent+1","champ:Shatter","champ:ViciousMockery+1"],"picked":"SKIP","floor":30.0},{"not_picked":["champ:IronFortress","champ:CrookedStrike+1","champ:BringItOn+1"],"picked":"SKIP","floor":31.0},{"not_picked":["champ:FanOfKnives","champ:StanceDance+1"],"picked":"champ:RageSigil+1","floor":32.0},{"not_picked":["champ:FocusedGladiator+1","champ:FaceSlap","champ:Backstep+1"],"picked":"SKIP","floor":32.0},{"not_picked":["champ:DancingMaster","champ:ShieldThrow"],"picked":"champ:Improvising","floor":33.0},{"not_picked":["champ:ShieldSigil+1","champ:BerserkerStyle+1","champ:Circumvent+1"],"picked":"SKIP","floor":36.0},{"not_picked":["champ:Shatter","champ:ShieldSigil+1","champ:GladiatorsShout+1"],"picked":"SKIP","floor":36.0},{"not_picked":["champ:DefensiveShout+1","champ:DefensiveStyle"],"picked":"champ:Backstep+1","floor":39.0},{"not_picked":["champ:FlashCut+1","champ:FanOfKnives","champ:CalledShot"],"picked":"SKIP","floor":39.0},{"not_picked":["champ:VampiricStrike","champ:FlashCut+1"],"picked":"champ:CalledShot","floor":42.0},{"not_picked":["champ:FightOn","champ:Haymaker+1","champ:BerserkersShout+1"],"picked":"SKIP","floor":42.0},{"not_picked":["champ:FightOn","champ:Haymaker+1","champ:BerserkersShout+1"],"picked":"SKIP","floor":42.0},{"not_picked":["champ:Shatter+1","champ:EnragedBash","champ:FocusedDefense+1"],"picked":"SKIP","floor":43},{"not_picked":["champ:FocusedGladiator+1","champ:DefensiveShout+1","champ:FlashCut+1"],"picked":"SKIP","floor":46},{"not_picked":["champ:TornadoPunch+1","champ:Riposte+1"],"picked":"champ:ShieldSigil+1","floor":48},{"not_picked":["champ:ShieldSigil+1","champ:Lariat+1"],"picked":"champ:SwordSigil+1","floor":49},{"not_picked":["champ:ShieldWall+1","champ:Haymaker","champ:FalseCounter+1"],"picked":"SKIP","floor":49}],"player_experience":1141251,"relics_obtained":[{"floor":7.0,"key":"Meat on the Bone"},{"floor":9.0,"key":"hexamod:BolsterEngine"},{"floor":13.0,"key":"champ:DefensiveTrainingManual"},{"floor":24.0,"key":"champ:FightingForDummies"},{"floor":25.0,"key":"Boot"},{"floor":29.0,"key":"Thread and Needle"},{"floor":31.0,"key":"Prayer Wheel"},{"floor":41.0,"key":"Bottled Tornado"},{"floor":43,"key":"Gremlin Horn"},{"floor":46,"key":"InkBottle"},{"floor":47,"key":"Guardian:PocketSentry"},{"floor":48,"key":"Mercury Hourglass"}],"event_choices":[{"cards_removed":["Regret"],"damage_healed":0.0,"max_hp_gain":0.0,"max_hp_loss":0.0,"gold_gain":0.0,"event_name":"Purifier","player_choice":"Purged","floor":21.0,"gold_loss":0.0,"damage_taken":0.0}],"is_beta":false,"boss_relics":[{"not_picked":["Fusion Hammer","Sozu"],"picked":"Velvet Choker"},{"not_picked":["Busted Crown","Black Star"],"picked":"SlaversCollar"}],"items_purged_floors":[23,28,38],"is_endless":false,"potions_floor_spawned":[3,4,13,16,25,26,27,29,30,43,46,49],"ascension_level":2}}