{"host":"kiauivt48syq9iz6","time":1608846627,"event":{"mods":["BaseMod","Conspire","Downfall","Hermit","Minty Spire (QoL Compilation)","Replay The Spire","SIMod","StSLib","The Animator","The Construct","The Cursed","The Runesmith","The Servant 0.9.4"],"gold_per_floor":[117,67,67,83,101,101,158,158,158,178,178,194,204,217,217,312,312,326,8,8,18,30,30,129,129,129,159,159,159],"floor_reached":28,"playtime":1158,"items_purged":[],"score":280,"play_id":"21740236-541c-4872-9ef3-8fc4dd224c9f","local_time":"20201224145027","is_ascension_mode":false,"campfire_choices":[{"data":"TheCursedMod:SpitefulStrike","floor":6,"key":"SMITH"},{"floor":8,"key":"REST"},{"data":"TheCursedMod:OutForBlood","floor":15,"key":"SMITH"},{"floor":23,"key":"REST"}],"circlet_count":0,"master_deck":["conspire:GhostlyStrike","conspire:GhostlyStrike","conspire:GhostlyStrike","conspire:GhostlyStrike","conspire:GhostlyDefend","conspire:GhostlyDefend","conspire:GhostlyDefend","conspire:GhostlyDefend","TheCursedMod:CursedWand","TheCursedMod:CleanUpWorkshop","TheCursedMod:Dregs","TheCursedMod:RapidMovement","TheCursedMod:SmokeScreen","TheCursedMod:SpitefulStrike+1","TheCursedMod:SpitefulPray","TheCursedMod:Stigma","TheCursedMod:CursedBlade","TheCursedMod:StingEye","TheCursedMod:RavingStaff","TheCursedMod:OutForBlood+1","TheCursedMod:AntiAging","TheCursedMod:HellfireBreathing","TheCursedMod:HellfireBreathing","TheCursedMod:Mangle","TheCursedMod:PrepareRite","TheCursedMod:ReleasedStrength+1","TheCursedMod:RapidMovement"],"relics":["TheCursedMod:BlackMagic101","conspire:GlowingRock","Ornamental Fan","conspire:SpecialSausage","Replay:Mystery Machine","conspire:Flyswatter","Pet Ghost"],"acts_visited":["Exordium","TheCity"],"potions_floor_usage":[7,21,21,22],"damage_taken":[{"damage":2,"enemies":"Small Slimes","floor":1,"turns":6},{"damage":0,"enemies":"Jaw Worm","floor":4,"turns":6},{"damage":0,"enemies":"2 Louse","floor":5,"turns":2},{"damage":15,"enemies":"Gremlin Nob","floor":7,"turns":4},{"damage":11,"enemies":"Large Slime","floor":10,"turns":7},{"damage":0,"enemies":"3 Louse","floor":12,"turns":3},{"damage":0,"enemies":"Blue Slaver","floor":13,"turns":2},{"damage":0,"enemies":"2 Fungi Beasts","floor":14,"turns":3},{"damage":32,"enemies":"Slime Boss","floor":16,"turns":11},{"damage":0,"enemies":"Spheric Guardian","floor":18,"turns":3},{"damage":14,"enemies":"3 Byrds","floor":21,"turns":4},{"damage":28,"enemies":"Snecko","floor":22,"turns":6},{"damage":72,"enemies":"Slavers","floor":27,"turns":8},{"damage":5,"enemies":"Cultist and Chosen","floor":28,"turns":1}],"seed_played":"-3246457211281637012","potions_obtained":[{"floor":4,"key":"Block Potion"},{"floor":7,"key":"conspire:TimeTravelPotion"},{"floor":10,"key":"Weak Potion"},{"floor":16,"key":"Fire Potion"},{"floor":18,"key":"Swift Potion"},{"floor":27,"key":"Death Potion"}],"is_trial":false,"path_per_floor":["M","$","?","M","M","R","?","R","T","M","?","M","M","M","R","B",null,"M","$","?","M","M","R","?","?","T","E","M"],"character_chosen":"THE_CURSED","items_purchased":["TheCursedMod:SmokeScreen","TheCursedMod:HellfireBreathing","Replay:Mystery Machine","TheCursedMod:Mangle"],"campfire_rested":2,"item_purchase_floors":[2,19,19,19],"current_hp_per_floor":[80,80,80,80,80,80,65,82,82,71,82,82,82,82,82,50,82,82,82,82,68,50,74,74,74,74,4,0,0],"gold":159,"neow_bonus":"TEN_PERCENT_HP_BONUS","is_daily":false,"chose_seed":false,"campfire_upgraded":2,"win_rate":0.0,"timestamp":1608846627,"path_taken":["M","$","?","M","M","R","?","R","T","M","?","M","M","M","R","BOSS","M","$","?","M","M","R","?","?","T","E","M"],"items_purchased_type":["Card","Card","Relic","Card"],"build_version":"2020-12-22","purchased_purges":0,"victory":false,"max_hp_per_floor":[82,82,82,82,82,82,82,82,82,82,82,82,82,82,82,82,82,82,82,82,82,82,82,82,82,82,84,84,84],"card_choices":[{"not_picked":["TheCursedMod:TacticalStrike","TheCursedMod:CircleOfFlame"],"picked":"TheCursedMod:RapidMovement","floor":1},{"not_picked":["TheCursedMod:ForbiddenAlchemy","TheCursedMod:SmokeScreen"],"picked":"TheCursedMod:SpitefulStrike","floor":4},{"not_picked":["TheCursedMod:Stigma","TheCursedMod:RapidMovement"],"picked":"TheCursedMod:SpitefulPray","floor":5},{"not_picked":["TheCursedMod:SmokeScreen","TheCursedMod:SurpriseAttack"],"picked":"TheCursedMod:Stigma","floor":7},{"not_picked":["TheCursedMod:WearCloak","TheCursedMod:CircleOfCorruption"],"picked":"TheCursedMod:CursedBlade","floor":10},{"not_picked":["TheCursedMod:CursedArmor","TheCursedMod:CircleOfWindfury"],"picked":"TheCursedMod:StingEye","floor":12},{"not_picked":["TheCursedMod:CursedBlade","TheCursedMod:Stigma"],"picked":"TheCursedMod:RavingStaff","floor":13},{"not_picked":["TheCursedMod:CircleOfCorruption","TheCursedMod:CursedBlade"],"picked":"TheCursedMod:OutForBlood","floor":14},{"not_picked":["TheCursedMod:CircleOfAbyss","TheCursedMod:DemonicPact"],"picked":"TheCursedMod:AntiAging","floor":16},{"not_picked":["TheCursedMod:WearCloak","TheCursedMod:EmpowerCircles"],"picked":"TheCursedMod:HellfireBreathing","floor":18},{"not_picked":["TheCursedMod:BlessingInDisguise","TheCursedMod:CursedBoomerang"],"picked":"TheCursedMod:PrepareRite","floor":21},{"not_picked":["TheCursedMod:SurpriseAttack+1","TheCursedMod:DoubleShield"],"picked":"TheCursedMod:ReleasedStrength+1","floor":22},{"not_picked":["TheCursedMod:VitalStrike","TheCursedMod:CursedMace"],"picked":"TheCursedMod:RapidMovement","floor":27}],"player_experience":51715,"relics_obtained":[{"floor":9,"key":"Ornamental Fan"},{"floor":26,"key":"conspire:Flyswatter"},{"floor":27,"key":"Pet Ghost"}],"event_choices":[{"damage_healed":0,"gold_gain":0,"player_choice":"Agree","damage_taken":0,"max_hp_gain":0,"max_hp_loss":0,"event_name":"conspire:LoneGhost","floor":3,"gold_loss":0},{"damage_healed":0,"gold_gain":0,"player_choice":"Searched \u00273\u0027 times","damage_taken":0,"relics_obtained":["conspire:GlowingRock"],"max_hp_gain":0,"max_hp_loss":0,"event_name":"Dead Adventurer","floor":7,"gold_loss":0},{"damage_healed":0,"gold_gain":99,"player_choice":"Stole From Cult","damage_taken":0,"max_hp_gain":0,"max_hp_loss":0,"event_name":"Nest","floor":24,"gold_loss":0},{"damage_healed":0,"gold_gain":0,"player_choice":"Leave","damage_taken":0,"max_hp_gain":0,"max_hp_loss":0,"event_name":"conspire:Investor","floor":25,"gold_loss":0}],"is_beta":false,"boss_relics":[{"not_picked":["conspire:RunicOctahedron","Snecko Eye"],"picked":"conspire:SpecialSausage"}],"items_purged_floors":[],"is_endless":false,"potions_floor_spawned":[4,7,10,16,18,27],"killed_by":"Cultist and Chosen","ascension_level":0}}