{"host":"g8bj5uairaafp22z","time":1608809961,"event":{"mods":["AchievementEnabler","BaseMod","BetterRewards","Card Forge","Colored Powertips","Minty Spire (QoL Compilation)","Quick Restart","StSLib"],"gold_per_floor":[116,116,134,134,146,179,179,207,232,232,265,288,288,312,312,441,441,466,486,501,522,79,79,118,138,138,152,188,188,213,228,228,348,348,369,388,444,777,178,210,228,254,254,288,288,306,335,335,335,335,335,335,30,59,59],"floor_reached":56,"playtime":3328,"items_purged":[],"score":1554,"play_id":"3ff8a30d-8cb3-4c46-8cf6-856634aba521","local_time":"20201224123921","is_ascension_mode":false,"campfire_choices":[{"floor":7.0,"key":"REST"},{"data":"1","floor":13.0,"key":"LIFT"},{"floor":15.0,"key":"RECALL"},{"floor":23.0,"key":"REST"},{"data":"2","floor":29.0,"key":"LIFT"},{"data":"3","floor":32.0,"key":"LIFT"},{"floor":45.0,"key":"REST"},{"floor":49.0,"key":"REST"},{"floor":52.0,"key":"REST"}],"circlet_count":0,"master_deck":["Defend_R+1","Bash+1","Whirlwind+1","Body Slam+1","Entrench+1","Impervious+1","After Image+1","Seeing Red+1","Iron Wave+1","Heavy Blade+1","Flame Barrier+1","Disarm+1","Heavy Blade+1","Leap+1","Flying Knee+1","Well Laid Plans+1","MasterReality+1","Metallicize+1","Creative AI+1","Reprogram+1","Inflame+1","Shockwave+1","Magnetism+1","Tools of the Trade+1","Juggernaut+1","Dagger Spray+1","Barricade+1","Entrench+1"],"relics":["Burning Blood","Hammer of Thor","Seething Fire","Anvil of the Gods","Potion Belt","StrikeDummy","Girya","PreservedInsect","Vajra","Black Star","PrismaticShard","Incense Burner","Bag of Marbles","Self Forming Clay","Shuriken","Bottled Flame","Thread and Needle","Sozu","Champion Belt","Strawberry","Art of War","TheAbacus","Smiling Mask","Pocketwatch","Centennial Puzzle","Calipers","FossilizedHelix","Sundial","Boot","Letter Opener","Paper Frog","Gambling Chip","Toy Ornithopter","Bronze Scales"],"acts_visited":["Exordium","TheCity","TheBeyond","TheEnding"],"potions_floor_usage":[55,55],"damage_taken":[{"damage":1.0,"enemies":"Cultist","floor":1.0,"turns":3.0},{"damage":1.0,"enemies":"Jaw Worm","floor":3.0,"turns":3.0},{"damage":0.0,"enemies":"Small Slimes","floor":5.0,"turns":3.0},{"damage":52.0,"enemies":"3 Sentries","floor":6.0,"turns":8.0},{"damage":0.0,"enemies":"Gremlin Nob","floor":8.0,"turns":6.0},{"damage":15.0,"enemies":"3 Sentries","floor":11.0,"turns":5.0},{"damage":4.0,"enemies":"3 Louse","floor":12.0,"turns":3.0},{"damage":22.0,"enemies":"Exordium Wildlife","floor":14.0,"turns":4.0},{"damage":0.0,"enemies":"Slime Boss","floor":16.0,"turns":7.0},{"damage":39.0,"enemies":"2 Thieves","floor":18.0,"turns":5.0},{"damage":9.0,"enemies":"3 Byrds","floor":19.0,"turns":3.0},{"damage":19.0,"enemies":"Shelled Parasite and Fungi","floor":20.0,"turns":21.0},{"damage":0.0,"enemies":"Chosen and Byrds","floor":21.0,"turns":7.0},{"damage":7.0,"enemies":"Gremlin Leader","floor":24.0,"turns":7.0},{"damage":0.0,"enemies":"Snake Plant","floor":25.0,"turns":3.0},{"damage":0.0,"enemies":"Shelled Parasite and Fungi","floor":27.0,"turns":4.0},{"damage":0.0,"enemies":"Book of Stabbing","floor":28.0,"turns":4.0},{"damage":7.0,"enemies":"Centurion and Healer","floor":30.0,"turns":2.0},{"damage":0.0,"enemies":"Snake Plant","floor":31.0,"turns":2.0},{"damage":15.0,"enemies":"Automaton","floor":33.0,"turns":7.0},{"damage":3.0,"enemies":"3 Shapes","floor":35.0,"turns":5.0},{"damage":0.0,"enemies":"3 Darklings","floor":36.0,"turns":5.0},{"damage":29.0,"enemies":"2 Orb Walkers","floor":37.0,"turns":7.0},{"damage":0.0,"enemies":"Giant Head","floor":40.0,"turns":6.0},{"damage":0.0,"enemies":"Transient","floor":41.0,"turns":5.0},{"damage":0.0,"enemies":"Reptomancer","floor":42.0,"turns":6.0},{"damage":0.0,"enemies":"Giant Head","floor":44.0,"turns":6.0},{"damage":0.0,"enemies":"Maw","floor":46.0,"turns":5.0},{"damage":4.0,"enemies":"Reptomancer","floor":47.0,"turns":5.0},{"damage":12.0,"enemies":"Awakened One","floor":50.0,"turns":7.0},{"damage":26,"enemies":"Shield and Spear","floor":54,"turns":6},{"damage":1,"enemies":"The Heart","floor":55,"turns":7}],"seed_played":"9108848050490749434","potions_obtained":[{"floor":3.0,"key":"EssenceOfSteel"},{"floor":6.0,"key":"LiquidBronze"},{"floor":14.0,"key":"Swift Potion"},{"floor":20.0,"key":"AttackPotion"},{"floor":24.0,"key":"Energy Potion"},{"floor":31.0,"key":"SmokeBomb"},{"floor":33.0,"key":"HeartOfIron"}],"is_trial":false,"path_per_floor":["M","$","M","T","M","E","R","E","T","?","E","M","R","M","R","B",null,"M","M","M","M","$","R","E","M","T","M","E","R","M","M","R","B",null,"M","M","?","?","$","E","M","E","T","E","R","M","E","?","R","B",null,"R","$","E","B",null],"character_chosen":"IRONCLAD","items_purchased":["PrismaticShard","Incense Burner","Strawberry","Art of War","TheAbacus","Inflame","Shockwave","Gambling Chip"],"campfire_rested":5,"item_purchase_floors":[22,22,39,39,39,39,39,53],"current_hp_per_floor":[80,80,80,80,80,34,58,64,64,64,55,57,57,41,41,47,80,47,44,31,37,37,61,60,66,66,72,78,78,77,80,80,71,80,80,80,57,57,64,70,76,82,82,87,87,87,87,87,87,81,87,87,87,67,82],"gold":59,"neow_bonus":"RANDOM_COMMON_RELIC","is_daily":false,"chose_seed":false,"campfire_upgraded":0,"win_rate":0.0,"timestamp":1608809961,"path_taken":["M","$","M","?","M","E","R","E","T","?","E","?","R","M","R","BOSS","M","M","M","M","$","R","E","M","T","M","E","R","M","M","R","BOSS","M","M","?","?","$","E","?","E","T","E","R","M","E","?","R","BOSS","R","$","E","BOSS"],"items_purchased_type":["Relic","Relic","Relic","Relic","Relic","Card","Card","Relic"],"build_version":"2020-12-22","purchased_purges":0,"victory":true,"max_hp_per_floor":[80,80,80,80,80,80,80,80,80,80,80,80,80,80,80,80,80,80,80,80,80,80,80,80,80,80,80,80,80,80,80,80,80,80,80,80,80,80,87,87,87,87,87,87,87,87,87,87,87,87,87,87,87,87,87],"card_choices":[{"not_picked":["Cleave","Headbutt"],"picked":"Whirlwind","floor":1.0},{"not_picked":["Pommel Strike","Cleave","True Grit"],"picked":"SKIP","floor":3.0},{"not_picked":["Sword Boomerang","Havoc"],"picked":"Body Slam","floor":5.0},{"not_picked":["Limit Break","Iron Wave"],"picked":"Entrench","floor":6.0},{"not_picked":["Thunderclap","Power Through","Limit Break"],"picked":"SKIP","floor":8.0},{"not_picked":["Blood for Blood","Hemokinesis"],"picked":"Seeing Red","floor":11.0},{"not_picked":["True Grit","Infernal Blade","Shrug It Off"],"picked":"SKIP","floor":12.0},{"not_picked":["Wild Strike","Warcry"],"picked":"Iron Wave","floor":14.0},{"not_picked":["Cleave","Havoc"],"picked":"Heavy Blade","floor":18.0},{"not_picked":["Thunderclap","Havoc"],"picked":"Flame Barrier","floor":19.0},{"not_picked":["Flex","Cleave+1"],"picked":"Disarm","floor":20.0},{"not_picked":["Rage+1","Searing Blow+1"],"picked":"Heavy Blade+1","floor":21.0},{"not_picked":["ThirdEye","Perfected Strike","LessonLearned"],"picked":"SKIP","floor":24.0},{"not_picked":["Warcry+1","Backflip","Blade Dance+1"],"picked":"SKIP","floor":25.0},{"not_picked":["Leap","Dodge and Roll","Rage"],"picked":"SKIP","floor":27.0},{"not_picked":["Dodge and Roll","Rage"],"picked":"Leap","floor":27.0},{"not_picked":["Flying Knee","Havoc","MentalFortress+1"],"picked":"SKIP","floor":28.0},{"not_picked":["Havoc","MentalFortress+1"],"picked":"Flying Knee","floor":28.0},{"not_picked":["Fiend Fire","JustLucky+1","Tempest+1"],"picked":"SKIP","floor":30.0},{"not_picked":["PathToVictory+1","Flex+1"],"picked":"Well Laid Plans","floor":31.0},{"not_picked":["Grand Finale","Blasphemy"],"picked":"MasterReality","floor":33.0},{"not_picked":["Well Laid Plans","True Grit","MentalFortress"],"picked":"SKIP","floor":35.0},{"not_picked":["Purity","Steam"],"picked":"Reprogram","floor":36.0},{"not_picked":["Blind","Capacitor","FlurryOfBlows+1"],"picked":"SKIP","floor":40.0},{"not_picked":["Cold Snap+1","Reinforced Body+1","ClearTheMind"],"picked":"SKIP","floor":41.0},{"not_picked":["Bloodletting","Carnage+1"],"picked":"Magnetism","floor":42.0},{"not_picked":["Beam Cell+1","Iron Wave+1"],"picked":"Tools of the Trade","floor":44.0},{"not_picked":["Redo+1","Crescendo","Acrobatics+1"],"picked":"SKIP","floor":46.0},{"not_picked":["Coolheaded+1","EmptyFist+1"],"picked":"Dagger Spray+1","floor":47.0},{"not_picked":["Offering","JustLucky+1","Shrug It Off+1"],"picked":"SKIP","floor":54}],"player_experience":476504,"relics_obtained":[{"floor":6.0,"key":"StrikeDummy"},{"floor":8.0,"key":"Girya"},{"floor":9.0,"key":"PreservedInsect"},{"floor":11.0,"key":"Vajra"},{"floor":24.0,"key":"Bag of Marbles"},{"floor":24.0,"key":"Self Forming Clay"},{"floor":26.0,"key":"Shuriken"},{"floor":28.0,"key":"Bottled Flame"},{"floor":28.0,"key":"Thread and Needle"},{"floor":37.0,"key":"Champion Belt"},{"floor":40.0,"key":"Smiling Mask"},{"floor":40.0,"key":"Pocketwatch"},{"floor":42.0,"key":"Centennial Puzzle"},{"floor":42.0,"key":"Calipers"},{"floor":43.0,"key":"FossilizedHelix"},{"floor":44.0,"key":"Sundial"},{"floor":44.0,"key":"Boot"},{"floor":47.0,"key":"Letter Opener"},{"floor":47.0,"key":"Paper Frog"},{"floor":54,"key":"Toy Ornithopter"},{"floor":54,"key":"Bronze Scales"}],"event_choices":[{"damage_healed":0.0,"max_hp_gain":0.0,"max_hp_loss":0.0,"gold_gain":0.0,"event_name":"Golden Idol","player_choice":"Take Wound","floor":10.0,"gold_loss":0.0,"damage_taken":0.0,"relics_obtained":["Golden Idol"],"cards_obtained":["Injury"]},{"damage_healed":0.0,"max_hp_gain":0.0,"max_hp_loss":0.0,"gold_gain":0.0,"event_name":"Mysterious Sphere","player_choice":"Fight","floor":37.0,"gold_loss":0.0,"damage_taken":0.0},{"damage_healed":0.0,"max_hp_gain":0.0,"max_hp_loss":0.0,"gold_gain":333.0,"event_name":"The Moai Head","player_choice":"Gave Idol","floor":38.0,"relics_lost":["Golden Idol"],"gold_loss":0.0,"damage_taken":0.0},{"cards_removed":["Barricade"],"damage_healed":0.0,"max_hp_gain":0.0,"max_hp_loss":0.0,"gold_gain":0.0,"event_name":"Falling","player_choice":"Removed Power","floor":48.0,"gold_loss":0.0,"damage_taken":0.0}],"is_beta":false,"boss_relics":[{"not_picked":["Philosopher\u0027s Stone","Empty Cage"],"picked":"Black Star"},{"not_picked":["Runic Pyramid","Astrolabe"],"picked":"Sozu"}],"items_purged_floors":[],"is_endless":false,"potions_floor_spawned":[3,6,14,20,24,31,33,35,36,42,46,54],"ascension_level":0}}