{"host":"a1eatafr7pisesky","time":1608833882,"event":{"mods":["BaseMod","Colored Map","DeckTracker","Highlight Path","Keyboard Shortcuts","Minty Spire (QoL Compilation)","Permanent Neow","Random Character Button","StSLib","SuperFastMode"],"gold_per_floor":[116,127,140,152,168,201,215,215,215,232,119,149,149,149],"floor_reached":13,"playtime":286,"items_purged":["Strike_B"],"score":107,"play_id":"8bb75fa8-06ff-4467-ba19-64009e3801d2","local_time":"20201225031802","is_ascension_mode":true,"campfire_choices":[{"floor":8.0,"key":"REST"}],"circlet_count":0,"master_deck":["Strike_B","Strike_B","Defend_B","Defend_B","Defend_B","Defend_B","Zap","Dualcast","Coolheaded","Lockon","Genetic Algorithm","Go for the Eyes","Darkness","Redo","Recycle","Hello World","Capacitor"],"relics":["Cracked Core","Art of War","White Beast Statue"],"acts_visited":["Exordium"],"potions_floor_usage":[13,13],"damage_taken":[{"damage":6.0,"enemies":"Cultist","floor":1.0,"turns":3.0},{"damage":5.0,"enemies":"Jaw Worm","floor":2.0,"turns":3.0},{"damage":8.0,"enemies":"2 Louse","floor":3.0,"turns":2.0},{"damage":11.0,"enemies":"Looter","floor":4.0,"turns":4.0},{"damage":0.0,"enemies":"Large Slime","floor":5.0,"turns":4.0},{"damage":25.0,"enemies":"Gremlin Nob","floor":6.0,"turns":4.0},{"damage":15.0,"enemies":"Gremlin Gang","floor":7.0,"turns":4.0},{"damage":15.0,"enemies":"3 Louse","floor":10.0,"turns":3.0},{"damage":8,"enemies":"3 Sentries","floor":13,"turns":3}],"seed_played":"-1657513185493686174","potions_obtained":[{"floor":4.0,"key":"SneckoOil"},{"floor":5.0,"key":"Energy Potion"},{"floor":10.0,"key":"Fire Potion"}],"is_trial":false,"path_per_floor":["M","M","M","M","M","E","M","R","T","M","$","?","E"],"character_chosen":"DEFECT","items_purchased":["Capacitor"],"campfire_rested":1,"item_purchase_floors":[11],"current_hp_per_floor":[69,64,56,45,45,20,5,27,27,12,12,12,4,4],"gold":149,"neow_bonus":"REMOVE_CARD","is_daily":false,"chose_seed":false,"campfire_upgraded":0,"win_rate":0.0,"timestamp":1608833882,"path_taken":["M","M","M","M","M","E","M","R","T","M","?","?","E"],"items_purchased_type":["Card"],"build_version":"2020-12-22","purchased_purges":1,"victory":false,"max_hp_per_floor":[75,75,75,75,75,75,75,75,75,75,75,75,75,75],"card_choices":[{"not_picked":["Barrage","Rebound"],"picked":"Coolheaded","floor":1.0},{"not_picked":["Reinforced Body","Rebound"],"picked":"Lockon","floor":2.0},{"not_picked":["Fusion","Loop"],"picked":"Genetic Algorithm","floor":3.0},{"not_picked":["Loop","Chill"],"picked":"Go for the Eyes","floor":4.0},{"not_picked":["Coolheaded","White Noise"],"picked":"Darkness","floor":5.0},{"not_picked":["Chaos","Steam Power"],"picked":"Redo","floor":6.0},{"not_picked":["Scrape","Multi-Cast"],"picked":"Recycle","floor":7.0},{"not_picked":["Blizzard","Hologram"],"picked":"Hello World","floor":10.0}],"player_experience":244784,"relics_obtained":[{"floor":6.0,"key":"Art of War"},{"floor":9.0,"key":"White Beast Statue"}],"event_choices":[{"damage_healed":0.0,"max_hp_gain":0.0,"max_hp_loss":0.0,"gold_gain":30.0,"event_name":"Dead Adventurer","player_choice":"Searched \u00271\u0027 times","floor":12.0,"gold_loss":0.0,"damage_taken":0.0}],"is_beta":false,"boss_relics":[],"items_purged_floors":[11],"is_endless":false,"potions_floor_spawned":[4,5,10],"killed_by":"3 Sentries","ascension_level":4}}