{"host":"q9718omregw4er46","time":1608820282,"event":{"mods":["BaseMod","Colored Powertips","Minty Spire (QoL Compilation)","Quick Restart","Relic Stats"],"gold_per_floor":[114,127,46,46,46,78,94,128,128,128,147,10,53,72,72,158,230,242,109,118,136,136,136,162,175,175,200,200,200],"floor_reached":28,"playtime":832,"items_purged":[],"score":698,"play_id":"94aac0fd-52fb-4c3e-91b1-17a743a1326b","local_time":"20201224193122","is_ascension_mode":true,"campfire_choices":[{"data":"Sunder","floor":10.0,"key":"SMITH"},{"data":"Defragment","floor":15,"key":"SMITH"},{"data":"Heatsinks","floor":23,"key":"SMITH"}],"circlet_count":0,"master_deck":["AscendersBane","Zap","Electrodynamics+1","Loop","Sunder+1","Compile Driver","FTL","Storm","Defragment+1","Heatsinks+1","Storm","Biased Cognition","Glacier","Genetic Algorithm","Ball Lightning","Go for the Eyes","Chaos","Skim","Cold Snap","RitualDagger","Auto Shields","Sweeping Beam","Biased Cognition","Loop","White Noise"],"relics":["Cracked Core","NeowsBlessing","Letter Opener","The Courier","Symbiotic Virus","Pandora\u0027s Box","Potion Belt","Nloth\u0027s Gift","Centennial Puzzle","Eternal Feather"],"acts_visited":["Exordium","TheCity"],"potions_floor_usage":[13,18,27],"damage_taken":[{"damage":0.0,"enemies":"Cultist","floor":1.0,"turns":1.0},{"damage":0.0,"enemies":"2 Louse","floor":2.0,"turns":1.0},{"damage":0.0,"enemies":"Gremlin Nob","floor":6.0,"turns":1.0},{"damage":7.0,"enemies":"Jaw Worm","floor":7.0,"turns":2.0},{"damage":19.0,"enemies":"3 Sentries","floor":8.0,"turns":5.0},{"damage":0.0,"enemies":"2 Fungi Beasts","floor":11.0,"turns":2.0},{"damage":8,"enemies":"Lagavulin","floor":13,"turns":5},{"damage":3,"enemies":"Blue Slaver","floor":14,"turns":2},{"damage":0,"enemies":"Slime Boss","floor":16,"turns":5},{"damage":8,"enemies":"3 Byrds","floor":18,"turns":4},{"damage":23,"enemies":"Book of Stabbing","floor":24,"turns":6},{"damage":12,"enemies":"Shell Parasite","floor":25,"turns":5},{"damage":10,"enemies":"Slavers","floor":27,"turns":3},{"damage":20,"enemies":"Centurion and Healer","floor":28,"turns":4}],"seed_played":"5467269984009070882","potions_obtained":[{"floor":1.0,"key":"BlessingOfTheForge"},{"floor":14,"key":"SmokeBomb"},{"floor":16,"key":"Fruit Juice"},{"floor":18,"key":"Strength Potion"},{"floor":25,"key":"DistilledChaos"},{"floor":27,"key":"Explosive Potion"}],"is_trial":false,"path_per_floor":["M","M","$","?","?","E","M","E","T","R","M","$","E","M","R","B",null,"M","$","?","?","?","R","E","M","T","E","M"],"character_chosen":"DEFECT","items_purchased":["Loop","Storm","Defragment","Block Potion","Potion Belt"],"campfire_rested":0,"item_purchase_floors":[3,12,12,12,19],"current_hp_per_floor":[64,64,64,64,69,69,62,43,43,43,43,43,35,32,32,32,65,62,62,56,56,56,56,33,21,21,11,0,0],"gold":200,"neow_bonus":"THREE_ENEMY_KILL","is_daily":false,"chose_seed":false,"campfire_upgraded":3,"win_rate":0.0,"timestamp":1608820282,"path_taken":["M","M","?","?","?","E","M","E","T","R","M","$","E","M","R","BOSS","M","$","?","?","?","R","E","?","T","E","M"],"items_purchased_type":["Card","Card","Card","Potion","Relic"],"build_version":"2020-12-22","purchased_purges":0,"victory":false,"max_hp_per_floor":[71,71,71,71,76,76,76,76,76,76,76,76,76,76,76,76,76,81,81,81,81,81,81,81,81,81,81,81,81],"relic_stats":{"Centennial Puzzle":[9],"counters":[14,45],"Pandora\u0027s Box":["Glacier","Genetic Algorithm","Ball Lightning","Go for the Eyes","Chaos","Gash","Skim","Cold Snap"],"Eternal Feather":0,"Nloth\u0027s Gift":1,"Letter Opener":[0],"obtain_stats":[{"Potion Belt":19,"Centennial Puzzle":24,"NeowsBlessing":0,"CeramicFish":13,"Pandora\u0027s Box":17,"Eternal Feather":27,"The Courier":8,"Nloth\u0027s Gift":22,"Letter Opener":6,"Cracked Core":0,"Symbiotic Virus":9},{"Potion Belt":10,"Centennial Puzzle":11,"NeowsBlessing":0,"CeramicFish":7,"Pandora\u0027s Box":9,"Eternal Feather":13,"The Courier":5,"Nloth\u0027s Gift":10,"Letter Opener":3,"Cracked Core":0,"Symbiotic Virus":5},{"Potion Belt":27,"Centennial Puzzle":33,"NeowsBlessing":0,"CeramicFish":17,"Pandora\u0027s Box":23,"Eternal Feather":41,"The Courier":10,"Nloth\u0027s Gift":27,"Letter Opener":3,"Cracked Core":0,"Symbiotic Virus":10}]},"card_choices":[{"not_picked":["Streamline","Stack","Beam Cell"],"picked":"SKIP","floor":1.0},{"not_picked":["Cold Snap","Rebound"],"picked":"Electrodynamics","floor":2.0},{"not_picked":["Sweeping Beam","Redo"],"picked":"Sunder","floor":6.0},{"not_picked":["Steam Power","Hologram","Rebound"],"picked":"SKIP","floor":7.0},{"not_picked":["Melter","Redo"],"picked":"Compile Driver","floor":8.0},{"not_picked":["Chill","Barrage"],"picked":"FTL","floor":11.0},{"not_picked":["Ball Lightning","Consume"],"picked":"Heatsinks","floor":13},{"not_picked":["Rebound","Gash"],"picked":"Storm","floor":14},{"not_picked":["Thunder Strike","Buffer"],"picked":"Biased Cognition","floor":16},{"not_picked":["Redo","Leap","Streamline"],"picked":"SKIP","floor":18},{"not_picked":["Melter","Chill"],"picked":"Biased Cognition","floor":24},{"not_picked":["Hologram","Steam"],"picked":"Loop","floor":25},{"not_picked":["Blizzard","Compile Driver"],"picked":"White Noise","floor":27}],"player_experience":1099538,"relics_obtained":[{"floor":6.0,"key":"Letter Opener"},{"floor":8.0,"key":"The Courier"},{"floor":9.0,"key":"Symbiotic Virus"},{"floor":13,"key":"CeramicFish"},{"floor":24,"key":"Centennial Puzzle"},{"floor":27,"key":"Eternal Feather"}],"event_choices":[{"damage_healed":0.0,"max_hp_gain":0.0,"max_hp_loss":0.0,"gold_gain":0.0,"event_name":"Living Wall","player_choice":"Grow","floor":4.0,"gold_loss":0.0,"damage_taken":0.0,"cards_upgraded":["Electrodynamics"]},{"damage_healed":0.0,"max_hp_gain":5.0,"max_hp_loss":0.0,"gold_gain":0.0,"event_name":"Big Fish","player_choice":"Donut","floor":5.0,"gold_loss":0.0,"damage_taken":0.0},{"damage_healed":0,"gold_gain":0,"player_choice":"Joined the Cult","damage_taken":6,"max_hp_gain":0,"max_hp_loss":0,"event_name":"Nest","floor":20,"gold_loss":0,"cards_obtained":["RitualDagger"]},{"damage_healed":0,"gold_gain":0,"cards_transformed":["Gash","Dualcast"],"player_choice":"Became Test Subject","damage_taken":0,"max_hp_gain":0,"max_hp_loss":0,"event_name":"Drug Dealer","floor":21,"gold_loss":0,"cards_obtained":["Auto Shields","Sweeping Beam"]},{"damage_healed":0,"gold_gain":0,"player_choice":"Traded Relic","damage_taken":0,"relics_obtained":["Nloth\u0027s Gift"],"max_hp_gain":0,"max_hp_loss":0,"event_name":"N\u0027loth","floor":22,"relics_lost":["CeramicFish"],"gold_loss":0}],"is_beta":false,"boss_relics":[{"not_picked":["SlaversCollar","Black Star"],"picked":"Pandora\u0027s Box"}],"items_purged_floors":[],"is_endless":false,"potions_floor_spawned":[1,14,16,18,25,27],"killed_by":"Centurion and Healer","ascension_level":20}}