{"host":"8u7tvcybuv0u72fd","time":1608788803,"event":{"mods":["BaseMod","BetterRewards","Colored Map","Colored Powertips","Minty Spire (QoL Compilation)","Quick Restart","Shop Mod"],"gold_per_floor":[111,126,126,140,215,215,225,225,249,249,281,281,313,324,324,420,420,436,351,370,167,167,167,200,226,251,251,271,271,17,17,17,113,113,123,26,45,99,99,124,147,159,171,183,40,40,0,50,50,50],"floor_reached":51,"playtime":2661,"items_purged":["Strike_R","Strike_R"],"score":1117,"play_id":"4fd9c7fd-e723-4d05-8284-25bb68c618d2","local_time":"20201224004643","is_ascension_mode":false,"campfire_choices":[{"data":"Body Slam","floor":6.0,"key":"SMITH"},{"data":"Bash","floor":8.0,"key":"SMITH"},{"data":"Rampage","floor":10.0,"key":"SMITH"},{"data":"Inflame","floor":12.0,"key":"SMITH"},{"data":"Seeing Red","floor":15.0,"key":"SMITH"},{"data":"Barricade","floor":23.0,"key":"SMITH"},{"data":"Ghostly Armor","floor":27.0,"key":"SMITH"},{"data":"Iron Wave","floor":29.0,"key":"SMITH"},{"data":"Pummel","floor":32,"key":"SMITH"},{"data":"Rage","floor":42,"key":"SMITH"},{"floor":44,"key":"REST"},{"data":"Defend_R","floor":49,"key":"SMITH"}],"circlet_count":0,"master_deck":["Strike_R","Strike_R","Defend_R","Defend_R","Defend_R","Defend_R+1","Bash+1","Body Slam+1","Rampage+1","Headbutt","Inflame+1","Pummel+1","Seeing Red+1","Barricade+1","Ghostly Armor+1","Iron Wave+1","Feed","Infernal Blade+1","Bloodletting","Rage+1","Seeing Red+1"],"relics":["Burning Blood","Matryoshka","Incense Burner","WingedGreaves","Pen Nib","Ancient Tea Set","Art of War","Potion Belt","Black Star","Shuriken","Boot","Dead Branch","Gremlin Horn","Toy Ornithopter","Blue Candle","Lantern","Bronze Scales","Bag of Marbles","Runic Pyramid","Gambling Chip","Bag of Preparation","MawBank","Mummified Hand","Juzu Bracelet","Red Mask","Calipers"],"acts_visited":["Exordium","TheCity","TheBeyond"],"potions_floor_usage":[40,50,50,50,50,50,50,50,50,50],"damage_taken":[{"damage":3.0,"enemies":"Jaw Worm","floor":1.0,"turns":2.0},{"damage":1.0,"enemies":"2 Louse","floor":2.0,"turns":4.0},{"damage":1.0,"enemies":"Cultist","floor":4.0,"turns":4.0},{"damage":2.0,"enemies":"Blue Slaver","floor":7.0,"turns":3.0},{"damage":1.0,"enemies":"Gremlin Nob","floor":11.0,"turns":4.0},{"damage":13.0,"enemies":"3 Sentries","floor":13.0,"turns":5.0},{"damage":0.0,"enemies":"Looter","floor":14.0,"turns":3.0},{"damage":0.0,"enemies":"Slime Boss","floor":16.0,"turns":6.0},{"damage":10.0,"enemies":"Chosen","floor":18.0,"turns":4.0},{"damage":24.0,"enemies":"Spheric Guardian","floor":20.0,"turns":4.0},{"damage":0.0,"enemies":"Gremlin Leader","floor":24.0,"turns":11.0},{"damage":8.0,"enemies":"Book of Stabbing","floor":25.0,"turns":5.0},{"damage":3.0,"enemies":"Centurion and Healer","floor":28.0,"turns":4.0},{"damage":13,"enemies":"Champ","floor":33,"turns":11},{"damage":0,"enemies":"Orb Walker","floor":35,"turns":3},{"damage":0,"enemies":"3 Darklings","floor":37,"turns":3},{"damage":39,"enemies":"2 Orb Walkers","floor":38,"turns":5},{"damage":12,"enemies":"Giant Head","floor":40,"turns":6},{"damage":6,"enemies":"Jaw Worm Horde","floor":41,"turns":4},{"damage":0,"enemies":"Mind Bloom Boss Battle","floor":48,"turns":3},{"damage":4,"enemies":"Time Eater","floor":50,"turns":7}],"seed_played":"-3424449672685978146","potions_obtained":[{"floor":1.0,"key":"DuplicationPotion"},{"floor":2.0,"key":"Fire Potion"},{"floor":7.0,"key":"Fire Potion"},{"floor":13.0,"key":"Weak Potion"},{"floor":24.0,"key":"Dexterity Potion"},{"floor":25.0,"key":"PowerPotion"},{"floor":33,"key":"AttackPotion"},{"floor":40,"key":"Energy Potion"},{"floor":41,"key":"EssenceOfSteel"}],"is_trial":false,"path_per_floor":["M","M","?","M","?","R","M","R","T","R","E","R","E","M","R","B",null,"M","?","M","$","?","R","E","E","T","R","M","R","$","?","R","B",null,"M","$","M","?","?","E","M","R","T","R","$","?","?","?","R","B",null],"character_chosen":"IRONCLAD","items_purchased":["Matryoshka","Incense Burner","WingedGreaves","EntropicBrew","Boot","Block Potion","Bag of Marbles","EntropicBrew","Juzu Bracelet"],"campfire_rested":1,"item_purchase_floors":[0,0,0,0,21,21,30,36,45],"current_hp_per_floor":[51,56,56,61,53,53,57,57,57,57,62,62,55,61,61,67,80,76,76,58,58,58,58,64,62,62,62,65,65,65,80,80,73,80,83,83,86,56,56,55,58,58,58,85,85,85,85,91,91,92],"gold":50,"neow_bonus":"","is_daily":false,"chose_seed":false,"campfire_upgraded":11,"win_rate":0.0,"timestamp":1608788803,"path_taken":["M","M","?","M","?","R","?","R","T","R","E","R","E","M","R","BOSS","M","?","M","$","?","R","E","E","T","R","M","R","$","?","R","BOSS","M","$","M","?","?","E","M","R","T","R","$","?","?","?","R","BOSS"],"items_purchased_type":["Relic","Relic","Relic","Potion","Relic","Potion","Relic","Potion","Relic"],"build_version":"2020-12-22","purchased_purges":2,"victory":true,"max_hp_per_floor":[80,80,80,80,80,80,80,80,80,80,80,80,80,80,80,80,80,80,80,80,80,80,80,80,80,80,80,80,80,80,80,80,80,80,83,83,86,89,89,89,92,92,92,92,92,92,92,92,92,92],"card_choices":[{"not_picked":["Combust","Warcry"],"picked":"Body Slam","floor":1.0},{"not_picked":["Power Through","Second Wind"],"picked":"Rampage","floor":2.0},{"not_picked":["Havoc","Dropkick"],"picked":"Headbutt","floor":4.0},{"not_picked":["Sentinel","Disarm","Clash"],"picked":"SKIP","floor":7.0},{"not_picked":["Thunderclap","Juggernaut"],"picked":"Inflame","floor":11.0},{"not_picked":["Twin Strike","Armaments"],"picked":"Pummel","floor":13.0},{"not_picked":["Pommel Strike","Perfected Strike"],"picked":"Seeing Red","floor":14.0},{"not_picked":["Immolate","Reaper"],"picked":"Barricade","floor":16.0},{"not_picked":["Iron Wave","Disarm","Body Slam+1"],"picked":"SKIP","floor":18.0},{"not_picked":["Rupture+1","Spot Weakness","Anger+1"],"picked":"SKIP","floor":20.0},{"not_picked":["Offering","Clothesline+1","Immolate"],"picked":"SKIP","floor":24.0},{"not_picked":["Twin Strike+1","Dark Embrace"],"picked":"Ghostly Armor","floor":25.0},{"not_picked":["Searing Blow","Carnage","Iron Wave"],"picked":"SKIP","floor":28.0},{"not_picked":["Searing Blow","Carnage"],"picked":"Iron Wave","floor":28.0},{"not_picked":["Demon Form","Juggernaut"],"picked":"Feed","floor":33},{"not_picked":["Body Slam","Seeing Red"],"picked":"Infernal Blade+1","floor":35},{"not_picked":["Perfected Strike","Shockwave+1","Reckless Charge"],"picked":"SKIP","floor":37},{"not_picked":["Twin Strike+1","Sword Boomerang"],"picked":"Rage","floor":40},{"not_picked":["Disarm+1","Clothesline+1","Anger"],"picked":"SKIP","floor":41}],"player_experience":1208838,"relics_obtained":[{"floor":9.0,"key":"Pen Nib"},{"floor":9.0,"key":"Ancient Tea Set"},{"floor":11.0,"key":"Art of War"},{"floor":13.0,"key":"Potion Belt"},{"floor":24.0,"key":"Dead Branch"},{"floor":24.0,"key":"Gremlin Horn"},{"floor":25.0,"key":"Toy Ornithopter"},{"floor":25.0,"key":"Blue Candle"},{"floor":26.0,"key":"Lantern"},{"floor":26.0,"key":"Bronze Scales"},{"floor":38,"key":"Gambling Chip"},{"floor":40,"key":"Bag of Preparation"},{"floor":40,"key":"MawBank"},{"floor":43,"key":"Mummified Hand"},{"floor":48,"key":"Calipers"}],"event_choices":[{"damage_healed":0.0,"max_hp_gain":0.0,"max_hp_loss":0.0,"gold_gain":0.0,"event_name":"Liars Game","player_choice":"Ignored","floor":3.0,"gold_loss":0.0,"damage_taken":0.0},{"damage_healed":0.0,"max_hp_gain":0.0,"max_hp_loss":0.0,"gold_gain":75.0,"event_name":"FaceTrader","player_choice":"Touch","floor":5.0,"gold_loss":0.0,"damage_taken":8.0},{"damage_healed":0.0,"max_hp_gain":0.0,"max_hp_loss":0.0,"gold_gain":0.0,"event_name":"Addict","player_choice":"Obtained Relic","floor":19.0,"gold_loss":85.0,"damage_taken":0.0,"relics_obtained":["Shuriken"]},{"damage_healed":0.0,"max_hp_gain":0.0,"max_hp_loss":0.0,"gold_gain":0.0,"event_name":"Ghosts","player_choice":"Ignored","floor":22.0,"gold_loss":0.0,"damage_taken":0.0},{"damage_healed":26,"gold_gain":0,"player_choice":"Heal","damage_taken":0,"max_hp_gain":0,"max_hp_loss":0,"event_name":"The Library","floor":31,"gold_loss":0},{"damage_healed":0,"gold_gain":0,"player_choice":"Fight","damage_taken":0,"max_hp_gain":0,"max_hp_loss":0,"event_name":"Mysterious Sphere","floor":38,"gold_loss":0},{"damage_healed":0,"gold_gain":0,"cards_transformed":["Strike_R"],"player_choice":"Transformed","damage_taken":0,"max_hp_gain":0,"max_hp_loss":0,"event_name":"Transmorgrifier","floor":39,"gold_loss":0,"cards_obtained":["Bloodletting"]},{"damage_healed":0,"gold_gain":0,"player_choice":"Copied","damage_taken":0,"max_hp_gain":0,"max_hp_loss":0,"event_name":"Duplicator","floor":46,"gold_loss":0,"cards_obtained":["Seeing Red"]},{"damage_healed":0,"gold_gain":0,"player_choice":"Paid","damage_taken":0,"relics_obtained":["Red Mask"],"max_hp_gain":0,"max_hp_loss":0,"event_name":"Tomb of Lord Red Mask","floor":47,"gold_loss":40},{"damage_healed":0,"gold_gain":0,"player_choice":"Fight","damage_taken":0,"max_hp_gain":0,"max_hp_loss":0,"event_name":"MindBloom","floor":48,"gold_loss":0}],"is_beta":false,"boss_relics":[{"not_picked":["Coffee Dripper","Velvet Choker"],"picked":"Black Star"},{"not_picked":["Empty Cage","Pandora\u0027s Box"],"picked":"Runic Pyramid"}],"items_purged_floors":[0,30],"is_endless":false,"potions_floor_spawned":[1,2,7,13,24,25,33,35,40,41],"ascension_level":0}}