{"host":"96bpdudduaq3ttpf","time":1608778456,"event":{"mods":["Act Like it!","Astrologer","Bard","Bartender","BaseMod","BetterRewards","CapriCore","Challenge The Spire","Chen","Downfall","Elementarium","Friendly Minions","GifTheSpireLib","Hallownest","Hermit","Jorbs\u0027s Wanderer Trilogy","KinomotoSakuraMod(????)","Koishi","KomeijiMod","Mari Mod (Legacy)","Mari\u0027s V1 Patch","Marisa????????","Mimic Mod","Minty Spire (QoL Compilation)","Prisma Mod","Replay The Spire","Shade Mod","StSLib","Td1madao Mod","The Administrix","The Animator","The Bug Knight","The Construct","The Cursed","The Factory","The Gatherer","The Hierophant","The Immortal","The IronCluck","The Jungle","The Mystic","The Necromancer","The Runesmith","The Senshi","The Servant 0.9.4","WarShipGirlsR/????R mod","Yohane!","Yuyuko"],"gold_per_floor":[119,135,151,161,32,107,118,118,148,182,182,182,182,201,201,303,303,318,74,113,113,113],"floor_reached":21,"playtime":2083,"items_purged":["AdministrixMod:Strike_Administrix","AdministrixMod:Defend_Administrix"],"score":179,"play_id":"ef4bec38-8662-4354-8a5a-ba9ee7f5b3bd","local_time":"20201223195416","is_ascension_mode":false,"campfire_choices":[{"data":"AdministrixMod:ImmortalPurity","floor":8,"key":"SMITH"},{"data":"AdministrixMod:SealAway","floor":11,"key":"SMITH"},{"data":"AdministrixMod:ImmortalPurity+2","floor":13,"key":"SMITH"},{"data":"AdministrixMod:ImmortalGrace","floor":15,"key":"SMITH"}],"circlet_count":0,"master_deck":["AdministrixMod:Strike_Administrix+1","AdministrixMod:Strike_Administrix+1","AdministrixMod:Strike_Administrix","AdministrixMod:RedCloak","AdministrixMod:Defend_Administrix","AdministrixMod:Defend_Administrix","AdministrixMod:Defend_Administrix","AdministrixMod:BlueCloak","AdministrixMod:SealAway+1","AdministrixMod:ImmortalGrace+1","AdministrixMod:UnstableVigor","AdministrixMod:DiversionaryTactic","AdministrixMod:WickedPunishment","AdministrixMod:WickedPunishment","AdministrixMod:ImmortalPurity+3","AdministrixMod:SyncreticSurge","AdministrixMod:WickedPunishment","AdministrixMod:FaithfulFlames","AdministrixMod:MixOfMercury+1"],"relics":["AdministrixMod:ConductorRitualBaton","NeowsBlessing","Whetstone","Sundial","Black Star","Replay:Baseball","Ornamental Fan"],"acts_visited":["Exordium","Exordium"],"potions_floor_usage":[16,16,18],"damage_taken":[{"damage":0,"enemies":"Cultist","floor":1,"turns":1},{"damage":0,"enemies":"Jaw Worm","floor":2,"turns":1},{"damage":0,"enemies":"Small Slimes","floor":3,"turns":1},{"damage":2,"enemies":"Blue Slaver","floor":4,"turns":3},{"damage":2,"enemies":"Looter","floor":7,"turns":3},{"damage":0,"enemies":"3 Louse","floor":9,"turns":9},{"damage":8,"enemies":"Gremlin Nob","floor":10,"turns":3},{"damage":6,"enemies":"3 Louse","floor":14,"turns":2},{"damage":13,"enemies":"Slime Boss","floor":16,"turns":9},{"damage":37,"enemies":"Hallownest:2_Mistakes","floor":18,"turns":5},{"damage":16,"enemies":"Hallownest:Guard_and_Sentry","floor":20,"turns":7},{"damage":16,"enemies":"Hallownest:Guard_and_Sentry","floor":21,"turns":2}],"seed_played":"-1048012884360462497","potions_obtained":[{"floor":3,"key":"Explosive Potion"},{"floor":10,"key":"Slimebound:ThreeZeroPotion"},{"floor":16,"key":"AttackPotion"}],"is_trial":false,"path_per_floor":["M","M","M","M","$","?","M","R","MIM","E","R","?","R","M","R","B",null,"M","$","MIM","M"],"character_chosen":"TheAdministrix","items_purchased":["AdministrixMod:WickedPunishment","Replay:Baseball"],"campfire_rested":0,"item_purchase_floors":[5,19],"current_hp_per_floor":[65,65,65,63,63,57,55,55,55,47,47,47,47,41,41,28,65,28,28,12,0,0],"gold":113,"neow_bonus":"THREE_ENEMY_KILL","is_daily":false,"chose_seed":false,"campfire_upgraded":4,"win_rate":0.0,"timestamp":1608778456,"path_taken":["M","M","?","M","$","?","?","R","MIM","E","R","?","R","M","R","BOSS","M","$","?","M"],"items_purchased_type":["Card","Relic"],"build_version":"2020-12-22","purchased_purges":2,"victory":false,"max_hp_per_floor":[65,65,65,65,65,65,65,65,65,65,65,65,65,65,65,65,65,65,65,65,65,65],"card_choices":[{"not_picked":["AdministrixMod:FuneraryRites","AdministrixMod:ShadowPlay"],"picked":"AdministrixMod:SealAway","floor":1},{"not_picked":["AdministrixMod:PassageOfAges","AdministrixMod:FuneraryRites"],"picked":"AdministrixMod:ImmortalGrace","floor":2},{"not_picked":["AdministrixMod:Katabasis","AdministrixMod:MixOfMercury"],"picked":"AdministrixMod:UnstableVigor","floor":3},{"not_picked":["AdministrixMod:TrickOfTheLight","AdministrixMod:DreamsMausoleum"],"picked":"AdministrixMod:DiversionaryTactic","floor":4},{"not_picked":["AdministrixMod:FuneraryRites","AdministrixMod:CrackingPangu"],"picked":"AdministrixMod:ImmortalPurity","floor":7},{"not_picked":["AdministrixMod:ImmortalGrace","AdministrixMod:LightOfYourLife"],"picked":"AdministrixMod:SyncreticSurge","floor":10},{"not_picked":["AdministrixMod:TrickOfTheLight","AdministrixMod:LightOfYourLife"],"picked":"AdministrixMod:WickedPunishment","floor":14},{"not_picked":["AdministrixMod:Schism","AdministrixMod:Mastermind"],"picked":"AdministrixMod:FaithfulFlames","floor":16},{"not_picked":["AdministrixMod:NoblePath","AdministrixMod:BloodBargain"],"picked":"AdministrixMod:MixOfMercury+1","floor":18}],"player_experience":714491,"relics_obtained":[{"floor":9,"key":"Whetstone"},{"floor":10,"key":"Sundial"},{"floor":20,"key":"Ornamental Fan"}],"event_choices":[{"damage_healed":0,"gold_gain":75,"player_choice":"Touch","damage_taken":6,"max_hp_gain":0,"max_hp_loss":0,"event_name":"FaceTrader","floor":6,"gold_loss":0},{"damage_healed":0,"gold_gain":0,"player_choice":"Upgraded","damage_taken":0,"max_hp_gain":0,"max_hp_loss":0,"event_name":"Upgrade Shrine","floor":12,"gold_loss":0,"cards_upgraded":["AdministrixMod:ImmortalPurity"]}],"is_beta":false,"boss_relics":[{"not_picked":["Replay:Drink Me","Replay:Ancient Bell"],"picked":"Black Star"}],"items_purged_floors":[5,19],"is_endless":false,"potions_floor_spawned":[3,10,16],"killed_by":"Hallownest:Guard_and_Sentry","ascension_level":0}}