{"host":"sav7uxregyirlf69","time":1608823950,"event":{"mods":["AchievementEnabler","BaseMod","Colored Map","DeckTracker","Keyboard Shortcuts","Minty Spire (QoL Compilation)","READ ME - Guardian Mod","StSLib","SuperFastMode"],"gold_per_floor":[118,293,132,142,142,169,169,197,197,222,222,242,254,267,267,366,366,366],"floor_reached":17,"playtime":241,"items_purged":["Doubt"],"score":300,"play_id":"a9e5cbe3-ad31-4020-a45c-411b75a1fced","local_time":"20201225003230","is_ascension_mode":true,"campfire_choices":[{"data":"Perfected Strike","floor":7,"key":"SMITH"},{"data":"Inflame","floor":11,"key":"SMITH"},{"data":"Body Slam","floor":15,"key":"SMITH"}],"circlet_count":0,"master_deck":["AscendersBane","Strike_R","Strike_R","Strike_R","Strike_R","Strike_R","Defend_R","Defend_R","Defend_R","Defend_R","Bash","Perfected Strike+1","Flash of Steel","Rage","Pain","Inflame+1","Second Wind","Shrug It Off","Body Slam+1"],"relics":["Burning Blood","NeowsBlessing","WarpedTongs","Mummified Hand","Smiling Mask","Happy Flower","Letter Opener"],"acts_visited":["Exordium","TheCity"],"potions_floor_usage":[16,16],"damage_taken":[{"damage":0,"enemies":"2 Louse","floor":1,"turns":1},{"damage":0,"enemies":"Small Slimes","floor":4,"turns":1},{"damage":0,"enemies":"Gremlin Nob","floor":6,"turns":1},{"damage":15,"enemies":"3 Sentries","floor":8,"turns":7},{"damage":23,"enemies":"Gremlin Nob","floor":10,"turns":4},{"damage":3,"enemies":"Cultist","floor":12,"turns":3},{"damage":1,"enemies":"Exordium Wildlife","floor":13,"turns":3},{"damage":4,"enemies":"3 Louse","floor":14,"turns":4},{"damage":25,"enemies":"Slime Boss","floor":16,"turns":7}],"seed_played":"7286480364635770832","potions_obtained":[{"floor":1,"key":"PowerPotion"},{"floor":8,"key":"Swift Potion"},{"floor":12,"key":"LiquidBronze"},{"floor":16,"key":"ColorlessPotion"}],"is_trial":false,"path_per_floor":["M","?","$","M","?","E","R","E","T","E","R","M","M","M","R","B",null],"character_chosen":"IRONCLAD","items_purchased":["Flash of Steel"],"campfire_rested":0,"item_purchase_floors":[3],"current_hp_per_floor":[78,78,78,80,80,80,80,71,71,54,54,57,62,64,64,45,71,71],"gold":366,"neow_bonus":"THREE_ENEMY_KILL","is_daily":false,"chose_seed":false,"campfire_upgraded":3,"win_rate":0.0,"timestamp":1608823950,"path_taken":["M","?","$","M","?","E","R","E","T","E","R","M","?","M","R","BOSS"],"items_purchased_type":["Card"],"build_version":"2020-12-22","purchased_purges":1,"victory":false,"max_hp_per_floor":[80,80,80,80,80,80,80,80,80,80,80,80,80,80,80,80,80,80],"card_choices":[{"not_picked":["Carnage","Dropkick"],"picked":"Perfected Strike","floor":1},{"not_picked":["Combust","Headbutt"],"picked":"Rage","floor":4},{"not_picked":["Dual Wield","Berserk"],"picked":"Inflame","floor":6},{"not_picked":["Rupture","Flex"],"picked":"Second Wind","floor":8},{"not_picked":["Thunderclap","Warcry","Flex"],"picked":"SKIP","floor":10},{"not_picked":["Sever Soul","Anger","Havoc"],"picked":"SKIP","floor":12},{"not_picked":["Hemokinesis","Searing Blow"],"picked":"Shrug It Off","floor":13},{"not_picked":["Battle Trance","Twin Strike"],"picked":"Body Slam","floor":14}],"player_experience":1004281,"relics_obtained":[{"floor":6,"key":"Mummified Hand"},{"floor":8,"key":"Smiling Mask"},{"floor":9,"key":"Happy Flower"},{"floor":10,"key":"Letter Opener"}],"event_choices":[{"damage_healed":0,"gold_gain":175,"player_choice":"AGREE","damage_taken":0,"max_hp_gain":0,"max_hp_loss":0,"event_name":"Liars Game","floor":2,"gold_loss":0,"cards_obtained":["Doubt"]},{"damage_healed":0,"gold_gain":0,"player_choice":"Rummage","damage_taken":0,"relics_obtained":["WarpedTongs"],"max_hp_gain":0,"max_hp_loss":0,"event_name":"Accursed Blacksmith","floor":5,"gold_loss":0,"cards_obtained":["Pain"]}],"is_beta":false,"boss_relics":[{"not_picked":[]}],"items_purged_floors":[3],"is_endless":false,"potions_floor_spawned":[1,8,12,14,16],"ascension_level":10}}