{"host":"e7sl0pd4xxdbbdh2","time":1608810162,"event":{"mods":["BaseMod","Better Third Choice","Colored Map","Colored Powertips","Hubris","Minty Spire (QoL Compilation)","Replay The Spire","StSLib","SuperFastMode"],"gold_per_floor":[113,113,113,113,131,161,161,176,199,199,33,58,58,70,70,143,143,160,85,85,85,98,98,98,98,123,135,146,14,44,67,67,141,141,154,172,188,188,48,48,64,64,64,64,64],"floor_reached":44,"playtime":2267,"items_purged":["Strike_G"],"score":918,"play_id":"b67e7859-7bef-4680-b111-9b527048bb96","local_time":"20201224084242","is_ascension_mode":true,"campfire_choices":[{"data":"Crippling Poison","floor":7.0,"key":"SMITH"},{"data":"Finisher","floor":10.0,"key":"SMITH"},{"data":"Calculated Gamble","floor":13.0,"key":"SMITH"},{"data":"Flying Knee","floor":15.0,"key":"SMITH"},{"floor":23.0,"key":"REST"},{"data":"Leg Sweep","floor":25.0,"key":"SMITH"},{"floor":32,"key":"REST"},{"data":"After Image","floor":40,"key":"SMITH"},{"data":"Poison Darts","floor":42,"key":"SMITH"}],"circlet_count":0,"master_deck":["AscendersBane","Strike_G","Strike_G","Defend_G+1","Defend_G","Defend_G","Survivor","Neutralize+1","Flying Knee+1","Fasting2+1","Finisher+1","Crippling Poison+1","Calculated Gamble+1","Escape Plan","Leg Sweep+1","Storm of Steel","Eviscerate+1","Neutralize+1","Distraction+1","Dagger Spray","Poison Darts+1","Escape Plan+1","Adrenaline+1","Caltrops+1","Caltrops+1","Poisoned Stab","After Image+1","Footwork"],"relics":["Ring of the Snake","NeowsBlessing","hubris:Towel","Replay:Mystery Machine","Replay:Rubber Ducky","Pet Ghost","hubris:EmptyBottle","Bronze Scales","Runic Dome","Bag of Preparation","ReplayTheSpireMod:TigerMarble","Gremlin Food","Astrolabe","Mango"],"acts_visited":["Exordium","TheCity","TheBeyond"],"potions_floor_usage":[30,30,36,36,37],"damage_taken":[{"damage":0.0,"enemies":"Small Slimes","floor":1.0,"turns":1.0},{"damage":0.0,"enemies":"2 Louse","floor":5.0,"turns":1.0},{"damage":0.0,"enemies":"3 Sentries","floor":6.0,"turns":1.0},{"damage":0.0,"enemies":"Jaw Worm","floor":8.0,"turns":3.0},{"damage":7.0,"enemies":"Lagavulin","floor":12.0,"turns":5.0},{"damage":2.0,"enemies":"Exordium Wildlife","floor":14.0,"turns":4.0},{"damage":6.0,"enemies":"Hexaghost","floor":16.0,"turns":8.0},{"damage":6.0,"enemies":"3 Byrds","floor":18.0,"turns":4.0},{"damage":9.0,"enemies":"Shell Parasite","floor":22.0,"turns":4.0},{"damage":7.0,"enemies":"Snake Plant","floor":27.0,"turns":5.0},{"damage":1,"enemies":"3 Cultists","floor":28,"turns":4},{"damage":1,"enemies":"Slavers","floor":30,"turns":5},{"damage":45,"enemies":"hubris:MusketHawk","floor":33,"turns":10},{"damage":0,"enemies":"Orb Walker","floor":35,"turns":1},{"damage":0,"enemies":"3 Darklings","floor":36,"turns":3},{"damage":9,"enemies":"Sphere and 2 Shapes","floor":37,"turns":4},{"damage":4,"enemies":"Maw","floor":41,"turns":7},{"damage":0,"enemies":"Reptomancer","floor":44,"turns":1}],"seed_played":"1011823809164269088","potions_obtained":[{"floor":5.0,"key":"Venom Potion"},{"floor":6.0,"key":"ColorlessPotion"},{"floor":27.0,"key":"Ancient Potion"},{"floor":28,"key":"Weak Potion"},{"floor":35,"key":"SkillPotion"},{"floor":36,"key":"FairyPotion"}],"is_trial":false,"path_per_floor":["M","?","?","?","M","E","R","M","T","R","$","E","R","M","R","B",null,"M","?","?","?","M","R","?","R","T","M","M","$","E","T","R","B",null,"M","M","M","?","$","R","M","R","T","E"],"character_chosen":"THE_SILENT","items_purchased":["hubris:EmptyBottle","Fire Potion","After Image","PowerPotion"],"campfire_rested":2,"item_purchase_floors":[11,29,39,39],"current_hp_per_floor":[59,59,51,51,51,51,51,51,51,51,51,44,44,42,42,36,59,53,53,35,35,26,47,47,47,47,40,39,39,38,38,59,14,57,57,57,48,48,48,48,44,44,58,58,58],"gold":64,"neow_bonus":"THREE_ENEMY_KILL","is_daily":false,"chose_seed":false,"campfire_upgraded":7,"win_rate":0.0,"timestamp":1608810162,"path_taken":["M","?","?","?","M","E","R","M","T","R","$","E","R","M","R","BOSS","M","?","?","?","?","R","?","R","T","M","?","$","E","?","R","BOSS","M","M","M","?","$","R","M","R","T","E"],"items_purchased_type":["Relic","Potion","Card","Potion"],"build_version":"2020-12-22","purchased_purges":1,"victory":false,"max_hp_per_floor":[66,66,66,66,66,66,66,66,66,66,66,66,66,66,66,66,66,66,66,71,71,71,71,71,71,71,71,71,71,71,71,71,71,71,71,71,71,67,67,67,67,67,81,81,81],"card_choices":[{"not_picked":["Acrobatics","Expertise"],"picked":"Flying Knee","floor":1.0},{"not_picked":["Bane","Sucker Punch"],"picked":"Finisher","floor":5.0},{"not_picked":["Acrobatics","ReplayTheSpireMod:Necrosis"],"picked":"Crippling Poison","floor":6.0},{"not_picked":["Hidden Blade","Cloak And Dagger"],"picked":"Calculated Gamble","floor":8.0},{"not_picked":["Blade Dance","Poisoned Stab"],"picked":"Escape Plan","floor":12.0},{"not_picked":["Blade Dance","Escape Plan"],"picked":"Leg Sweep","floor":14.0},{"not_picked":["Tools of the Trade","ReplayTheSpireMod:From All Sides"],"picked":"Storm of Steel","floor":16.0},{"not_picked":["ReplayTheSpireMod:The Works","PiercingWail+1"],"picked":"Eviscerate+1","floor":18.0},{"not_picked":["Flying Knee","Sucker Punch+1","Hidden Blade"],"picked":"SKIP","floor":22.0},{"not_picked":["Acrobatics","Poisoned Stab"],"picked":"Distraction+1","floor":27.0},{"not_picked":["Sucker Punch","Slice"],"picked":"Dagger Spray","floor":28},{"not_picked":["Slice","Underhanded Strike+1","Crippling Poison"],"picked":"SKIP","floor":30},{"not_picked":["Venomology","A Thousand Cuts"],"picked":"Poison Darts","floor":33},{"not_picked":["Backflip","Flying Knee"],"picked":"Caltrops+1","floor":35},{"not_picked":["Hidden Blade","Skewer","Dagger Spray"],"picked":"SKIP","floor":36},{"not_picked":["Prepared+1","Underhanded Strike"],"picked":"Poisoned Stab","floor":37},{"not_picked":["Acrobatics","Underhanded Strike"],"picked":"Footwork","floor":41}],"player_experience":1598393,"relics_obtained":[{"floor":6.0,"key":"Replay:Rubber Ducky"},{"floor":9.0,"key":"Pet Ghost"},{"floor":12.0,"key":"Bronze Scales"},{"floor":26.0,"key":"Bag of Preparation"},{"floor":30,"key":"ReplayTheSpireMod:TigerMarble"},{"floor":31,"key":"Gremlin Food"},{"floor":43,"key":"Mango"}],"event_choices":[{"damage_healed":0.0,"max_hp_gain":0.0,"max_hp_loss":0.0,"gold_gain":0.0,"event_name":"Living Wall","player_choice":"Grow","floor":4.0,"gold_loss":0.0,"damage_taken":0.0,"cards_upgraded":["Neutralize"]},{"cards_removed":["Strike_G"],"damage_healed":0.0,"max_hp_gain":0.0,"max_hp_loss":0.0,"gold_gain":0.0,"event_name":"Beggar","player_choice":"Gave Gold","floor":19.0,"gold_loss":75.0,"damage_taken":0.0},{"damage_healed":0.0,"max_hp_gain":5.0,"max_hp_loss":0.0,"gold_gain":0.0,"event_name":"Forgotten Altar","player_choice":"Shed Blood","floor":20.0,"gold_loss":0.0,"damage_taken":23.0},{"damage_healed":0.0,"max_hp_gain":0.0,"max_hp_loss":0.0,"gold_gain":0.0,"event_name":"Duplicator","player_choice":"Copied","floor":21.0,"gold_loss":0.0,"damage_taken":0.0,"cards_obtained":["Neutralize"]},{"damage_healed":0.0,"max_hp_gain":0.0,"max_hp_loss":0.0,"gold_gain":0.0,"event_name":"N\u0027loth","player_choice":"Ignored","floor":24.0,"gold_loss":0.0,"damage_taken":0.0},{"damage_healed":0,"gold_gain":0,"player_choice":"Max HP","damage_taken":0,"max_hp_gain":0,"max_hp_loss":4,"event_name":"Winding Halls","floor":38,"gold_loss":0}],"is_beta":false,"boss_relics":[{"not_picked":["hubris:CrackedHourglass","hubris:BlackHole"],"picked":"Runic Dome"},{"not_picked":["hubris:Stopwatch","Snecko Scales"],"picked":"Astrolabe"}],"items_purged_floors":[29],"is_endless":false,"potions_floor_spawned":[5,6,8,27,28,35,36],"killed_by":"Reptomancer","ascension_level":20}}