{"host":"j204k34h42bd6fas","time":1608841167,"event":{"mods":["Aspiration","BaseMod","Colored Map","Colored Powertips","Conspire","Energized Spire","Hubris","Infinite Spire","JesterMod","Mimic Mod","Minty Spire (QoL Compilation)","Rare Cards Sparkle","Relic Stats","Replay The Spire","Say the Spire","StSLib","The Cursed","The Marked"],"gold_per_floor":[116,77,77,95,119,152,152,152,199,199,36,47,0,15,15,111,111,122,122,37,33,33,67,67,67,67],"floor_reached":25,"playtime":1017,"items_purged":[],"score":303,"play_id":"72b0012a-cdcb-44c9-abb9-aff8813bb41e","local_time":"20201224151927","is_ascension_mode":true,"campfire_choices":[{"data":"Body Slam","floor":7,"key":"SMITH"},{"data":"Seeing Red","floor":10,"key":"SMITH"},{"data":"Eclipse","floor":15,"key":"SMITH"},{"floor":24,"key":"REST"}],"circlet_count":0,"master_deck":["Strike_R","Strike_R","Strike_R","Strike_R","Strike_R","Defend_R","Defend_R","Defend_R","Defend_R","Bash","ReplayTheSpireMod:LeadingStrike+1","ReplayTheSpireMod:Limb From Limb","ReplayTheSpireMod:Stacked","Seeing Red+1","Body Slam+1","ReplayUltimateDefense","Eclipse+1","Havoc","Iron Wave","Fiend Fire","Entrench+1","Dark Shackles","ReplayTheSpireMod:Stacked","Rampage"],"relics":["Burning Blood","NeowsBlessing","Replay:PocketPolymizer","Snack Pack","Nunchaku","energizedSpire:SpiderWeb","CultistMask","hubris:ChampionShield"],"acts_visited":["Exordium","TheCity"],"potions_floor_usage":[23,25],"damage_taken":[{"damage":0,"enemies":"Jaw Worm","floor":1,"turns":1},{"damage":3,"enemies":"conspire:RoseBush","floor":4,"turns":1},{"damage":0,"enemies":"3 Sentries","floor":6,"turns":2},{"damage":10,"enemies":"Cultist","floor":12,"turns":4},{"damage":7,"enemies":"Looter","floor":14,"turns":4},{"damage":77,"enemies":"Fading Forest","floor":16,"turns":11},{"damage":16,"enemies":"Shell Parasite","floor":18,"turns":4},{"damage":25,"enemies":"2 Thieves","floor":21,"turns":5},{"damage":10,"enemies":"Book of Stabbing","floor":23,"turns":7},{"damage":66,"enemies":"Gremlin Leader","floor":25,"turns":7}],"seed_played":"-4716837031649831200","potions_obtained":[{"floor":16,"key":"Elixir"},{"floor":21,"key":"LiquidMemories"},{"floor":23,"key":"LiquidMemories"}],"is_trial":false,"path_per_floor":["M","$","?","M","?","E","R","?","T","R","$","M","$","M","R","B",null,"M","?","$","M","?","E","R","E"],"character_chosen":"IRONCLAD","items_purchased":["ReplayTheSpireMod:Limb From Limb","ReplayUltimateDefense","Havoc","Dark Shackles"],"campfire_rested":1,"item_purchase_floors":[2,11,13,20],"current_hp_per_floor":[80,80,80,80,60,66,66,66,66,66,66,64,64,63,63,24,66,58,50,50,33,33,33,57,0,0],"gold":67,"neow_bonus":"THREE_ENEMY_KILL","is_daily":false,"chose_seed":false,"campfire_upgraded":3,"win_rate":0.0,"timestamp":1608841167,"path_taken":["M","$","?","M","?","E","R","?","T","R","$","M","$","M","R","BOSS","M","?","?","M","?","E","R","E"],"items_purchased_type":["Card","Card","Card","Card"],"build_version":"2020-12-22","purchased_purges":0,"victory":false,"max_hp_per_floor":[80,80,80,80,80,80,80,80,80,80,80,80,80,80,80,80,80,80,80,80,80,80,80,80,80,80],"relic_stats":{"Nunchaku":[7],"counters":[10,46],"obtain_stats":[{"Nunchaku":9,"Replay:PocketPolymizer":5,"NeowsBlessing":0,"CultistMask":22,"Snack Pack":6,"energizedSpire:SpiderWeb":17,"hubris:ChampionShield":23,"Burning Blood":0},{"Nunchaku":3,"Replay:PocketPolymizer":2,"NeowsBlessing":0,"CultistMask":8,"Snack Pack":3,"energizedSpire:SpiderWeb":6,"hubris:ChampionShield":9,"Burning Blood":0},{"Nunchaku":4,"Replay:PocketPolymizer":2,"NeowsBlessing":0,"CultistMask":32,"Snack Pack":4,"energizedSpire:SpiderWeb":23,"hubris:ChampionShield":39,"Burning Blood":0}],"Burning Blood":45},"card_choices":[{"not_picked":["Havoc","Abandon"],"picked":"ReplayTheSpireMod:LeadingStrike","floor":1},{"not_picked":["Dual Wield","Flex"],"picked":"ReplayTheSpireMod:Stacked","floor":4},{"not_picked":["Clash","Iron Wave"],"picked":"Seeing Red","floor":5},{"not_picked":["Shrug It Off","Flex"],"picked":"Body Slam","floor":6},{"not_picked":["Headbutt","Armaments"],"picked":"Eclipse","floor":12},{"not_picked":["Infernal Blade","Run Through"],"picked":"Iron Wave","floor":14},{"not_picked":["Berserk","Feed"],"picked":"Fiend Fire","floor":16},{"not_picked":["Perfected Strike","Warcry"],"picked":"Entrench+1","floor":18},{"not_picked":["Armaments","Havoc"],"picked":"ReplayTheSpireMod:Stacked","floor":21},{"not_picked":["ReplayTheSpireMod:LeadingStrike+1","Anger"],"picked":"Rampage","floor":23}],"player_experience":291815,"relics_obtained":[{"floor":5,"key":"Replay:PocketPolymizer"},{"floor":6,"key":"Snack Pack"},{"floor":9,"key":"Nunchaku"},{"floor":23,"key":"hubris:ChampionShield"}],"event_choices":[{"damage_healed":0,"gold_gain":0,"player_choice":"0 cards matched","damage_taken":0,"max_hp_gain":0,"max_hp_loss":0,"event_name":"Match and Keep!","floor":8,"gold_loss":0,"cards_obtained":[]},{"damage_healed":0,"gold_gain":0,"player_choice":"Damaged","damage_taken":8,"max_hp_gain":0,"max_hp_loss":0,"event_name":"Wheel of Change","floor":19,"gold_loss":0},{"damage_healed":0,"gold_gain":0,"player_choice":"Trade","damage_taken":0,"relics_obtained":["CultistMask"],"max_hp_gain":0,"max_hp_loss":0,"event_name":"FaceTrader","floor":22,"gold_loss":0}],"is_beta":false,"boss_relics":[{"not_picked":["Pandora\u0027s Box","energizedSpire:NeverEndingSparkler"],"picked":"energizedSpire:SpiderWeb"}],"items_purged_floors":[],"is_endless":false,"potions_floor_spawned":[16,21,23],"killed_by":"Gremlin Leader","ascension_level":5}}