{"host":"qjr2x8lg4bxz99yh","time":1608841207,"event":{"mods":["Act Like it!","BaseMod","Colored Powertips","Downfall","Friendly Minions","Hallownest","Hermit","Minty Spire (QoL Compilation)","Replay The Spire","StSLib","The Bug Knight","The Cursed","The Disciple","The Hierophant","The Jungle","The Necromancer","The Runesmith","everything is the same but u backflip on backflip"],"gold_per_floor":[115,115,290,290,83,118,118,138,191,202,202,235,255,312,312,409,409,420,420,439,453,97,97,115,115,115,115,125,125,153,153,153,168,168,272,272,289,289,289,300,319,319,337,10,10,10,35,35,54,66,66,66],"floor_reached":53,"playtime":5124,"items_purged":["Doubt"],"score":767,"play_id":"0d9dd6f6-0616-416e-8059-8a39193a316d","local_time":"20201224142007","is_ascension_mode":false,"campfire_choices":[{"data":"Bouncing Flask","floor":7,"key":"SMITH"},{"floor":23,"key":"REST"},{"floor":25,"key":"REST"},{"data":"Replay:Bag of Tricks","floor":27,"key":"SMITH"},{"data":"Replay:Poison Smokescreen","floor":29,"key":"SMITH"},{"data":"Jack Of All Trades","floor":34,"key":"SMITH"},{"data":"Finisher","floor":34,"key":"SMITH"},{"floor":42,"key":"REST"},{"floor":48,"key":"REST"},{"data":"expansioncontent:DefensiveStance","floor":51,"key":"SMITH"},{"data":"PiercingWail","floor":51,"key":"SMITH"}],"circlet_count":0,"master_deck":["Strike_G","Strike_G","Strike_G","Strike_G","Strike_G","Defend_G","Defend_G","Defend_G","Defend_G","Defend_G","Survivor","Neutralize+1","Bouncing Flask+1","Infinite Blades+1","Blade Dance","PiercingWail+1","Dagger Throw","Finisher+1","Quick Slash","Poisoned Stab","Blur","ReplayTheSpireMod:Scrap Shanks","Footwork+1","Replay:Bag of Tricks+1","CurseOfTheBell","Crippling Poison","Blade Dance","Deadly Poison","expansioncontent:QuickStudy","Jack Of All Trades+1","expansioncontent:QuickStudy","Replay:Poison Smokescreen+1","Deflect+1","Dodge and Roll+1","Noxious Fumes+1","Poison Darts","Slimebound:Icky","SwitchThreat","CurseOfTheBell","Flying Knee+1","Infinite Blades+1","Escape Plan+1","Dodge and Roll","Dagger Throw+1","expansioncontent:DefensiveStance+1","Footwork","Choke","Deflect","Blur","Flying Knee+1","Well Laid Plans+1","Prepared+1"],"relics":["Ring of the Snake","NeowsBlessing","Replay:Wax Seal","Potion Belt","Iron Hammer","HollowMod:PaleOreRelic","Runesmith:AutoHammer","Calling Bell","Lizard Tail","Onion Ring","Replay:Baseball","Snake Skull","ReplayTheSpireMod:ShopPack","ReplayTheSpireMod:Ninjato","Replay:Arrowhead","Replay:Ancient Bell","PreservedInsect","Runesmith:Nanobots","Vampiric Spirits","Omamori","Orichalcum"],"acts_visited":["Exordium","TheCity","TheBeyond"],"potions_floor_usage":[14,14,16,24,30,35,35,35,35,35,41,43,47,47,47,47,52,52],"damage_taken":[{"damage":0,"enemies":"Jaw Worm","floor":1,"turns":1},{"damage":0,"enemies":"HollowMod:MossKnight","floor":6,"turns":1},{"damage":0,"enemies":"Small Slimes","floor":8,"turns":1},{"damage":3,"enemies":"2 Louse","floor":10,"turns":2},{"damage":22,"enemies":"3 Sentries","floor":12,"turns":6},{"damage":6,"enemies":"Blue Slaver","floor":13,"turns":3},{"damage":1,"enemies":"3 Sentries","floor":14,"turns":6},{"damage":6,"enemies":"Hexaghost","floor":16,"turns":7},{"damage":25,"enemies":"2 Thieves","floor":18,"turns":5},{"damage":0,"enemies":"Spheric Guardian","floor":20,"turns":3},{"damage":16,"enemies":"Snecko","floor":21,"turns":4},{"damage":5,"enemies":"Shelled Parasite and Fungi","floor":24,"turns":5},{"damage":11,"enemies":"Sentry and Sphere","floor":28,"turns":5},{"damage":0,"enemies":"Gremlin Leader","floor":30,"turns":3},{"damage":6,"enemies":"Snake Plant","floor":33,"turns":4},{"damage":6,"enemies":"Pondfish","floor":35,"turns":9},{"damage":6,"enemies":"3 Shapes","floor":37,"turns":5},{"damage":13,"enemies":"Orb Walker","floor":40,"turns":4},{"damage":6,"enemies":"Sphere and 2 Shapes","floor":41,"turns":5},{"damage":9,"enemies":"Transient","floor":43,"turns":5},{"damage":60,"enemies":"Giant Head","floor":47,"turns":9},{"damage":11,"enemies":"Jaw Worm Horde","floor":49,"turns":7},{"damage":2,"enemies":"4 Shapes","floor":50,"turns":4},{"damage":95,"enemies":"Time Eater","floor":52,"turns":15}],"seed_played":"6862745188928847579","potions_obtained":[{"floor":1,"key":"SpeedPotion"},{"floor":6,"key":"AttackPotion"},{"floor":13,"key":"Strength Potion"},{"floor":14,"key":"champ:CounterPotion"},{"floor":18,"key":"DuplicationPotion"},{"floor":19,"key":"Energy Potion"},{"floor":19,"key":"Energy Potion"},{"floor":19,"key":"ColorlessPotion"},{"floor":28,"key":"ColorlessPotion"},{"floor":35,"key":"Dexterity Potion"},{"floor":41,"key":"AttackPotion"},{"floor":47,"key":"Strength Potion"},{"floor":50,"key":"BlessingOfTheForge"}],"is_trial":false,"path_per_floor":["M","?","?","?","$","E","R","M","T","M","T","E","M","?","R","B",null,"M","?","M","M","$","R","M","R","T","R","M","R","E","PTL","PTL","M","R","B",null,"M","?","?","M","M","R","M","$","T","$","E","R","M","M","R","B",null],"character_chosen":"THE_SILENT","items_purchased":["Infinite Blades+1","Blade Dance","PiercingWail","Dagger Throw","Snake Skull","ReplayTheSpireMod:ShopPack","expansioncontent:DefensiveStance","Footwork","Choke","Deflect","Blur"],"campfire_rested":4,"item_purchase_floors":[5,5,5,5,22,22,44,44,44,44,44],"current_hp_per_floor":[70,70,70,70,70,70,70,70,70,67,67,45,39,38,59,53,70,45,45,45,29,29,50,45,66,66,66,55,55,55,55,55,49,49,43,70,64,64,64,51,45,66,59,59,59,59,35,56,45,52,52,2],"gold":66,"neow_bonus":"THREE_ENEMY_KILL","is_daily":false,"chose_seed":false,"campfire_upgraded":7,"win_rate":0.0,"timestamp":1608841207,"path_taken":["M","?","?","?","?","E","R","M","T","M","?","E","M","?","R","BOSS","M","?","M","M","$","R","M","R","T","R","M","R","E","PTL","PTL","?","?","R","BOSS","M","?","?","?","M","R","M","$","T","?","E","R","?","M","R","BOSS"],"items_purchased_type":["Card","Card","Card","Card","Relic","Relic","Card","Card","Card","Card","Card"],"build_version":"2020-12-22","purchased_purges":1,"victory":true,"max_hp_per_floor":[70,70,70,70,70,70,70,70,70,70,70,70,70,70,70,70,70,70,70,70,70,70,70,70,70,70,70,70,70,70,70,70,70,70,70,70,70,70,70,70,70,70,70,70,70,70,70,70,70,70,70,70],"card_choices":[{"not_picked":["Dagger Throw","Escape Plan"],"picked":"Bouncing Flask","floor":1},{"not_picked":["Dagger Spray","Sucker Punch"],"picked":"Finisher","floor":6},{"not_picked":["Dagger Spray","PiercingWail"],"picked":"Quick Slash","floor":8},{"not_picked":["Escape Plan","Flying Knee"],"picked":"Poisoned Stab","floor":10},{"not_picked":["Flying Knee","Hidden Blade"],"picked":"Blur","floor":12},{"not_picked":["Dagger Throw","Poisoned Stab"],"picked":"ReplayTheSpireMod:Scrap Shanks","floor":13},{"not_picked":["Backflip","Dodge and Roll"],"picked":"Footwork","floor":14},{"not_picked":["A Thousand Cuts","Venomology"],"picked":"Replay:Bag of Tricks","floor":16},{"not_picked":["Backflip+1","Slice"],"picked":"Crippling Poison","floor":18},{"not_picked":["Blur","Hidden Blade"],"picked":"Blade Dance","floor":20},{"not_picked":["Hidden Blade","Calculated Gamble"],"picked":"Deadly Poison","floor":21},{"not_picked":["Secret Technique","HandOfGreed"],"picked":"expansioncontent:QuickStudy","floor":22},{"not_picked":["Thinking Ahead","expansioncontent:Collect"],"picked":"Jack Of All Trades","floor":22},{"not_picked":["expansioncontent:TimeRipple","Replay:SS_forest_5"],"picked":"expansioncontent:QuickStudy","floor":22},{"not_picked":["ReplayTheSpireMod:Exploit Weakness","Backflip+1"],"picked":"Replay:Poison Smokescreen","floor":24},{"not_picked":["Slice","Backflip+1"],"picked":"Deflect+1","floor":28},{"not_picked":["Blur+1","Dagger Throw"],"picked":"Dodge and Roll+1","floor":30},{"not_picked":["Quick Slash+1","Prepared"],"picked":"Noxious Fumes+1","floor":33},{"not_picked":["Doppelganger","Die Die Die"],"picked":"Poison Darts","floor":35},{"not_picked":["Clumsy","ReplayTheSpireMod:Faulty Equipment"],"picked":"Slimebound:Icky","floor":36},{"not_picked":["ReplayTheSpireMod:Doomed","ReplayTheSpireMod:Restless Dread"],"picked":"SwitchThreat","floor":36},{"not_picked":["ReplayTheSpireMod:Doomed","Spreading Infection"],"picked":"CurseOfTheBell","floor":36},{"not_picked":["Riddle With Holes+1","Slice+1"],"picked":"Flying Knee+1","floor":37},{"not_picked":["Masterful Stab","Fluid Movement"],"picked":"Escape Plan+1","floor":40},{"not_picked":["Quick Slash","Die Die Die"],"picked":"Dodge and Roll","floor":41},{"not_picked":["Poisoned Stab","Sneak Up"],"picked":"Dagger Throw+1","floor":43},{"not_picked":["Acrobatics+1","Deadly Poison"],"picked":"Flying Knee+1","floor":47},{"not_picked":["Dagger Throw","Slice+1"],"picked":"Well Laid Plans+1","floor":49},{"not_picked":["Flying Knee","Slice+1"],"picked":"Prepared+1","floor":50}],"player_experience":23439,"relics_obtained":[{"floor":6,"key":"Replay:Wax Seal"},{"floor":9,"key":"Potion Belt"},{"floor":11,"key":"Iron Hammer"},{"floor":12,"key":"HollowMod:PaleOreRelic"},{"floor":14,"key":"Runesmith:AutoHammer"},{"floor":17,"key":"Lizard Tail"},{"floor":17,"key":"Onion Ring"},{"floor":17,"key":"Replay:Baseball"},{"floor":26,"key":"ReplayTheSpireMod:Ninjato"},{"floor":30,"key":"Replay:Arrowhead"},{"floor":45,"key":"Omamori"},{"floor":47,"key":"Orichalcum"}],"event_choices":[{"damage_healed":0,"gold_gain":175,"player_choice":"AGREE","damage_taken":0,"max_hp_gain":0,"max_hp_loss":0,"event_name":"Liars Game","floor":3,"gold_loss":0,"cards_obtained":["Doubt"]},{"damage_healed":0,"gold_gain":0,"player_choice":"Leave","damage_taken":0,"max_hp_gain":0,"max_hp_loss":0,"event_name":"The Cleric","floor":4,"gold_loss":0},{"damage_healed":0,"gold_gain":0,"player_choice":"Searched \u00271\u0027 times","damage_taken":0,"max_hp_gain":0,"max_hp_loss":0,"event_name":"Dead Adventurer","floor":14,"gold_loss":0},{"damage_healed":0,"gold_gain":0,"player_choice":"Got Potions","damage_taken":0,"max_hp_gain":0,"max_hp_loss":0,"event_name":"Lab","floor":19,"gold_loss":0},{"damage_healed":0,"gold_gain":0,"player_choice":"Ignored","damage_taken":0,"max_hp_gain":0,"max_hp_loss":0,"event_name":"Tomb of Lord Red Mask","floor":38,"gold_loss":0},{"damage_healed":0,"gold_gain":0,"player_choice":"Copied","damage_taken":0,"max_hp_gain":0,"max_hp_loss":0,"event_name":"Duplicator","floor":39,"gold_loss":0,"cards_obtained":["Infinite Blades"]}],"is_beta":false,"boss_relics":[{"not_picked":["Fusion Hammer","Black Star"],"picked":"Calling Bell"},{"not_picked":["Busted Crown","ReplayTheSpireMod:DimensionalGlitch"],"picked":"Replay:Ancient Bell"},{"not_picked":["MawBank","Pet Ghost"],"picked":"PreservedInsect"},{"not_picked":["Shuriken","Toxic Egg 2"],"picked":"Runesmith:Nanobots"},{"not_picked":["Counterbalance","Ginger"],"picked":"Vampiric Spirits"}],"items_purged_floors":[22],"is_endless":false,"potions_floor_spawned":[1,6,13,14,18,28,35,41,47,50],"ascension_level":0}}