{"host":"12piqfhmdln9x2la","time":1608775750,"event":{"mods":["2.2 Compatiblity","AchievementEnabler","BaseMod","BetterRewards","Colored Powertips","Minty Spire (QoL Compilation)","Quick Restart","SuperFastMode"],"gold_per_floor":[112,62,237,251,29,56,56,56,105,137,37,37,37,70,70,70,70],"floor_reached":16,"playtime":188,"items_purged":["Doubt","Defend_R"],"score":153,"play_id":"c7a54eeb-9f60-4ed9-9a37-84ff23d24d7b","local_time":"20201224110910","is_ascension_mode":true,"campfire_choices":[{"floor":7,"key":"RECALL"},{"data":"Heavy Blade","floor":12,"key":"SMITH"},{"data":"Feed","floor":15,"key":"SMITH"}],"circlet_count":0,"master_deck":["Strike_R","Strike_R+1","Strike_R+1","Defend_R","Defend_R","Defend_R","Bash","Whirlwind","Anger+1","Thunderclap+1","Heavy Blade+1","Feed+1"],"relics":["Burning Blood","NeowsBlessing","Pen Nib","Toy Ornithopter","Lantern","Whetstone","Strawberry"],"acts_visited":["Exordium"],"potions_floor_usage":[],"damage_taken":[{"damage":0,"enemies":"2 Louse","floor":1,"turns":1},{"damage":0,"enemies":"Jaw Worm","floor":4,"turns":1},{"damage":0,"enemies":"Lagavulin","floor":6,"turns":1},{"damage":6,"enemies":"Gremlin Nob","floor":10,"turns":3},{"damage":18,"enemies":"3 Sentries","floor":14,"turns":4},{"damage":60,"enemies":"The Guardian","floor":16,"turns":6}],"seed_played":"-5397284001286241446","potions_obtained":[{"floor":1,"key":"SkillPotion"},{"floor":6,"key":"SneckoOil"},{"floor":10,"key":"Fire Potion"}],"is_trial":false,"path_per_floor":["M","?","?","M","$","E","R","?","T","E","$","R","?","E","R","B"],"character_chosen":"IRONCLAD","items_purchased":["Pen Nib"],"campfire_rested":0,"item_purchase_floors":[5],"current_hp_per_floor":[80,80,80,80,80,80,80,64,64,64,64,64,64,59,59,0,0],"gold":70,"neow_bonus":"THREE_ENEMY_KILL","is_daily":false,"chose_seed":false,"campfire_upgraded":2,"win_rate":0.0,"timestamp":1608775750,"path_taken":["M","?","?","M","$","E","R","?","T","E","$","R","?","E","R","BOSS"],"items_purchased_type":["Relic"],"build_version":"2020-12-22","purchased_purges":2,"victory":false,"max_hp_per_floor":[80,80,80,80,80,80,80,80,80,80,80,80,80,87,87,87,87],"card_choices":[{"not_picked":["Iron Wave","Flame Barrier"],"picked":"Whirlwind","floor":1},{"not_picked":["Havoc","Headbutt"],"picked":"Anger","floor":4},{"not_picked":["Anger","Havoc"],"picked":"Thunderclap","floor":6},{"not_picked":["Dark Embrace","Clash"],"picked":"Heavy Blade","floor":10},{"not_picked":["Clothesline","Shrug It Off"],"picked":"Feed","floor":14}],"player_experience":114205,"relics_obtained":[{"floor":6,"key":"Toy Ornithopter"},{"floor":9,"key":"Lantern"},{"floor":10,"key":"Whetstone"},{"floor":14,"key":"Strawberry"}],"event_choices":[{"cards_removed":["Strike_R"],"damage_healed":0,"gold_gain":0,"player_choice":"Card Removal","damage_taken":0,"max_hp_gain":0,"max_hp_loss":0,"event_name":"The Cleric","floor":2,"gold_loss":50},{"damage_healed":0,"gold_gain":175,"player_choice":"AGREE","damage_taken":0,"max_hp_gain":0,"max_hp_loss":0,"event_name":"Liars Game","floor":3,"gold_loss":0,"cards_obtained":["Doubt"]},{"damage_healed":0,"gold_gain":0,"player_choice":"Entered Light","damage_taken":16,"max_hp_gain":0,"max_hp_loss":0,"event_name":"Shining Light","floor":8,"gold_loss":0,"cards_upgraded":["Strike_R","Strike_R"]},{"cards_removed":["Strike_R"],"damage_healed":0,"gold_gain":0,"player_choice":"Forget","damage_taken":0,"max_hp_gain":0,"max_hp_loss":0,"event_name":"Living Wall","floor":13,"gold_loss":0}],"is_beta":false,"boss_relics":[],"items_purged_floors":[5,11],"is_endless":false,"potions_floor_spawned":[1,6,10],"killed_by":"The Guardian","ascension_level":2}}