{"host":"i9wanet4r0ff4t9y","time":1608810646,"event":{"mods":["2.2 Compatiblity","Act Like it!","BaseMod","Bestiary","Better Altar","Better Match","Better Note","Better Sensory Stone","Better Skull","Better Third Choice","Better Vampires","BetterRewards","CapriCore","Curses Come First","Downfall","Minty Spire (QoL Compilation)","Quick Restart","READ ME - Guardian Mod","READ ME - Snecko Mod","Relic Stats","Replay The Spire","Say the Spire","Spicy Shops","StSLib","The Disciple","Waifu the Spire"],"gold_per_floor":[99,109,109,125,575,575,599,584,600,600,600,600],"floor_reached":10,"playtime":4428,"items_purged":[],"score":56,"play_id":"671522a6-4b76-4393-830c-80de74b959bc","local_time":"20201224125046","is_ascension_mode":false,"campfire_choices":[{"floor":1.0,"key":"DIG"}],"circlet_count":0,"master_deck":["hexamod:Strike","hexamod:Strike","hexamod:Strike","hexamod:Strike","hexamod:Defend","hexamod:Defend","hexamod:Defend","hexamod:Defend","hexamod:Sear","hexamod:Float","hexamod:ThirdSeal","hexamod:FifthSeal","hexamod:Firestarter","Slimebound:Icky","Slimebound:Icky","Slimebound:Icky","hexamod:GhostOfSpirePresent","hexamod:Firestarter","hexamod:PhantomFireball"],"relics":["hexamod:SpiritBrand","The Courier","downfall:ShatteredFragment","ReplayTheSpireMod:Ring of Collecting","Ring of Hypnosis","Dream Catcher"],"acts_visited":["Exordium"],"potions_floor_usage":[],"damage_taken":[{"damage":0.0,"enemies":"Jaw Worm","floor":2.0,"turns":3.0},{"damage":0.0,"enemies":"2 Louse","floor":4.0,"turns":3.0},{"damage":20.0,"enemies":"downfall:FleeingMerchant","floor":8.0,"turns":4.0},{"damage":0,"enemies":"Small Slimes","floor":9,"turns":3},{"damage":38,"enemies":"3 Sentries","floor":10,"turns":7}],"seed_played":"-8760841605106965056","potions_obtained":[{"floor":4.0,"key":"SkillPotion"}],"is_trial":false,"path_per_floor":["R","M","?","M","?","?","T","$","M","E"],"character_chosen":"THE_SPIRIT","items_purchased":[],"campfire_rested":0,"item_purchase_floors":[],"current_hp_per_floor":[77,77,56,56,56,56,56,36,36,0,0,0],"gold":600,"neow_bonus":"TEN_PERCENT_HP_BONUS","is_daily":false,"chose_seed":false,"campfire_upgraded":0,"win_rate":0.0,"timestamp":1608810646,"path_taken":["R","M","?","M","?","?","T","$","M","E"],"items_purchased_type":[],"build_version":"2020-12-22","purchased_purges":0,"victory":false,"max_hp_per_floor":[77,77,77,77,77,77,77,77,77,77,77,77],"relic_stats":{"Dream Catcher":0,"counters":[5,20],"obtain_stats":[{"Dream Catcher":7,"downfall:ShatteredFragment":3,"Ring of Hypnosis":7,"ReplayTheSpireMod:Ring of Collecting":6,"The Courier":1,"hexamod:SpiritBrand":0},{"Dream Catcher":2,"downfall:ShatteredFragment":1,"Ring of Hypnosis":2,"ReplayTheSpireMod:Ring of Collecting":2,"The Courier":0,"hexamod:SpiritBrand":0},{"Dream Catcher":6,"downfall:ShatteredFragment":3,"Ring of Hypnosis":6,"ReplayTheSpireMod:Ring of Collecting":6,"The Courier":0,"hexamod:SpiritBrand":0}]},"card_choices":[{"not_picked":["hexamod:FastForward","hexamod:SwordOfDarkness"],"picked":"hexamod:ThirdSeal","floor":2.0},{"not_picked":["hexamod:BurningTouch","hexamod:GhostLash"],"picked":"hexamod:FifthSeal","floor":4.0},{"not_picked":["hexamod:ExtraCrispy","hexamod:SpectralAdrenaline"],"picked":"hexamod:Firestarter","floor":4.0},{"not_picked":["hexamod:ThirdSeal","hexamod:BurningTouch"],"picked":"hexamod:GhostOfSpirePresent","floor":8},{"not_picked":["hexamod:Again","hexamod:SpectersWail"],"picked":"hexamod:Firestarter","floor":9},{"not_picked":["hexamod:DynamicBlow","hexamod:Again"],"picked":"hexamod:PhantomFireball","floor":9}],"player_experience":393413,"relics_obtained":[{"floor":1.0,"key":"The Courier"},{"floor":6.0,"key":"ReplayTheSpireMod:Ring of Collecting"},{"floor":7.0,"key":"Ring of Hypnosis"},{"floor":7.0,"key":"Dream Catcher"}],"event_choices":[],"is_beta":false,"boss_relics":[],"items_purged_floors":[],"is_endless":false,"potions_floor_spawned":[4],"killed_by":"3 Sentries","ascension_level":0}}