{"host":"9wikrgl9iunlmsmf","time":1608848185,"event":{"mods":["BaseMod","Colored Powertips","Downfall","Minty Spire (QoL Compilation)","Replay The Spire","StSLib","The Bug Knight"],"gold_per_floor":[119,119,194,19,19,50,68,89,89,8,23,67,67,80,80,205,205,220,66,79,94,94,94],"floor_reached":22,"playtime":1842,"items_purged":["HollowMod:QuickDashStart"],"score":221,"play_id":"5c85e2ce-c127-411c-ac91-1d3e1cc7d7e7","local_time":"20201224231625","is_ascension_mode":false,"campfire_choices":[{"floor":13,"key":"REST"},{"floor":15,"key":"REST"}],"circlet_count":0,"master_deck":["HollowMod:NailStrikeStart","HollowMod:NailStrikeStart","HollowMod:NailStrikeStart","HollowMod:NailStrikeStart","HollowMod:QuickDashStart","HollowMod:QuickDashStart","HollowMod:QuickDashStart","HollowMod:FocusHealStart","HollowMod:PogoStrike","HollowMod:DoubleDash","HollowMod:DoubleDash","HollowMod:SiblingsShadow","Injury","HollowMod:Weaversong","HollowMod:CycloneSlash","HollowMod:WraithStrike","HollowMod:BlackTendrils","HollowMod:RecoilStrike","HollowMod:AbyssShriek","HollowMod:SoulMaster","HollowMod:SharpenedShadows","HollowMod:VoidDash","HollowMod:CloakDash","HollowMod:MonarchWings"],"relics":["HollowMod:VesselMask","NeowsBlessing","HollowMod:MantisClawRelic","Golden Idol","Vajra","Snack Pack","Replay:Mystery Machine","ReplayTheSpireMod:DimensionalGlitch"],"acts_visited":["Exordium","TheCity"],"potions_floor_usage":[12,16,18,21],"damage_taken":[{"damage":0,"enemies":"Small Slimes","floor":1,"turns":1},{"damage":0,"enemies":"HollowMod:MossKnight","floor":6,"turns":2},{"damage":0,"enemies":"2 Louse","floor":7,"turns":1},{"damage":11,"enemies":"Jaw Worm","floor":8,"turns":4},{"damage":16,"enemies":"Lots of Slimes","floor":11,"turns":2},{"damage":24,"enemies":"3 Sentries","floor":12,"turns":7},{"damage":9,"enemies":"Gremlin Gang","floor":14,"turns":5},{"damage":66,"enemies":"The Guardian","floor":16,"turns":13},{"damage":28,"enemies":"2 Thieves","floor":18,"turns":3},{"damage":3,"enemies":"3 Byrds","floor":20,"turns":3},{"damage":29,"enemies":"Snake Plant","floor":21,"turns":5},{"damage":26,"enemies":"Sentry and Sphere","floor":22,"turns":3}],"seed_played":"-6936633802945446964","potions_obtained":[{"floor":8,"key":"Doom Potion"},{"floor":12,"key":"Swift Potion"},{"floor":16,"key":"PowerPotion"},{"floor":18,"key":"Adrenaline Potion"}],"is_trial":false,"path_per_floor":["M","?","?","$","?","E","M","M","T","$","M","E","R","M","R","B",null,"M","$","M","M","M"],"character_chosen":"THE_BUGKNIGHT","items_purchased":["HollowMod:DoubleDash","HollowMod:SiblingsShadow","HollowMod:BlackTendrils","HollowMod:VoidDash"],"campfire_rested":2,"item_purchase_floors":[4,4,10,19],"current_hp_per_floor":[75,63,52,52,52,52,52,41,41,41,29,11,33,33,55,6,75,50,50,48,22,0,0],"gold":94,"neow_bonus":"THREE_ENEMY_KILL","is_daily":false,"chose_seed":false,"campfire_upgraded":0,"win_rate":0.0,"timestamp":1608848185,"path_taken":["M","?","?","$","?","E","M","M","T","?","M","E","R","M","R","BOSS","M","?","M","?","M"],"items_purchased_type":["Card","Card","Card","Card"],"build_version":"2020-12-22","purchased_purges":1,"victory":false,"max_hp_per_floor":[75,75,75,75,75,75,75,75,75,75,75,75,75,75,75,75,75,75,75,75,75,75,75],"card_choices":[{"not_picked":["HollowMod:NewJinnsSoul","HollowMod:InfectedCysts"],"picked":"HollowMod:DoubleDash","floor":1},{"not_picked":["HollowMod:DungDefenderAura","HollowMod:HuntersJournal"],"picked":"HollowMod:Weaversong","floor":6},{"not_picked":["HollowMod:NewLittleFool","HollowMod:DashSlash"],"picked":"HollowMod:CycloneSlash","floor":7},{"not_picked":["HollowMod:HuntersJournal","HollowMod:ChannelNail"],"picked":"HollowMod:WraithStrike","floor":8},{"not_picked":["HollowMod:HeavyBlow","HollowMod:DoubleDash"],"picked":"HollowMod:RecoilStrike","floor":11},{"not_picked":["HollowMod:NewLittleFool","HollowMod:BaldurShell","HollowMod:SoulStrike"],"picked":"SKIP","floor":12},{"not_picked":["HollowMod:SiblingsSouls","HollowMod:GoodIntentions"],"picked":"HollowMod:AbyssShriek","floor":14},{"not_picked":["HollowMod:Weaversong","HollowMod:AwokenDreamNail"],"picked":"HollowMod:SoulMaster","floor":16},{"not_picked":["HollowMod:SharpenedNail+1","HollowMod:NewJinnsSoul"],"picked":"HollowMod:SharpenedShadows","floor":18},{"not_picked":["HollowMod:NewJinnsSoul","HollowMod:WraithStrike"],"picked":"HollowMod:CloakDash","floor":20},{"not_picked":["HollowMod:DoubleDash+1","HollowMod:SiblingsShadow"],"picked":"HollowMod:MonarchWings","floor":21}],"player_experience":35545,"relics_obtained":[{"floor":6,"key":"Vajra"},{"floor":9,"key":"Snack Pack"},{"floor":12,"key":"Replay:Mystery Machine"}],"event_choices":[{"damage_healed":0,"gold_gain":0,"player_choice":"Success","damage_taken":12,"relics_obtained":["HollowMod:MantisClawRelic"],"max_hp_gain":0,"max_hp_loss":0,"event_name":"Scrap Ooze","floor":2,"gold_loss":0},{"damage_healed":0,"gold_gain":75,"player_choice":"Gather Gold","damage_taken":11,"max_hp_gain":0,"max_hp_loss":0,"event_name":"World of Goop","floor":3,"gold_loss":0},{"damage_healed":0,"gold_gain":0,"player_choice":"Take Wound","damage_taken":0,"relics_obtained":["Golden Idol"],"max_hp_gain":0,"max_hp_loss":0,"event_name":"Golden Idol","floor":5,"gold_loss":0,"cards_obtained":["Injury"]}],"is_beta":false,"boss_relics":[{"not_picked":["Kintsugi","Snecko Eye"],"picked":"ReplayTheSpireMod:DimensionalGlitch"}],"items_purged_floors":[4],"is_endless":false,"potions_floor_spawned":[8,12,16,18],"killed_by":"Sentry and Sphere","ascension_level":0}}