{"host":"os9owiyb0rak6c8n","time":1608843603,"event":{"mods":["AchievementEnabler","BaseMod","Beaked The Cultist","Better Third Choice","Block Reminder","Colored Map","Colored Powertips","Dio Mod","Minty Spire (QoL Compilation)","Robot Space Explorer","Spicy Shops","StSLib","The Death Knight","The Necromancer"],"gold_per_floor":[212,58,72,4,19,19,51,51,51,126,140,140,152,164,176,292,304,332,21,41,54,54,87,186,186,210,210,210,0,0,0,0,103,103,123,83,97,110,110,110,120,135,185,185,219,219,232,252,252,252],"floor_reached":51,"playtime":1771,"items_purged":[],"score":693,"play_id":"302f6481-9d16-477c-b920-00953691cc20","local_time":"20201224220003","is_ascension_mode":false,"campfire_choices":[{"data":"RobotSpaceExplorer:FreezeRay","floor":6,"key":"SMITH"},{"data":"RobotSpaceExplorer:Scanner","floor":8,"key":"SMITH"},{"floor":15,"key":"REST"},{"floor":25,"key":"REST"},{"data":"RobotSpaceExplorer:Comet","floor":27,"key":"SMITH"},{"data":"RobotSpaceExplorer:FreezeRay","floor":30,"key":"SMITH"},{"data":"RobotSpaceExplorer:StarLightning","floor":32,"key":"SMITH"},{"data":"RobotSpaceExplorer:Scan","floor":40,"key":"SMITH"},{"floor":49,"key":"REST"}],"circlet_count":0,"master_deck":["RobotSpaceExplorer:Strike","RobotSpaceExplorer:Strike+1","RobotSpaceExplorer:Strike+1","RobotSpaceExplorer:Defend","RobotSpaceExplorer:Defend+1","RobotSpaceExplorer:Defend","RobotSpaceExplorer:Defend","RobotSpaceExplorer:Scan+1","RobotSpaceExplorer:MiniLasers","RobotSpaceExplorer:ToxicBomb+1","RobotSpaceExplorer:FreezeRay+1","RobotSpaceExplorer:Smokescreen","RobotSpaceExplorer:StarLightning+1","RobotSpaceExplorer:FreezeRay+1","RobotSpaceExplorer:Scanner+1","RobotSpaceExplorer:Electroshield","RobotSpaceExplorer:Comet+1","RobotSpaceExplorer:Arsenal","RobotSpaceExplorer:IronShell+1","RobotSpaceExplorer:PlasmaMissile+1","Master of Strategy","RobotSpaceExplorer:Pulsar+1"],"relics":["RobotSpaceExplorer:RoboCore","StrikeDummy","War Paint","RobotSpaceExplorer:FoglandsKnife","MawBank","RobotSpaceExplorer:Reprocessor","Matryoshka","Toy Ornithopter","Nunchaku","MealTicket","Orichalcum","MutagenicStrength","beaked:MawFillet","Dream Catcher","Anchor","Akabeko"],"acts_visited":["Exordium","TheCity","TheBeyond"],"potions_floor_usage":[16,21,23,23,42,42,42,45,48],"damage_taken":[{"damage":1,"enemies":"Jaw Worm","floor":1,"turns":4},{"damage":4,"enemies":"Small Slimes","floor":3,"turns":4},{"damage":2,"enemies":"2 Louse","floor":5,"turns":2},{"damage":19,"enemies":"Gremlin Nob","floor":7,"turns":4},{"damage":0,"enemies":"Large Slime","floor":11,"turns":5},{"damage":10,"enemies":"The Guardian","floor":16,"turns":13},{"damage":0,"enemies":"3 Byrds","floor":18,"turns":3},{"damage":8,"enemies":"2 Thieves","floor":20,"turns":3},{"damage":38,"enemies":"Sentry and Sphere","floor":21,"turns":6},{"damage":24,"enemies":"Book of Stabbing","floor":23,"turns":4},{"damage":29,"enemies":"Champ","floor":33,"turns":8},{"damage":0,"enemies":"3 Shapes","floor":35,"turns":3},{"damage":24,"enemies":"3 Darklings","floor":37,"turns":3},{"damage":7,"enemies":"Sphere and 2 Shapes","floor":38,"turns":5},{"damage":11,"enemies":"Maw","floor":41,"turns":7},{"damage":3,"enemies":"Jaw Worm Horde","floor":42,"turns":4},{"damage":33,"enemies":"Reptomancer","floor":45,"turns":7},{"damage":14,"enemies":"4 Shapes","floor":47,"turns":4},{"damage":0,"enemies":"3 Darklings","floor":48,"turns":3},{"damage":11,"enemies":"Jotaro","floor":50,"turns":9}],"seed_played":"-5180445354936867727","potions_obtained":[{"floor":3,"key":"Ancient Potion"},{"floor":16,"key":"ColorlessPotion"},{"floor":18,"key":"ColorlessPotion"},{"floor":20,"key":"LiquidBronze"},{"floor":33,"key":"Regen Potion"},{"floor":38,"key":"Explosive Potion"},{"floor":41,"key":"SpeedPotion"},{"floor":42,"key":"Swift Potion"},{"floor":45,"key":"DuplicationPotion"}],"is_trial":false,"path_per_floor":["M","$","M","$","M","R","E","R","T","?","M","?","?","?","R","B",null,"M","$","M","M","$","E","?","R","T","R","?","?","R","?","R","B",null,"M","?","M","M","?","R","M","M","T","?","E","?","M","M","R","B",null],"character_chosen":"RobotSpaceExplorer","items_purchased":["RobotSpaceExplorer:FreezeRay","RobotSpaceExplorer:Smokescreen","RobotSpaceExplorer:FreezeRay","Matryoshka","Toy Ornithopter"],"campfire_rested":3,"item_purchase_floors":[2,2,4,19,19],"current_hp_per_floor":[74,74,70,70,68,68,49,49,49,38,38,17,10,10,32,22,75,75,75,67,34,34,20,20,42,42,42,42,42,42,42,42,13,75,75,75,51,44,44,44,33,59,59,59,31,18,4,9,31,20],"gold":252,"neow_bonus":"HUNDRED_GOLD","is_daily":false,"chose_seed":false,"campfire_upgraded":6,"win_rate":0.0,"timestamp":1608843603,"path_taken":["M","$","M","$","M","R","E","R","T","?","M","?","?","?","R","BOSS","M","$","M","M","$","E","?","R","T","R","?","?","R","?","R","BOSS","M","?","?","M","?","R","M","M","T","?","E","?","M","?","R","BOSS"],"items_purchased_type":["Card","Card","Card","Relic","Relic"],"build_version":"2020-12-22","purchased_purges":0,"victory":true,"max_hp_per_floor":[75,75,75,75,75,75,75,75,75,75,75,75,75,75,75,75,75,75,75,75,75,75,75,75,75,75,75,75,75,75,75,75,75,75,75,75,75,75,71,71,71,71,71,71,71,76,76,76,76,76],"card_choices":[{"not_picked":["RobotSpaceExplorer:ShovelStrike","RobotSpaceExplorer:Ammunition"],"picked":"RobotSpaceExplorer:ToxicBomb","floor":1},{"not_picked":["RobotSpaceExplorer:Counterblock","RobotSpaceExplorer:FrostMissile"],"picked":"RobotSpaceExplorer:StarLightning","floor":3},{"not_picked":["RobotSpaceExplorer:Counterblock","RobotSpaceExplorer:GlueShot","RobotSpaceExplorer:SlimeMissile"],"picked":"SKIP","floor":5},{"not_picked":["RobotSpaceExplorer:StunGrenade","RobotSpaceExplorer:DualCore"],"picked":"RobotSpaceExplorer:Scanner","floor":7},{"not_picked":["RobotSpaceExplorer:Probe","RobotSpaceExplorer:FrostMissile"],"picked":"RobotSpaceExplorer:Electroshield","floor":11},{"not_picked":["RobotSpaceExplorer:DroneSwarm","RobotSpaceExplorer:Accelerator"],"picked":"RobotSpaceExplorer:Comet","floor":16},{"not_picked":["RobotSpaceExplorer:SwiftStep+1","RobotSpaceExplorer:Probe","RobotSpaceExplorer:SlimeMissile+1"],"picked":"SKIP","floor":18},{"not_picked":["RobotSpaceExplorer:Probe","RobotSpaceExplorer:ShockKick+1","RobotSpaceExplorer:ImprovisedAttack"],"picked":"SKIP","floor":20},{"not_picked":["RobotSpaceExplorer:SlimeMissile+1","RobotSpaceExplorer:GlueShot","RobotSpaceExplorer:ShockKick"],"picked":"SKIP","floor":21},{"not_picked":["RobotSpaceExplorer:SlimeMissile","RobotSpaceExplorer:Counterblock","RobotSpaceExplorer:MetalStrike"],"picked":"SKIP","floor":23},{"not_picked":["RobotSpaceExplorer:Explosion","RobotSpaceExplorer:Exploration"],"picked":"RobotSpaceExplorer:Arsenal","floor":33},{"not_picked":["RobotSpaceExplorer:Blitz","RobotSpaceExplorer:StarLightning+1"],"picked":"RobotSpaceExplorer:IronShell+1","floor":35},{"not_picked":["RobotSpaceExplorer:DoubleFind","RobotSpaceExplorer:MakeshiftVolley","RobotSpaceExplorer:MetalStrike+1"],"picked":"SKIP","floor":37},{"not_picked":["RobotSpaceExplorer:Ammunition","RobotSpaceExplorer:FreezingShield+1","RobotSpaceExplorer:SlimeMissile+1"],"picked":"SKIP","floor":38},{"not_picked":["RobotSpaceExplorer:Probe","RobotSpaceExplorer:ShockKick","RobotSpaceExplorer:SlimeMissile"],"picked":"SKIP","floor":41},{"not_picked":["RobotSpaceExplorer:DoubleFind","RobotSpaceExplorer:Counterblock+1"],"picked":"RobotSpaceExplorer:PlasmaMissile+1","floor":42},{"not_picked":["Secret Technique","Panacea"],"picked":"Master of Strategy","floor":44},{"not_picked":["RobotSpaceExplorer:DoubleFind+1","RobotSpaceExplorer:FrostMissile","RobotSpaceExplorer:ScrapMissile+1"],"picked":"SKIP","floor":45},{"not_picked":["RobotSpaceExplorer:Probe+1","RobotSpaceExplorer:Electropulse","RobotSpaceExplorer:Pulsar"],"picked":"SKIP","floor":47},{"not_picked":["RobotSpaceExplorer:Electroshield+1","RobotSpaceExplorer:Ammunition","RobotSpaceExplorer:Counterblock+1"],"picked":"SKIP","floor":48},{"not_picked":["RobotSpaceExplorer:ShovelStrike+1","RobotSpaceExplorer:Counterblock+1"],"picked":"RobotSpaceExplorer:Pulsar+1","floor":49}],"player_experience":526343,"relics_obtained":[{"floor":7,"key":"StrikeDummy"},{"floor":9,"key":"War Paint"},{"floor":23,"key":"Nunchaku"},{"floor":26,"key":"MealTicket"},{"floor":26,"key":"Orichalcum"},{"floor":43,"key":"Dream Catcher"},{"floor":43,"key":"Anchor"},{"floor":45,"key":"Akabeko"}],"event_choices":[{"damage_healed":0,"gold_gain":75,"player_choice":"Gold","damage_taken":11,"max_hp_gain":0,"max_hp_loss":0,"event_name":"betterThird:BetterGoop","floor":10,"gold_loss":0},{"damage_healed":0,"gold_gain":1,"player_choice":"Relic Relic ","damage_taken":21,"max_hp_gain":0,"max_hp_loss":0,"event_name":"betterThird:BetterScrap","floor":12,"gold_loss":0,"cards_obtained":["Rupture"]},{"cards_removed":["RobotSpaceExplorer:Strike"],"damage_healed":0,"gold_gain":0,"player_choice":"Card Removal","damage_taken":7,"max_hp_gain":0,"max_hp_loss":0,"event_name":"Golden Wing","floor":13,"gold_loss":0},{"damage_healed":0,"gold_gain":0,"player_choice":"Ignored","damage_taken":0,"max_hp_gain":0,"max_hp_loss":0,"event_name":"Golden Idol","floor":14,"gold_loss":0},{"damage_healed":0,"gold_gain":99,"player_choice":"Steal","damage_taken":0,"max_hp_gain":0,"max_hp_loss":0,"event_name":"betterThird:BetterNest","floor":24,"gold_loss":0},{"damage_healed":0,"gold_gain":0,"player_choice":"Ignored","damage_taken":0,"max_hp_gain":0,"max_hp_loss":0,"event_name":"Vampires","floor":28,"gold_loss":0},{"damage_healed":0,"gold_gain":0,"player_choice":"Paid Fearfully","damage_taken":0,"max_hp_gain":0,"max_hp_loss":0,"event_name":"Masked Bandits","floor":29,"gold_loss":210},{"damage_healed":0,"gold_gain":0,"player_choice":"Inject Mutagens","damage_taken":0,"relics_obtained":["MutagenicStrength"],"max_hp_gain":0,"max_hp_loss":0,"event_name":"Drug Dealer","floor":31,"gold_loss":0},{"damage_healed":0,"gold_gain":0,"player_choice":"Upgraded Two","damage_taken":0,"max_hp_gain":0,"max_hp_loss":0,"event_name":"Designer","floor":36,"gold_loss":40,"cards_upgraded":["RobotSpaceExplorer:Strike","RobotSpaceExplorer:Strike"]},{"damage_healed":0,"gold_gain":0,"player_choice":"Max HP","damage_taken":0,"max_hp_gain":0,"max_hp_loss":4,"event_name":"Winding Halls","floor":39,"gold_loss":0},{"damage_healed":0,"gold_gain":0,"player_choice":"Memory 1","damage_taken":0,"max_hp_gain":0,"max_hp_loss":0,"event_name":"SensoryStone","floor":44,"gold_loss":0},{"damage_healed":0,"gold_gain":0,"player_choice":"Random: Violet","damage_taken":0,"max_hp_gain":0,"max_hp_loss":0,"event_name":"betterThird:BetterPortal","floor":46,"gold_loss":0},{"damage_healed":0,"gold_gain":0,"player_choice":"Shed Blood","damage_taken":18,"max_hp_gain":5,"max_hp_loss":0,"event_name":"Forgotten Altar","floor":46,"gold_loss":0}],"is_beta":false,"boss_relics":[{"not_picked":["Cursed Key","RobotSpaceExplorer:SearchSpecs"],"picked":"RobotSpaceExplorer:Reprocessor"},{"not_picked":["Tiny House","Runic Pyramid"],"picked":"beaked:MawFillet"}],"items_purged_floors":[],"is_endless":false,"potions_floor_spawned":[3,16,18,20,33,38,41,42,45],"ascension_level":0}}