{"host":"w31as9kcl9qjbzmo","time":1608832937,"event":{"mods":["BaseMod","Friendly Minions","Lobotomy","Minty Spire (QoL Compilation)","StSLib"],"gold_per_floor":[114,129,146,146,166,191,191,191,191],"floor_reached":8,"playtime":655,"items_purged":[],"score":58,"play_id":"2c0e2785-98c1-4b0b-b558-fcfc21381f6b","local_time":"20201225030217","is_ascension_mode":false,"campfire_choices":[{"floor":7,"key":"REST"}],"circlet_count":0,"master_deck":["Strike_P+1","Strike_P","Strike_P","Defend_P","Defend_P","Defend_P","Defend_P","Eruption","Vigilance","SpiderBud","JustLucky","MHz","Ragnarok","BeautyBeast","Consecrate+1","SashWhip","OSAHOGD","FollowUp","PunishingBird","SashWhip"],"relics":["PureWater","CogitoBucket","Whetstone"],"acts_visited":["Exordium"],"potions_floor_usage":[6],"damage_taken":[{"damage":2,"enemies":"2 Louse","floor":1,"turns":3},{"damage":0,"enemies":"Cultist","floor":2,"turns":3},{"damage":0,"enemies":"Small Slimes","floor":3,"turns":2},{"damage":10,"enemies":"2 Fungi Beasts","floor":5,"turns":4},{"damage":11,"enemies":"3 Sentries","floor":6,"turns":5},{"damage":100,"enemies":"Lagavulin","floor":8,"turns":2}],"seed_played":"6147863843266257760","potions_obtained":[{"floor":2,"key":"LiquidBronze"},{"floor":5,"key":"LiquidMemories"}],"is_trial":false,"path_per_floor":["M","M","M","?","M","E","R","E"],"character_chosen":"WATCHER","items_purchased":[],"campfire_rested":1,"item_purchase_floors":[],"current_hp_per_floor":[70,70,70,70,60,49,70,0,0],"gold":191,"neow_bonus":"","is_daily":false,"chose_seed":false,"campfire_upgraded":0,"win_rate":0.0,"timestamp":1608832937,"path_taken":["M","M","M","?","M","E","R","E"],"items_purchased_type":[],"build_version":"2020-12-22","purchased_purges":0,"victory":false,"max_hp_per_floor":[72,72,72,72,72,72,72,72,72],"card_choices":[{"not_picked":["MeatLantern","ShyLook"],"picked":"SpiderBud","floor":1},{"not_picked":["BowlingBash","Weave"],"picked":"JustLucky","floor":1},{"not_picked":["ShyLook","MeatLantern"],"picked":"MHz","floor":2},{"not_picked":["JustLucky","WaveOfTheHand"],"picked":"Ragnarok","floor":2},{"not_picked":["Murderer","OldLady"],"picked":"BeautyBeast","floor":3},{"not_picked":["SashWhip","Evaluate"],"picked":"Consecrate","floor":3},{"not_picked":["MeatLantern","Mercenary"],"picked":"OSAHOGD","floor":5},{"not_picked":["Conclude","WaveOfTheHand"],"picked":"FollowUp","floor":5},{"not_picked":["FairyFestival","CrumblingArmor"],"picked":"PunishingBird","floor":6},{"not_picked":["JustLucky","ClearTheMind"],"picked":"SashWhip","floor":6}],"player_experience":320311,"relics_obtained":[{"floor":6,"key":"Whetstone"}],"event_choices":[{"damage_healed":0,"gold_gain":0,"cards_transformed":["Strike_P"],"player_choice":"Change","damage_taken":0,"max_hp_gain":0,"max_hp_loss":0,"event_name":"Living Wall","floor":4,"gold_loss":0,"cards_obtained":["SashWhip"]}],"is_beta":false,"boss_relics":[],"items_purged_floors":[],"is_endless":false,"potions_floor_spawned":[2,5],"killed_by":"Lagavulin","ascension_level":0}}