{"host":"9d83omykrosjn1d3","time":1608812297,"event":{"mods":["AchievementEnabler","BaseMod","BetterRewards","Card Forge","Downfall","Hubris","MarisaÅiñ∂âJÅ@ñÇóùçπÅj","Minty Spire (QoL Compilation)","Permanent Neow","Shop Mod","StSLib","SuperFastMode","The Hierophant","The Mystic","The Runesmith"],"gold_per_floor":[99,109,209,209,209,238,292,325,351,351,382,401,1,36,51,150,150,150,164,184,195,208,208,234,267,294,294,325,360,388,422,435,531,531,456,472,472,472,492,524,547,582,611,637,666,696,546,578,590,590],"floor_reached":51,"playtime":5973,"items_purged":[],"score":1182,"play_id":"413f1290-3bc4-4cc7-b317-12a102cce786","local_time":"20201224211817","daily_mods":["Heirloom","Flight","downfall:Lament","DeadlyEvents","Elite Swarm"],"is_ascension_mode":false,"campfire_choices":[{"data":"Slimebound:Split","floor":1,"key":"SMITH"},{"data":"Slimebound:DouseInSlime","floor":10,"key":"SMITH"},{"data":"Slimebound:SlimeSlap","floor":18,"key":"SMITH"},{"data":"Slimebound:MassFeed","floor":23,"key":"SMITH"},{"floor":35,"key":"RECALL"},{"data":"Slimebound:OozeBath","floor":47,"key":"SMITH"}],"circlet_count":0,"master_deck":["Slimebound:Split+1","Slimebound:DouseInSlime+1","Slimebound:SlimeSlap+1","Slimebound:MassFeed+1","Slimebound:SpikyOuterGoop","Slimebound:LeechLife","Slimebound:Recycling","Slimebound:LeechingTouch+1","Slimebound:MassRepurpose","Slimebound:Recycling","Slimebound:Overexert","Slimebound:Recycling","expansioncontent:ChargeUp","Slimebound:OozeBath+1","Slimebound:OozeBath","Slimebound:OozeBath"],"relics":["Slimebound:AbsorbEndCombat","Hammer of Thor","Seething Fire","Anvil of the Gods","NeowsBlessing","hubris:64BitClover","hubris:Towel","Slimebound:SlimedTailRelic","Happy Flower","hubris:Potato","Sundial","PreservedInsect","MerchantsRug","Incense Burner","MealTicket","Empty Cage","hubris:ToyBattleship","hexamod:BolsterEngine","hubris:TinFlute","HornCleat","hubris:Icosahedron","Calipers","Pocketwatch","Kunai","Mercury Hourglass","Coffee Dripper","downfall:HeartBlessingGreen","hubris:GlazedTorus","Slimebound:MaxSlimesRelic","Darkstone Periapt","Lantern","Slimebound:SlimedSkullRelic","Smiling Mask","downfall:HeartBlessingBlue","downfall:HeartBlessingRed","Unceasing Top"],"acts_visited":["Exordium","TheCity","TheBeyond"],"potions_floor_usage":[],"damage_taken":[{"damage":0,"enemies":"Jaw Worm","floor":2,"turns":1},{"damage":0,"enemies":"Gremlin Nob","floor":6,"turns":1},{"damage":0,"enemies":"Lagavulin","floor":8,"turns":1},{"damage":36,"enemies":"3 Sentries","floor":9,"turns":8},{"damage":0,"enemies":"Lagavulin","floor":11,"turns":5},{"damage":0,"enemies":"Small Slimes","floor":12,"turns":3},{"damage":5,"enemies":"downfall:FleeingMerchant","floor":13,"turns":4},{"damage":33,"enemies":"3 Sentries","floor":14,"turns":5},{"damage":1,"enemies":"2 Louse","floor":15,"turns":2},{"damage":41,"enemies":"downfall:Silent","floor":16,"turns":6},{"damage":30,"enemies":"3 Byrds","floor":19,"turns":5},{"damage":22,"enemies":"Spheric Guardian","floor":20,"turns":4},{"damage":27,"enemies":"Shelled Parasite and Fungi","floor":21,"turns":5},{"damage":23,"enemies":"Centurion and Healer","floor":22,"turns":6},{"damage":40,"enemies":"Book of Stabbing","floor":25,"turns":6},{"damage":19,"enemies":"Gremlin Leader","floor":26,"turns":5},{"damage":52,"enemies":"Slavers","floor":28,"turns":5},{"damage":12,"enemies":"Book of Stabbing","floor":29,"turns":4},{"damage":54,"enemies":"Slavers","floor":30,"turns":5},{"damage":15,"enemies":"Book of Stabbing","floor":31,"turns":4},{"damage":14,"enemies":"3 Cultists","floor":32,"turns":4},{"damage":23,"enemies":"downfall:Defect","floor":33,"turns":8},{"damage":17,"enemies":"3 Darklings","floor":36,"turns":5},{"damage":5,"enemies":"3 Shapes","floor":39,"turns":7},{"damage":75,"enemies":"Reptomancer","floor":40,"turns":6},{"damage":7,"enemies":"Giant Head","floor":42,"turns":5},{"damage":39,"enemies":"Nemesis","floor":43,"turns":7},{"damage":37,"enemies":"Reptomancer","floor":44,"turns":5},{"damage":62,"enemies":"Nemesis","floor":45,"turns":7},{"damage":13,"enemies":"Giant Head","floor":46,"turns":5},{"damage":19,"enemies":"Nemesis","floor":48,"turns":5},{"damage":15,"enemies":"3 Darklings","floor":49,"turns":5},{"damage":3,"enemies":"downfall:Watcher","floor":50,"turns":6}],"seed_played":"6629959461670083124","potions_obtained":[{"floor":6,"key":"Guardian:BlockOnCardUsePotion"},{"floor":8,"key":"Swift Potion"},{"floor":9,"key":"PowerPotion"},{"floor":14,"key":"BlessingOfTheForge"},{"floor":15,"key":"Strength Potion"},{"floor":21,"key":"CultistPotion"},{"floor":33,"key":"Slimebound:SpawnSlimePotion"}],"is_trial":true,"path_per_floor":["R","M","?","?","?","E","T","E","E","R","E","M","$","E","M","B",null,"R","M","M","M","M","R","T","E","E","?","E","E","E","E","M","B",null,"R","M","?","?","M","E","T","E","E","E","E","E","R","E","M","B",null],"character_chosen":"SLIMEBOUND","items_purchased":["MerchantsRug","Incense Burner"],"campfire_rested":0,"item_purchase_floors":[13,13],"current_hp_per_floor":[60,60,60,60,60,60,60,60,30,30,46,55,63,48,62,75,75,75,56,55,81,66,66,66,46,49,49,69,87,67,80,102,131,131,131,123,123,145,153,110,110,161,161,165,122,173,183,170,172,191],"gold":590,"neow_bonus":"","is_daily":false,"chose_seed":false,"campfire_upgraded":5,"win_rate":0.0,"timestamp":1608812297,"path_taken":["R","M","?","?","?","E","T","E","E","R","E","?","?","E","M","BOSS","R","M","M","?","?","R","T","?","E","?","E","E","E","E","M","BOSS","R","M","?","?","M","E","T","E","E","E","?","E","R","E","M","BOSS"],"items_purchased_type":["Relic","Relic"],"build_version":"2020-12-22","purchased_purges":0,"victory":true,"max_hp_per_floor":[60,60,60,60,60,60,60,60,60,60,60,63,63,69,72,75,75,75,75,78,81,87,87,87,91,95,95,103,103,115,119,127,131,131,131,135,135,145,153,157,157,161,161,165,169,173,183,187,187,191],"card_choices":[{"not_picked":["Slimebound:ComboTackle","Slimebound:LeechEnergy"],"picked":"Slimebound:SplitAcid","floor":2},{"not_picked":["Slimebound:Overexert","Slimebound:SlimeSlap"],"picked":"Slimebound:DouseInSlime","floor":6},{"not_picked":["Slimebound:OneTwoCombo","Slimebound:SelfFormingGoo"],"picked":"Slimebound:WasteNot","floor":8},{"not_picked":["Slimebound:RallyTheTroops","Slimebound:Overexert"],"picked":"Slimebound:SlimeSlap","floor":9},{"not_picked":["Slimebound:OneTwoCombo","Slimebound:MassRepurpose"],"picked":"Slimebound:MassFeed","floor":11},{"not_picked":["Slimebound:ComboTackle","Slimebound:SlimeSpikes"],"picked":"Slimebound:SpikyOuterGoop","floor":12},{"not_picked":["Slimebound:MegaLick","Slimebound:FinishingTackle","Slimebound:GoopSpray"],"picked":"SKIP","floor":13},{"not_picked":["Slimebound:MassRepurpose","Slimebound:MassFeed"],"picked":"Slimebound:LeechLife","floor":14},{"not_picked":["Slimebound:SplitAcid","Slimebound:Schlurp"],"picked":"Slimebound:OozeBath","floor":15},{"not_picked":["Slimebound:WasteNot","Slimebound:LeechLife"],"picked":"Slimebound:Recycling","floor":16},{"not_picked":["Slimebound:PressTheAttack","Slimebound:DisruptingSlam","Slimebound:SplitAcid"],"picked":"SKIP","floor":19},{"not_picked":["Slimebound:ViciousTackle","Slimebound:Grow+1","Slimebound:FinishingTackle"],"picked":"SKIP","floor":20},{"not_picked":["Slimebound:ViciousTackle","Slimebound:GrowthPunch"],"picked":"Slimebound:LeechingTouch+1","floor":21},{"not_picked":["Slimebound:GrowthPunch","Slimebound:Equalize+1"],"picked":"Slimebound:Schlurp+1","floor":22},{"not_picked":["Slimebound:PrepareCrush","Slimebound:MinionMaster"],"picked":"Slimebound:OozeBath","floor":25},{"not_picked":["Slimebound:CheckThePlaybook","Slimebound:LeechLife"],"picked":"Slimebound:MassRepurpose","floor":26},{"not_picked":["Slimebound:SelfFormingGoo","Slimebound:OneTwoCombo"],"picked":"Slimebound:Recycling","floor":28},{"not_picked":["Slimebound:RallyTheTroops","Slimebound:LeechLife","Slimebound:Teamwork"],"picked":"SKIP","floor":29},{"not_picked":["Slimebound:PrepareCrush","Slimebound:DouseInSlime"],"picked":"Slimebound:Overexert","floor":30},{"not_picked":["Slimebound:MassRepurpose","Slimebound:CheckThePlaybook"],"picked":"Slimebound:Recycling","floor":31},{"not_picked":["Slimebound:GrowthPunch","Slimebound:RejuvenatingLick","Slimebound:BestDefense"],"picked":"SKIP","floor":32},{"not_picked":["Slimebound:SplitAcid+1","Slimebound:FinishingTackle"],"picked":"Slimebound:SplitMire","floor":36},{"not_picked":["expansioncontent:AwakenDeath","expansioncontent:GuardianWhirl"],"picked":"expansioncontent:ChargeUp","floor":37},{"not_picked":["Slimebound:SplitBruiser","Slimebound:LeechingTouch+1"],"picked":"Slimebound:SplitAcid+1","floor":39},{"not_picked":["Slimebound:RallyTheTroops","Slimebound:MinionMaster"],"picked":"Slimebound:OozeBath","floor":40},{"not_picked":["Slimebound:Teamwork","Slimebound:SelfFormingGoo","Slimebound:MinionMaster"],"picked":"SKIP","floor":42},{"not_picked":["Slimebound:SelfFormingGoo","Slimebound:LeechLife","Slimebound:RallyTheTroops"],"picked":"SKIP","floor":43},{"not_picked":["Slimebound:LeechLife","Slimebound:Overexert"],"picked":"Slimebound:OozeBath","floor":44},{"not_picked":["Slimebound:OneTwoCombo","Slimebound:DouseInSlime"],"picked":"Slimebound:OozeBath","floor":45},{"not_picked":["Slimebound:WasteNot","Slimebound:MassRepurpose","Slimebound:PrepareCrush"],"picked":"SKIP","floor":46},{"not_picked":["Slimebound:DuplicatedForm","Slimebound:SelfFormingGoo","Slimebound:LeechLife"],"picked":"SKIP","floor":48},{"not_picked":["Slimebound:ComboTackle+1","Slimebound:TongueLash","Slimebound:RollThrough+1"],"picked":"SKIP","floor":49}],"player_experience":695618,"relics_obtained":[{"floor":6,"key":"Slimebound:SlimedTailRelic"},{"floor":7,"key":"Happy Flower"},{"floor":8,"key":"hubris:Potato"},{"floor":9,"key":"Sundial"},{"floor":11,"key":"PreservedInsect"},{"floor":14,"key":"MealTicket"},{"floor":21,"key":"hubris:ToyBattleship"},{"floor":24,"key":"hexamod:BolsterEngine"},{"floor":25,"key":"hubris:TinFlute"},{"floor":26,"key":"HornCleat"},{"floor":28,"key":"Calipers"},{"floor":29,"key":"Pocketwatch"},{"floor":30,"key":"Kunai"},{"floor":31,"key":"Mercury Hourglass"},{"floor":40,"key":"hubris:GlazedTorus"},{"floor":42,"key":"Slimebound:MaxSlimesRelic"},{"floor":43,"key":"Darkstone Periapt"},{"floor":44,"key":"Lantern"},{"floor":45,"key":"Slimebound:SlimedSkullRelic"},{"floor":46,"key":"Smiling Mask"},{"floor":48,"key":"Unceasing Top"}],"event_choices":[{"cards_removed":["Slimebound:WasteNot"],"damage_healed":12,"gold_gain":0,"player_choice":"Offered Rare","damage_taken":0,"max_hp_gain":10,"max_hp_loss":0,"event_name":"Bonfire Elementals","floor":38,"gold_loss":0}],"is_beta":false,"boss_relics":[{"not_picked":["hubris:TerracottaHorce","hubris:VirtuousBlindfold"],"picked":"Empty Cage"},{"not_picked":["Slimebound:TarBlob","expansioncontent:StudyCardRelic"],"picked":"Coffee Dripper"}],"items_purged_floors":[],"is_endless":false,"potions_floor_spawned":[6,8,9,14,15,21,22,28,30,33,39,43,46,48],"ascension_level":0}}