{"host":"12piqfhmdln9x2la","time":1608830403,"event":{"mods":["2.2 Compatiblity","AchievementEnabler","BaseMod","BetterRewards","Colored Powertips","Minty Spire (QoL Compilation)","Quick Restart","SuperFastMode"],"gold_per_floor":[110,110,285,285,86,115,115,115,141,14,31,48,1,26,26,122,122,141,151,151,151,151],"floor_reached":21,"playtime":352,"items_purged":["Doubt","Regret"],"score":231,"play_id":"bb331dd4-e503-4bb8-b21d-d1dffeb35540","local_time":"20201225022003","is_ascension_mode":true,"campfire_choices":[{"floor":8,"key":"RECALL"},{"data":"Armaments","floor":15,"key":"SMITH"}],"circlet_count":0,"master_deck":["Strike_R","Strike_R","Strike_R","Strike_R","Defend_R","Defend_R","Defend_R","Defend_R","Bash","Inflame","Rampage","Armaments+1","Flex","Cleave","Flex","Anger","Double Tap","Flex+1","Shame"],"relics":["Burning Blood","NeowsBlessing","Question Card","Toy Ornithopter","Pantograph","Boot","Black Star","Bag of Preparation"],"acts_visited":["Exordium","TheCity"],"potions_floor_usage":[12,16,16],"damage_taken":[{"damage":0,"enemies":"Jaw Worm","floor":1,"turns":1},{"damage":0,"enemies":"Gremlin Nob","floor":6,"turns":1},{"damage":0,"enemies":"2 Louse","floor":11,"turns":1},{"damage":0,"enemies":"Small Slimes","floor":12,"turns":3},{"damage":39,"enemies":"3 Sentries","floor":14,"turns":7},{"damage":49,"enemies":"Hexaghost","floor":16,"turns":10},{"damage":26,"enemies":"2 Thieves","floor":18,"turns":4},{"damage":25,"enemies":"Chosen","floor":19,"turns":5},{"damage":52,"enemies":"Sentry and Sphere","floor":21,"turns":5}],"seed_played":"9197164583234391762","potions_obtained":[{"floor":1,"key":"Block Potion"},{"floor":6,"key":"Energy Potion"},{"floor":12,"key":"Fruit Juice"},{"floor":19,"key":"AttackPotion"}],"is_trial":false,"path_per_floor":["M","?","?","?","$","E","?","R","T","$","M","M","$","E","R","B",null,"M","M","?","M"],"character_chosen":"IRONCLAD","items_purchased":["Rampage","Armaments","Flex","Flex"],"campfire_rested":0,"item_purchase_floors":[5,5,10,13],"current_hp_per_floor":[80,73,73,40,40,46,46,46,46,46,52,68,68,35,35,27,85,65,46,46,0,0],"gold":151,"neow_bonus":"THREE_ENEMY_KILL","is_daily":false,"chose_seed":false,"campfire_upgraded":1,"win_rate":0.0,"timestamp":1608830403,"path_taken":["M","?","?","?","$","E","?","R","T","?","?","M","?","E","R","BOSS","M","M","?","M"],"items_purchased_type":["Card","Card","Card","Card"],"build_version":"2020-12-22","purchased_purges":2,"victory":false,"max_hp_per_floor":[80,80,80,80,80,80,80,80,80,80,80,85,85,85,85,85,85,85,85,85,85,85],"card_choices":[{"not_picked":["Metallicize","Clash"],"picked":"Inflame","floor":1},{"not_picked":["Sever Soul","Warcry","Havoc","Battle Trance"],"picked":"SKIP","floor":6},{"not_picked":["Pummel","Power Through","Metallicize"],"picked":"Cleave","floor":11},{"not_picked":["Clothesline","Shrug It Off","Dual Wield","True Grit"],"picked":"SKIP","floor":12},{"not_picked":["Shockwave","Body Slam","Uppercut"],"picked":"Anger","floor":14},{"not_picked":["Impervious","Offering","Berserk"],"picked":"Double Tap","floor":16},{"not_picked":["Sword Boomerang","Shrug It Off","Body Slam+1","Clothesline"],"picked":"SKIP","floor":18},{"not_picked":["Twin Strike","Flame Barrier+1","Rampage+1"],"picked":"Flex+1","floor":19}],"player_experience":117372,"relics_obtained":[{"floor":6,"key":"Toy Ornithopter"},{"floor":14,"key":"Boot"}],"event_choices":[{"cards_removed":["Strike_R"],"damage_healed":0,"gold_gain":0,"player_choice":"Card Removal","damage_taken":7,"max_hp_gain":0,"max_hp_loss":0,"event_name":"Golden Wing","floor":2,"gold_loss":0},{"damage_healed":0,"gold_gain":175,"player_choice":"AGREE","damage_taken":0,"max_hp_gain":0,"max_hp_loss":0,"event_name":"Liars Game","floor":3,"gold_loss":0,"cards_obtained":["Doubt"]},{"damage_healed":0,"gold_gain":0,"player_choice":"Success","damage_taken":33,"relics_obtained":["Question Card"],"max_hp_gain":0,"max_hp_loss":0,"event_name":"Scrap Ooze","floor":4,"gold_loss":0},{"damage_healed":0,"gold_gain":0,"player_choice":"Box","damage_taken":0,"relics_obtained":["Pantograph"],"max_hp_gain":0,"max_hp_loss":0,"event_name":"Big Fish","floor":7,"gold_loss":0,"cards_obtained":["Regret"]},{"damage_healed":0,"gold_gain":0,"player_choice":"Stole Relic","damage_taken":0,"relics_obtained":["Bag of Preparation"],"max_hp_gain":0,"max_hp_loss":0,"event_name":"Addict","floor":20,"gold_loss":0,"cards_obtained":["Shame"]}],"is_beta":false,"boss_relics":[{"not_picked":["Snecko Eye","Calling Bell"],"picked":"Black Star"}],"items_purged_floors":[5,10],"is_endless":false,"potions_floor_spawned":[1,6,12,19],"killed_by":"Sentry and Sphere","ascension_level":2}}