{"host":"avq773cl9g5msfol","time":1608799121,"event":{"mods":["AchievementEnabler","Act Like it!","Ascension Unlocker","Aspiration","Astrologer","Bard","Bartender","BaseMod","Better Altar","Better Match","Better Note","Better Sensory Stone","Better Skull","Better Third Choice","BetterRewards","CapriCore","Colored Map","Colored Powertips","Conspire","Dio Mod","Elementarium","Energized Spire","Gensokyo","GifTheSpireLib","GungeonMod","Hallownest","Hermit","Highlight Path","Hubris","Humility","Infinite Spire","Koishi","Magitek Elite","Marisa????????","Marked Mod","Menagerie","Minty Spire (QoL Compilation)","Pale of the Ancients","Potionbrewer","Quarter Circle Forward PUNCH!","Rare Cards Sparkle","Reimu??????","Relic Stats","Remilia??????","Replay The Spire","SacredBarkPlus","Shade Mod","Somnambulant","Spicy Shops","StSLib","Synergy Search","The Bladedancer","The Blue Laboratory","The Bug Knight","The Construct","The Cursed","The Exalted","The Hayseed","The Hierophant","The Immortal","The Judge","The Mystic","The Problem Sleuth","The Runesmith","The Senshi","The Vixen","The Wild Card","TheArtist","TheFirefly","TheVacant","Wandering Minibosses","vexMod"],"gold_per_floor":[112,122,173,173,398,431,451,486,486,17,17,17,47,65,65,138,138,150,187,62,62,79,79,109,109,109,109,29,606,631,506,506,580,580,599,599,599,599,599,599,628,642,642,677,677,703,716,716,716,716,716],"floor_reached":52,"playtime":4429,"items_purged":[],"score":3015,"play_id":"738e349d-1719-4545-be87-3ed6454e9387","local_time":"20201224153841","is_ascension_mode":true,"campfire_choices":[{"data":"MokouMod:SearingShot","floor":15.0,"key":"SMITH"},{"data":"MokouMod:SearingShot","floor":23.0,"key":"SMITH"},{"data":"MokouMod:IgnitionBarrier","floor":25.0,"key":"SMITH"},{"data":"MokouMod:IcarusDive","floor":27.0,"key":"SMITH"},{"data":"MokouMod:InfernalWave","floor":32,"key":"SMITH"},{"data":"Hallownest:skillCityofTearsMap","floor":40,"key":"SMITH"},{"data":"MokouMod:Meltdown","floor":45,"key":"SMITH"},{"data":"MokouMod:CrimsonArmoury","floor":45,"key":"SMITH"},{"data":"infinitespire:NeuralNetwork","floor":49,"key":"SMITH"},{"data":"MokouMod:HeatSpark","floor":49,"key":"SMITH"}],"circlet_count":0,"master_deck":["AscendersBane","MokouMod:HeatSpark+1","MokouMod:ResonanceReactor+1","MokouMod:EnchantingBambooForest+1","MokouMod:Refresh+1","MokouMod:AdaptivePyromancy+1","MokouMod:HeartofFire+1","MokouMod:Burn+1","MokouMod:IgneousBlow+1","MokouMod:FusionFlare+1","MokouMod:PhoenixForm+1","MokouMod:Rekindle+1","MokouMod:FlareStarter+1","MokouMod:Overheat+1","Dramatic Entrance+1","MokouMod:IndiscriminateIgnition+1","MokouMod:IcarusDive+1","Hallownest:skillGreenpathMap+1","MokouMod:BurningHiddenBullet+1","MokouMod:SearingShot+1","MokouMod:SearingShot+1","MokouMod:Geothermal+1","MokouMod:SacredFire+1","MokouMod:Trailblazer","MokouMod:Sear+1","MokouMod:PhoenixFeathers+1","infinitespire:Menacing","MokouMod:IgnitionBarrier+1","Hallownest:skillCityofTearsMap+1","MokouMod:InfernalWave+1","MokouMod:Overheat+1","MokouMod:HouraiForge+1","Burn","Burn","MokouMod:CrimsonArmoury+1","MokouMod:Meltdown+1","infinitespire:NeuralNetwork+1"],"relics":["MokouMod:PhoenixFeather","Golden Egg","Quantum Egg","ClockworkSouvenir","Ice Cream","Bromod:ArcaneUltimatum","vexMod:PlasmaPancake","infinitespire:WardingShard","qcfpunch:Spiky_Bracers","Juzu Bracelet","Hallownest:DreamNailRelic","Pet Ghost","The Courier","Dead Branch","conspire:BottledYoYo","aspiration:SecretTechniqueScroll","vexMod:FocusSash","Anchor","ReplayTheSpireMod:Shallot","hubris:SlimyHat","Snecko Heart","Hallownest:BeastSealRelic","TheVixenMod:UmbreonRelic","Replay:Arrowhead","ReplayTheSpireMod:TigerMarble","Tintinnabulum","Bronze Scales","Philosopher\u0027s Stone"],"acts_visited":["Hallownest:Greenpath","Hallownest:CityofTears","Hallownest:KingdomsEdge"],"potions_floor_usage":[51,51,51],"damage_taken":[{"damage":0.0,"enemies":"Hallownest:2_MossCreeps","floor":1.0,"turns":2.0},{"damage":0.0,"enemies":"Hallownest:monsterHuskGuard","floor":2.0,"turns":2.0},{"damage":15.0,"enemies":"Hallownest:eliteCrystalGuardian","floor":6.0,"turns":4.0},{"damage":0.0,"enemies":"2_ Uuma","floor":7.0,"turns":1.0},{"damage":0.0,"enemies":"Hallownest:eliteMossKnight","floor":8.0,"turns":2.0},{"damage":7.0,"enemies":"Hallownest:eliteCrystalGuardian","floor":13.0,"turns":3.0},{"damage":2.0,"enemies":"Hallownest:MossCreep_and_Mosskin","floor":14.0,"turns":4.0},{"damage":0.0,"enemies":"Hallownest:BossFalseKnight","floor":16.0,"turns":4.0},{"damage":0.0,"enemies":"Hallownest:2_Mistakes","floor":18.0,"turns":5.0},{"damage":0.0,"enemies":"conspire:MimicChest","floor":19.0,"turns":6.0},{"damage":0.0,"enemies":"Hallownest:Flukemon_and_Top","floor":22.0,"turns":3.0},{"damage":31.0,"enemies":"Nightmare","floor":24.0,"turns":8.0},{"damage":56.0,"enemies":"Hallownest:2_Flukemon","floor":29.0,"turns":6.0},{"damage":0.0,"enemies":"Hallownest:eliteSoulWarrior","floor":30.0,"turns":4.0},{"damage":0,"enemies":"Hallownest:BossMantisLord","floor":33,"turns":5},{"damage":0,"enemies":"Hallownest:2_Littles","floor":35,"turns":3},{"damage":0,"enemies":"Hallownest:2_Littles","floor":39,"turns":3},{"damage":0,"enemies":"Hallownest:eliteHiveKnight","floor":41,"turns":5},{"damage":0,"enemies":"Hallownest:Shield_Heavy","floor":42,"turns":1},{"damage":0,"enemies":"Hallownest:eliteCollector","floor":44,"turns":3},{"damage":0,"enemies":"Hallownest:2_Wing_and_1_Kings","floor":47,"turns":3},{"damage":3,"enemies":"Hallownest:Radiance","floor":50,"turns":5},{"damage":2,"enemies":"Hallownest:BossHollowKnight","floor":51,"turns":4}],"seed_played":"8555065655400685347","potions_obtained":[{"floor":1.0,"key":"LiquidMemories"},{"floor":33,"key":"Doom Potion"},{"floor":47,"key":"Strength Potion"}],"is_trial":false,"path_per_floor":["M","M","?","?","?","E","M","E","T","$","?","?","E","M","R","B",null,"M","?","?","?","M","R","NM","R","T","R","?","M","E","?","R","B",null,"M","?","?","?","?","R","E","M","T","E","R","T","M","AVR","R_BF","B","B",null],"character_chosen":"MKU","items_purchased":["ClockworkSouvenir","MokouMod:ResonanceReactor","MokouMod:FlareStarter","potionbrewer:BoundlessPotion","MokouMod:Overheat","Dramatic Entrance","Ice Cream","vexMod:PlasmaPancake","infinitespire:WardingShard","qcfpunch:Spiky_Bracers","MokouMod:IndiscriminateIgnition","MokouMod:Geothermal","Dead Branch"],"campfire_rested":0,"item_purchase_floors":[0,0,0,0,0,0,0,0,0,0,0,10,10],"current_hp_per_floor":[74,74,74,74,74,59,59,59,59,59,59,61,54,52,52,52,74,74,74,74,74,74,74,43,43,43,43,43,13,13,13,13,13,64,64,66,66,66,66,66,66,66,66,66,67,68,69,70,71,69,68],"gold":716,"neow_bonus":"","is_daily":false,"chose_seed":false,"campfire_upgraded":10,"win_rate":0.0,"timestamp":1608799121,"path_taken":["M","M","?","?","?","E","M","E","T","?","?","?","E","M","R","BOSS","M","?","?","?","M","R","NM","R","T","R","?","M","E","?","R","BOSS","M","?","?","?","?","R","E","M","T","E","R","?","M","AVR","R_BF","BOSS","BOSS"],"items_purchased_type":["Relic","Card","Card","Potion","Card","Card","Relic","Relic","Relic","Relic","Card","Card","Relic"],"build_version":"2020-12-22","purchased_purges":0,"victory":true,"max_hp_per_floor":[81,81,81,81,81,81,81,81,81,81,81,81,81,81,81,81,81,81,81,81,81,81,81,81,81,81,81,81,81,81,81,81,81,81,81,81,81,81,81,81,81,81,81,81,81,81,81,81,81,81,81],"relic_stats":{"counters":[52,177],"Dead Branch":[179],"Bronze Scales":[45],"Juzu Bracelet":12,"obtain_stats":[{"Ice Cream":0,"Bromod:ArcaneUltimatum":0,"Golden Egg":0,"Bromod:ArcaneNullifier":46,"Hallownest:UnbreakableCardRelic":21,"DemoMod:GlassGuonStoneRelic":1,"Whetstone":44,"Blood Vial":12,"conspire:GlowingRock":5,"HornCleat":30,"MealTicket":45,"Philosopher\u0027s Stone":48,"qcfpunch:Handcuffs":0,"Dead Branch":10,"HollowMod:JonisBlessing":55,"Du-Vu Doll":0,"potionbrewer:Torch":0,"OrangePellets":0,"ReplayTheSpireMod:Shallot":26,"Bronze Scales":46,"Snecko Eye":36,"Tintinnabulum":44,"Pandora\u0027s Box":0,"conspire:BottledYoYo":13,"ReplayTheSpireMod:TigerMarble":43,"Unceasing Top":27,"vexMod:PlasmaPancake":0,"qcfpunch:Spiky_Bracers":0,"Lantern":28,"Snecko Heart":34,"wanderingMiniBosses:AbyssPearl":20,"Juzu Bracelet":0,"Hallownest:DreamNailRelic":4,"hubris:SlimyHat":30,"hubris:EmptyBottle":0,"White_Cape":39,"Pet Ghost":6,"Silver_Glasses":19,"ClockworkSouvenir":0,"Replay:Bandana":8,"Bromod:ArcaneTempo":56,"Genji_Glove":0,"WingedGreaves":24,"TheVixenMod:UmbreonRelic":39,"hubris:GlazedTorus":0,"Hallownest:BeastSealRelic":37,"Quantum Egg":0,"DemoMod:PartiallyEatenCheese":10,"The Courier":8,"Protect_Vest":55,"aspiration:SecretTechniqueScroll":17,"vexMod:FocusSash":19,"Replay:Arrowhead":41,"Peace Pipe":25,"Anchor":24,"potionbrewer:BoosterPack":43,"infinitespire:WardingShard":0,"vexMod:HeadHunter":0,"MokouMod:PhoenixFeather":0,"Bottled Lightning":49,"potionbrewer:Keyblade":0,"FossilizedHelix":0,"RuthlessExorcism:ReiMu":11},{"Ice Cream":29,"Bromod:ArcaneUltimatum":29,"Golden Egg":0,"Bromod:ArcaneNullifier":23,"Hallownest:UnbreakableCardRelic":9,"DemoMod:GlassGuonStoneRelic":1,"Whetstone":22,"Blood Vial":5,"conspire:GlowingRock":1,"HornCleat":14,"MealTicket":22,"Philosopher\u0027s Stone":50,"qcfpunch:Handcuffs":0,"Dead Branch":34,"HollowMod:JonisBlessing":27,"Du-Vu Doll":0,"potionbrewer:Torch":0,"OrangePellets":0,"ReplayTheSpireMod:Shallot":41,"Bronze Scales":49,"Snecko Eye":18,"Tintinnabulum":49,"Pandora\u0027s Box":0,"conspire:BottledYoYo":35,"ReplayTheSpireMod:TigerMarble":48,"Unceasing Top":12,"vexMod:PlasmaPancake":29,"qcfpunch:Spiky_Bracers":29,"Lantern":12,"Snecko Heart":44,"wanderingMiniBosses:AbyssPearl":9,"Juzu Bracelet":29,"Hallownest:DreamNailRelic":31,"hubris:SlimyHat":43,"hubris:EmptyBottle":0,"White_Cape":20,"Pet Ghost":32,"Silver_Glasses":8,"ClockworkSouvenir":29,"Replay:Bandana":3,"Bromod:ArcaneTempo":28,"Genji_Glove":0,"WingedGreaves":10,"TheVixenMod:UmbreonRelic":45,"hubris:GlazedTorus":0,"Hallownest:BeastSealRelic":45,"Quantum Egg":29,"DemoMod:PartiallyEatenCheese":4,"The Courier":34,"Protect_Vest":27,"aspiration:SecretTechniqueScroll":37,"vexMod:FocusSash":39,"Replay:Arrowhead":47,"Peace Pipe":11,"Anchor":41,"potionbrewer:BoosterPack":21,"infinitespire:WardingShard":29,"vexMod:HeadHunter":0,"MokouMod:PhoenixFeather":0,"Bottled Lightning":25,"potionbrewer:Keyblade":0,"FossilizedHelix":0,"RuthlessExorcism:ReiMu":4},{"Ice Cream":91,"Bromod:ArcaneUltimatum":91,"Golden Egg":0,"Bromod:ArcaneNullifier":61,"Hallownest:UnbreakableCardRelic":22,"DemoMod:GlassGuonStoneRelic":2,"Whetstone":58,"Blood Vial":14,"conspire:GlowingRock":2,"HornCleat":39,"MealTicket":58,"Philosopher\u0027s Stone":168,"qcfpunch:Handcuffs":0,"Dead Branch":102,"HollowMod:JonisBlessing":79,"Du-Vu Doll":0,"potionbrewer:Torch":0,"OrangePellets":0,"ReplayTheSpireMod:Shallot":135,"Bronze Scales":165,"Snecko Eye":50,"Tintinnabulum":165,"Pandora\u0027s Box":0,"conspire:BottledYoYo":105,"ReplayTheSpireMod:TigerMarble":162,"Unceasing Top":34,"vexMod:PlasmaPancake":91,"qcfpunch:Spiky_Bracers":91,"Lantern":34,"Snecko Heart":150,"wanderingMiniBosses:AbyssPearl":22,"Juzu Bracelet":91,"Hallownest:DreamNailRelic":95,"hubris:SlimyHat":145,"hubris:EmptyBottle":0,"White_Cape":54,"Pet Ghost":99,"Silver_Glasses":18,"ClockworkSouvenir":91,"Replay:Bandana":8,"Bromod:ArcaneTempo":84,"Genji_Glove":0,"WingedGreaves":24,"TheVixenMod:UmbreonRelic":153,"hubris:GlazedTorus":0,"Hallownest:BeastSealRelic":153,"Quantum Egg":91,"DemoMod:PartiallyEatenCheese":12,"The Courier":102,"Protect_Vest":79,"aspiration:SecretTechniqueScroll":113,"vexMod:FocusSash":124,"Replay:Arrowhead":161,"Peace Pipe":27,"Anchor":135,"potionbrewer:BoosterPack":56,"infinitespire:WardingShard":91,"vexMod:HeadHunter":0,"MokouMod:PhoenixFeather":0,"Bottled Lightning":69,"potionbrewer:Keyblade":0,"FossilizedHelix":0,"RuthlessExorcism:ReiMu":12}]},"card_choices":[{"not_picked":["MokouMod:ImperishableFlame","MokouMod:FlareStarter"],"picked":"MokouMod:IcarusDive","floor":1.0},{"not_picked":["MokouMod:HeatFactory","MokouMod:IgnitionBarrier","MokouMod:Stoke"],"picked":"SKIP","floor":2.0},{"not_picked":["MokouMod:Ember","MokouMod:IgnitionBlast"],"picked":"MokouMod:BurningHiddenBullet","floor":6.0},{"not_picked":["MokouMod:Sear","MokouMod:FujiyamaVolcano"],"picked":"MokouMod:SearingShot","floor":7.0},{"not_picked":["MokouMod:AdaptivePyromancy","MokouMod:ResonanceReactor"],"picked":"MokouMod:SearingShot","floor":8.0},{"not_picked":["MokouMod:UncontrollableSolarReaction","MokouMod:ThermalPressure","MokouMod:Extinguish"],"picked":"SKIP","floor":13.0},{"not_picked":["MokouMod:Wildfire","MokouMod:FlickeringFlame","MokouMod:ResoluteFlare"],"picked":"SKIP","floor":14.0},{"not_picked":["MokouMod:BurningHiddenBullet","MokouMod:RadiantBlade"],"picked":"MokouMod:SacredFire","floor":16.0},{"not_picked":["MokouMod:FlareStarter","MokouMod:PhoenixFeathers","MokouMod:ImperishableFlame"],"picked":"SKIP","floor":18.0},{"not_picked":["MokouMod:EternalBurstReactor","MokouMod:Singe"],"picked":"MokouMod:Trailblazer","floor":19.0},{"not_picked":["MokouMod:FlickeringFlame+1","MokouMod:TemporalFireSeal+1"],"picked":"MokouMod:Sear+1","floor":20.0},{"not_picked":["MokouMod:IcarusDive+1","MokouMod:CrimsonFlare+1"],"picked":"MokouMod:PhoenixFeathers+1","floor":20.0},{"not_picked":["MokouMod:Cataclysm","MokouMod:Scorch+1","MokouMod:CrimsonFlare"],"picked":"SKIP","floor":22.0},{"not_picked":["infinitespire:Starlight","infinitespire:Gouge"],"picked":"infinitespire:Menacing","floor":24.0},{"not_picked":["MokouMod:FusionFlare","MokouMod:EternalBurstReactor+1"],"picked":"MokouMod:IgnitionBarrier","floor":24.0},{"not_picked":["MokouMod:ShiftIgnition","MokouMod:IgnitionBlast"],"picked":"MokouMod:InfernalWave","floor":29.0},{"not_picked":["MokouMod:SearingShot","MokouMod:Trailblazer","MokouMod:FujiyamaVolcano"],"picked":"SKIP","floor":30.0},{"not_picked":["MokouMod:FujiyamaVolcano+1","MokouMod:Sear+1"],"picked":"MokouMod:Overheat+1","floor":31},{"not_picked":["MokouMod:SacredFire","MokouMod:Rekindle"],"picked":"MokouMod:HouraiForge","floor":33},{"not_picked":["MokouMod:Ember","MokouMod:RoaringFlare","MokouMod:Cataclysm"],"picked":"SKIP","floor":35},{"not_picked":["MokouMod:Afterburner+1","MokouMod:Trailblazer"],"picked":"MokouMod:CrimsonArmoury","floor":41},{"not_picked":["MokouMod:Refresh","MokouMod:RoaringFlare","MokouMod:BlazingComet"],"picked":"SKIP","floor":42},{"not_picked":["MokouMod:UncontrollableSolarReaction+1","MokouMod:GuidingSmoke"],"picked":"MokouMod:Meltdown","floor":44},{"not_picked":["MokouMod:FlareStarter","MokouMod:Combust","MokouMod:Sear"],"picked":"SKIP","floor":47}],"player_experience":1126408,"relics_obtained":[{"floor":6.0,"key":"Pet Ghost"},{"floor":8.0,"key":"The Courier"},{"floor":13.0,"key":"conspire:BottledYoYo"},{"floor":19.0,"key":"vexMod:FocusSash"},{"floor":24.0,"key":"Anchor"},{"floor":26.0,"key":"ReplayTheSpireMod:Shallot"},{"floor":30.0,"key":"hubris:SlimyHat"},{"floor":41,"key":"Replay:Arrowhead"},{"floor":43,"key":"ReplayTheSpireMod:TigerMarble"},{"floor":44,"key":"Tintinnabulum"},{"floor":46,"key":"Bronze Scales"}],"event_choices":[{"damage_healed":2.0,"max_hp_gain":0.0,"max_hp_loss":0.0,"gold_gain":0.0,"event_name":"betterSkull:BetterSkull","player_choice":"LEAVE ","floor":12.0,"gold_loss":0.0,"damage_taken":0.0,"cards_upgraded":[],"relics_obtained":[]},{"damage_healed":0.0,"max_hp_gain":0.0,"max_hp_loss":0.0,"gold_gain":0.0,"event_name":"betterMatch:BetterMatch","player_choice":"2","floor":20.0,"gold_loss":0.0,"damage_taken":0.0,"cards_obtained":["betterMatch:CommonCard","betterMatch:UncommonCard"]},{"damage_healed":0,"gold_gain":0,"player_choice":"2","damage_taken":0,"max_hp_gain":0,"max_hp_loss":0,"event_name":"betterMatch:BetterMatch","floor":31,"gold_loss":0,"cards_obtained":["betterMatch:CommonCard"]},{"damage_healed":2,"gold_gain":0,"player_choice":"LEAVE ","damage_taken":0,"relics_obtained":[],"max_hp_gain":0,"max_hp_loss":0,"event_name":"betterSkull:BetterSkull","floor":36,"gold_loss":0,"cards_upgraded":[]},{"damage_healed":0,"gold_gain":0,"player_choice":"Fight the Beast\u0027s assailants","damage_taken":0,"relics_obtained":["TheVixenMod:UmbreonRelic"],"max_hp_gain":0,"max_hp_loss":0,"event_name":"Creature of the Night","floor":39,"gold_loss":0}],"is_beta":false,"boss_relics":[{"not_picked":["Bromod:ArcaneBarrier","vexMod:DeviousBotling"],"picked":"aspiration:SecretTechniqueScroll"},{"not_picked":["Kintsugi","energizedSpire:StickyHand"],"picked":"Snecko Heart"}],"items_purged_floors":[],"is_endless":false,"potions_floor_spawned":[1,7,14,16,19,30,33,41,47],"ascension_level":20}}