{"host":"f5gffvlv6a66yqkd","time":1608823162,"event":{"mods":["2.2 Compatiblity","BaseMod","Colored Map","DeckTracker","Keyboard Shortcuts","Minty Spire (QoL Compilation)","Permanent Neow","Quick Restart","Relic Stats","StSLib","SuperFastMode"],"gold_per_floor":[113,133,133,151,168,168,181,181,207,132,151,151,151],"floor_reached":12,"playtime":235,"items_purged":["Strike_B"],"score":144,"play_id":"9b7acc11-78cf-475a-86da-4be5dc1171fa","local_time":"20201225001922","is_ascension_mode":true,"campfire_choices":[{"data":"Chaos","floor":8.0,"key":"SMITH"}],"circlet_count":0,"master_deck":["AscendersBane","Strike_B","Strike_B","Defend_B","Defend_B","Defend_B","Defend_B","Zap","Dualcast","Rainbow","Compile Driver","Turbo","Chaos+1","Genetic Algorithm","FTL","Self Repair"],"relics":["Cracked Core","Regal Pillow"],"acts_visited":["Exordium"],"potions_floor_usage":[],"damage_taken":[{"damage":5.0,"enemies":"Small Slimes","floor":1.0,"turns":3.0},{"damage":0.0,"enemies":"2 Louse","floor":2.0,"turns":2.0},{"damage":2.0,"enemies":"Jaw Worm","floor":4.0,"turns":3.0},{"damage":21.0,"enemies":"Exordium Wildlife","floor":5.0,"turns":5.0},{"damage":0.0,"enemies":"2 Fungi Beasts","floor":7.0,"turns":4.0},{"damage":4.0,"enemies":"Looter","floor":11.0,"turns":4.0},{"damage":25,"enemies":"3 Sentries","floor":12,"turns":5}],"seed_played":"3424198524264641940","potions_obtained":[{"floor":4.0,"key":"SteroidPotion"},{"floor":5.0,"key":"ColorlessPotion"},{"floor":11.0,"key":"FearPotion"}],"is_trial":false,"path_per_floor":["M","M","?","M","M","?","M","R","T","$","M","E"],"character_chosen":"DEFECT","items_purchased":[],"campfire_rested":0,"item_purchase_floors":[],"current_hp_per_floor":[41,41,34,32,11,34,34,34,34,34,30,5,5],"gold":151,"neow_bonus":"THREE_RARE_CARDS","is_daily":false,"chose_seed":false,"campfire_upgraded":1,"win_rate":0.0,"timestamp":1608823162,"path_taken":["M","M","?","M","M","?","M","R","T","?","?","E"],"items_purchased_type":[],"build_version":"2020-12-22","purchased_purges":1,"victory":false,"max_hp_per_floor":[71,71,71,71,71,71,71,71,71,71,71,71,71],"relic_stats":{"Regal Pillow":0,"counters":[7,26],"obtain_stats":[{"Regal Pillow":9,"Cracked Core":0},{"Regal Pillow":5,"Cracked Core":0},{"Regal Pillow":17,"Cracked Core":0}]},"card_choices":[{"not_picked":["Meteor Strike","Fission"],"picked":"Rainbow","floor":0.0},{"not_picked":["Coolheaded","Cold Snap"],"picked":"Compile Driver","floor":1.0},{"not_picked":["Ball Lightning","White Noise"],"picked":"Turbo","floor":2.0},{"not_picked":["Hyperbeam","Sweeping Beam"],"picked":"Chaos","floor":4.0},{"not_picked":["Go for the Eyes","Fusion"],"picked":"Genetic Algorithm","floor":5.0},{"not_picked":["Ball Lightning","Stack"],"picked":"FTL","floor":7.0},{"not_picked":["Barrage","Compile Driver"],"picked":"Self Repair","floor":11.0}],"player_experience":1479744,"relics_obtained":[{"floor":9.0,"key":"Regal Pillow"}],"event_choices":[{"cards_removed":["Strike_B"],"damage_healed":0.0,"max_hp_gain":0.0,"max_hp_loss":0.0,"gold_gain":0.0,"event_name":"Golden Wing","player_choice":"Card Removal","floor":3.0,"gold_loss":0.0,"damage_taken":7.0},{"damage_healed":23.0,"max_hp_gain":0.0,"max_hp_loss":0.0,"gold_gain":0.0,"event_name":"Big Fish","player_choice":"Banana","floor":6.0,"gold_loss":0.0,"damage_taken":0.0}],"is_beta":false,"boss_relics":[],"items_purged_floors":[10],"is_endless":false,"potions_floor_spawned":[4,5,11],"killed_by":"3 Sentries","ascension_level":20}}