{"host":"258i9hh742n85m0z","time":1608794966,"event":{"mods":["Act Like it!","Aspiration","BaseMod","CapriCore","Challenge The Spire","Conspire","Decade(王小明)","Friendly Minions","Gensokyo","Hermit","HololiveMod","KinomotoSakuraMod(木之本樱)","Koishi","LagranYue(拉格朗・月)","Luminous","Minty Spire (QoL Compilation)","Prisma Mod","Quick Restart","Reimu（博丽灵梦）","Relic Stats","Remilia（蕾米莉亚）","Replay The Spire","RumiaBox-露米娅的神秘盒子","Spicy Shops","StSLib","The Alterego","The Bladedancer","The Bug Knight","The Cursed","The Gatherer","The Hierophant","The Immortal","The Poker Player","The Runesmith","The Senshi","The Servant 0.9.4","WarShipGirlsR/战舰少女R mod","Yohane!","Youmu（魂魄妖梦）","Yuri Mod","Yuyuko","【东方二次创作】八云紫mod","【遗物卡牌】REMEMod"],"gold_per_floor":[119,119,130,130,13,13,13,13,13,30,104,104,29,103,137,151,151,247,247,264,281,206,206,206,206,78,104,104,120,169,169,181,216,236,267,267,362,362,362,362],"floor_reached":39,"playtime":2207,"items_purged":["ReplayTheSpireMod:Restless Dread"],"score":483,"play_id":"39338a06-4a9a-4941-9fcc-dfa854b2743b","local_time":"20201224152926","is_ascension_mode":false,"campfire_choices":[{"data":"rmod:expedition","floor":6.0,"key":"SMITH"},{"data":"rmod:expedition+1","floor":9.0,"key":"SMITH"},{"data":"rmod:expedition+2","floor":17.0,"key":"SMITH"},{"floor":28.0,"key":"RECALL"},{"floor":31.0,"key":"REST"},{"floor":36,"key":"REST"}],"circlet_count":0,"master_deck":["rmod:strick","rmod:strick","rmod:defend","rmod:defend","rmod:defend","rmod:basicallowance","rmod:maingunfire","rmod:intelligenceanalysis","rmod:expedition+3","rmod:maintain"],"relics":["rmod:firstchargereward","REME_ComplimentaryCards","LagranYue:RandomDrawCardRelic","PrismaticShard","White Beast Statue","Runesmith:Nanobots","REME_DuelDisc","HornCleat","Quantum Egg","MealTicket","Ancient Tea Set","Tiny Chest","SlaversCollar"],"acts_visited":["Exordium","TheCity","TheBeyond"],"potions_floor_usage":[37],"damage_taken":[{"damage":0.0,"enemies":"Cultist","floor":1.0,"turns":4.0},{"damage":0.0,"enemies":"Jaw Worm","floor":3.0,"turns":4.0},{"damage":1.0,"enemies":"2 Louse","floor":10.0,"turns":3.0},{"damage":31.0,"enemies":"3 Sentries","floor":15.0,"turns":6.0},{"damage":4.0,"enemies":"Blue Slaver","floor":16.0,"turns":3.0},{"damage":20.0,"enemies":"Hexaghost","floor":18.0,"turns":13.0},{"damage":28.0,"enemies":"2 Thieves","floor":20.0,"turns":5.0},{"damage":1.0,"enemies":"Chosen","floor":21.0,"turns":3.0},{"damage":0.0,"enemies":"Book of Stabbing","floor":27.0,"turns":5.0},{"damage":3.0,"enemies":"Centurion and Healer","floor":29.0,"turns":5.0},{"damage":0.0,"enemies":"Snecko","floor":32.0,"turns":6.0},{"damage":0,"enemies":"HollowMod:Nosk","floor":33,"turns":9},{"damage":9,"enemies":"Chosen and Byrds","floor":34,"turns":6},{"damage":20,"enemies":"REME_1_Revenger","floor":35,"turns":6},{"damage":24,"enemies":"Collector","floor":37,"turns":6},{"damage":0,"enemies":"3 Darklings","floor":39,"turns":1}],"seed_played":"-8898136173438506940","potions_obtained":[{"floor":10.0,"key":"Weak Potion"},{"floor":15.0,"key":"BlessingOfTheForge"},{"floor":16.0,"key":"DistilledChaos"},{"floor":18.0,"key":"Languid Potion"},{"floor":20.0,"key":"Block Potion"},{"floor":21.0,"key":"LiquidMemories"},{"floor":27.0,"key":"SteroidPotion"},{"floor":29.0,"key":"Dexterity Potion"},{"floor":37,"key":"LiquidBronze"}],"is_trial":false,"path_per_floor":["M","?","M","?","$","R","PTL","PTL","R","M","T","?","$","T","E","M","R","B",null,"M","M","?","PTL","PTL","?","$","E","R","M","T","R","M","E","M","E","R","B",null,"M"],"character_chosen":"PRAEFECT","items_purchased":["rmod:expedition","HornCleat"],"campfire_rested":2,"item_purchase_floors":[5,26],"current_hp_per_floor":[82,82,82,82,82,82,82,82,82,81,81,81,81,81,50,46,46,26,82,54,53,53,53,53,53,53,53,53,50,50,74,74,74,65,45,69,45,82,82,82],"gold":362,"neow_bonus":"TEN_PERCENT_HP_BONUS","is_daily":false,"chose_seed":false,"campfire_upgraded":3,"win_rate":0.0,"timestamp":1608794966,"path_taken":["M","?","?","?","?","R","PTL","PTL","R","M","T","?","$","?","E","M","R","BOSS","M","M","?","PTL","PTL","?","$","E","R","M","T","R","M","E","M","E","R","BOSS","M"],"items_purchased_type":["Card","Relic"],"build_version":"2020-12-22","purchased_purges":1,"victory":false,"max_hp_per_floor":[82,82,82,82,82,82,82,82,82,82,82,82,82,82,82,82,82,82,82,82,82,82,82,82,82,82,82,82,82,82,82,82,82,82,82,82,82,82,82,82],"relic_stats":{"counters":[16,85],"MealTicket":0,"Tiny Chest":0,"obtain_stats":[{"Runesmith:Nanobots":15,"LagranYue:RandomDrawCardRelic":0,"Quantum Egg":27,"REME_DuelDisc":19,"PrismaticShard":12,"Ancient Tea Set":33,"White Beast Statue":14,"SlaversCollar":38,"HornCleat":26,"MealTicket":30,"Tiny Chest":35,"rmod:firstchargereward":0,"REME_ComplimentaryCards":0},{"Runesmith:Nanobots":4,"LagranYue:RandomDrawCardRelic":0,"Quantum Egg":9,"REME_DuelDisc":6,"PrismaticShard":3,"Ancient Tea Set":12,"White Beast Statue":3,"SlaversCollar":15,"HornCleat":8,"MealTicket":10,"Tiny Chest":14,"rmod:firstchargereward":0,"REME_ComplimentaryCards":0},{"Runesmith:Nanobots":17,"LagranYue:RandomDrawCardRelic":0,"Quantum Egg":46,"REME_DuelDisc":33,"PrismaticShard":11,"Ancient Tea Set":66,"White Beast Statue":11,"SlaversCollar":84,"HornCleat":41,"MealTicket":51,"Tiny Chest":78,"rmod:firstchargereward":0,"REME_ComplimentaryCards":0}]},"card_choices":[{"not_picked":["rmod:tearstotiara","rmod:luckystar","rmod:supportescort"],"picked":"SKIP","floor":1.0},{"not_picked":["rmod:supportescort","rmod:luckystar"],"picked":"rmod:intelligenceanalysis","floor":3.0},{"not_picked":["rmod:steelsupply","rmod:tearstotiara"],"picked":"rmod:maintain","floor":10.0},{"not_picked":["Yohane:Wrath","Unknown Petal","Runesmith:Grindstone"],"picked":"SKIP","floor":15.0},{"not_picked":["theSenshi:TallSilhouette","Hololive_WolfAndLamb","rmod:luckystar"],"picked":"SKIP","floor":16.0},{"not_picked":["ReplayGash","FormRideFlame+1","Power Through+1"],"picked":"SKIP","floor":20.0},{"not_picked":["LagranYue:PurpleNightmareCard","hierophant:Patience+1","Sword Boomerang"],"picked":"SKIP","floor":21.0},{"not_picked":["KamenRideRyuki+1","PrismaMod:MiyuEvokeBuffDex","Gash+1"],"picked":"SKIP","floor":27.0},{"not_picked":["Yohane:Schwarz_Sechs","TheCursedMod:Stretching","Genetic Algorithm"],"picked":"SKIP","floor":29.0},{"not_picked":["The Nether+1","Extrememeaning_purpleEX","Steam"],"picked":"SKIP","floor":32.0},{"not_picked":["HollowMod:MawleksShell+1","ThirdEye+1","Dancing Soul+1"],"picked":"SKIP","floor":33},{"not_picked":["Gatherer:ScrollOfWall","PokerPlayerMod:ClubShade+1","Gensokyo:MorningStar"],"picked":"SKIP","floor":34},{"not_picked":["yuri:Stalk+1","The Nether","BloodySeventeenLaser"],"picked":"SKIP","floor":35}],"player_experience":155286,"relics_obtained":[{"floor":14.0,"key":"White Beast Statue"},{"floor":15.0,"key":"Runesmith:Nanobots"},{"floor":27.0,"key":"Quantum Egg"},{"floor":30.0,"key":"MealTicket"},{"floor":33,"key":"Ancient Tea Set"},{"floor":35,"key":"Tiny Chest"}],"event_choices":[{"damage_healed":0.0,"max_hp_gain":0.0,"max_hp_loss":0.0,"gold_gain":0.0,"event_name":"NoteForYourself","player_choice":"Ignored","floor":2.0,"gold_loss":0.0,"damage_taken":0.0},{"cards_removed":["rmod:strick"],"damage_healed":0.0,"max_hp_gain":0.0,"max_hp_loss":0.0,"gold_gain":0.0,"event_name":"Purifier","player_choice":"Purged","floor":4.0,"gold_loss":0.0,"damage_taken":0.0},{"cards_removed":["rmod:defend"],"damage_healed":0.0,"max_hp_gain":0.0,"max_hp_loss":0.0,"gold_gain":0.0,"event_name":"Beggar","player_choice":"Gave Gold","floor":22.0,"gold_loss":75.0,"damage_taken":0.0},{"cards_removed":["rmod:strick"],"damage_healed":0.0,"max_hp_gain":0.0,"max_hp_loss":0.0,"gold_gain":0.0,"event_name":"Back to Basics","player_choice":"Elegance","floor":25.0,"gold_loss":0.0,"damage_taken":0.0}],"is_beta":false,"boss_relics":[{"not_picked":["conspire:RoyalGoblet","aspiration:SecretTechniqueScroll"],"picked":"REME_DuelDisc"},{"not_picked":["RedLine:ReiMu","rmod:mogul"],"picked":"SlaversCollar"}],"items_purged_floors":[13],"is_endless":false,"potions_floor_spawned":[10,15,16,18,20,21,27,29,32,33,34,35,37],"killed_by":"3 Darklings","ascension_level":0}}