{"host":"rwzz6mk6bpmb57ql","time":1608772652,"event":{"mods":["AchievementEnabler","BaseMod","BetterRewards","Colored Map","Highlight Path","Hubris","Minty Spire (QoL Compilation)","Replay The Spire","StSLib"],"gold_per_floor":[6612,6679,6271,6289,5172,5199,5209,5240,5322,5322,5322,5322,5342,5356,5356,5454,5454,5470,5470,5569,5094,5107,5140,5140,5172,5172,5172,5209,5246,5246,5264,5264,5368,5368,5392,4626,4638,4652,4652,4652,3963,3963,3963,3963,3565,3593,3593,3610,3610,3612,3612,3612,3170,3207,3209],"floor_reached":56,"playtime":3569,"items_purged":["Strike_G","Strike_G","Strike_G","Defend_G","Strike_G","Strike_G"],"score":2008,"play_id":"1dc3f3aa-e0e2-41ec-a1d0-40a7024733d5","local_time":"20201223191732","is_ascension_mode":true,"campfire_choices":[{"floor":10,"key":"RECALL"},{"data":"Mayhem","floor":12,"key":"SMITH"},{"data":"Survivor","floor":15,"key":"SMITH"},{"data":"Burst","floor":24,"key":"SMITH"},{"data":"Dodge and Roll","floor":27,"key":"SMITH"},{"data":"Dodge and Roll","floor":30,"key":"SMITH"},{"data":"Fluid Movement","floor":32,"key":"SMITH"},{"data":"Outmaneuver","floor":40,"key":"SMITH"},{"data":"Noxious Fumes","floor":42,"key":"SMITH"},{"data":"Neutralize","floor":47,"key":"SMITH"},{"data":"PiercingWail","floor":49,"key":"SMITH"},{"data":"Backflip","floor":52,"key":"SMITH"}],"circlet_count":0,"master_deck":["ReplayTheSpireMod:Brewmster+1","Defend_G+1","Defend_G+1","Defend_G+1","Defend_G+1","Survivor+1","Neutralize+1","Outmaneuver+1","Well Laid Plans","Fluid Movement+1","Mayhem+1","PiercingWail+1","Backflip+1","Burst+1","Dodge and Roll+1","Leg Sweep+1","Dodge and Roll+1","Outmaneuver+1","Fluid Movement+1","Corpse Explosion+1","Fluid Movement+1","Noxious Fumes+1"],"relics":["Ring of the Snake","SacredBark","Potion Belt","HornCleat","White Beast Statue","Lee\u0027s Waffle","hubris:64BitClover","Gremlin Horn","Potion Belt","ReplayFunnel","Coffee Dripper","TwistedFunnel","Centennial Puzzle","Replay:Bandana","MealTicket","Happy Flower","Pondfish Scales","Red Mask","Runic Dome","hubris:EmptyBottle","Vajra","Snack Pack","hubris:TinFlute","Sling","Juzu Bracelet","Omamori","Replay:Bottled Eggs","Blood Vial","hubris:BundleOfHerbs","Replay:Ringing Soul"],"acts_visited":[],"potions_floor_usage":[1,4,4,4,6,6,6,6,6,6,7,7,8,8,8,13,13,13,14,14,16,16,16,16,16,16,18,18,18,18,18,22,22,22,22,22,22,22,23,23,23,23,23,23,25,25,25,25,25,25,25,25,25,25,28,28,28,28,28,28,28,28,28,28,28,28,28,28,29,29,29,29,29,31,31,33,33,33,33,33,33,33,33,33,33,33,33,33,35,35,35,37,37,37,37,37,37,37,37,38,38,46,46,46,46,46,46,46,46,46,46,46,46,46,46,46,46,46,46,46,46,46,46,46,46,46,46,46,46,46,46,46,46,46,46,46,46,46,46,46,46,46,46,46,46,46,46,46,46,46,46,46,46,46,46,46,46,46,46,48,48,50,50,54,54,54,54,54,54,55,55,55,55,55,55,55,55,55,55,55,55,55,55,55,55,55,55,55,55,55,55,55,55],"damage_taken":[{"damage":7,"enemies":"2 Louse","floor":1,"turns":5},{"damage":0,"enemies":"Jaw Worm","floor":4,"turns":3},{"damage":0,"enemies":"3 Sentries","floor":6,"turns":7},{"damage":3,"enemies":"Small Slimes","floor":7,"turns":4},{"damage":0,"enemies":"Gremlin Nob","floor":8,"turns":2},{"damage":10,"enemies":"Red Slaver","floor":13,"turns":6},{"damage":3,"enemies":"Looter","floor":14,"turns":4},{"damage":19,"enemies":"Slime Boss","floor":16,"turns":7},{"damage":0,"enemies":"3 Byrds","floor":18,"turns":3},{"damage":0,"enemies":"Chosen","floor":22,"turns":8},{"damage":0,"enemies":"Book of Stabbing","floor":23,"turns":6},{"damage":0,"enemies":"Centurion and Healer","floor":25,"turns":12},{"damage":5,"enemies":"Gremlin Leader","floor":28,"turns":8},{"damage":0,"enemies":"Masked Bandits","floor":29,"turns":5},{"damage":0,"enemies":"Snake Plant","floor":31,"turns":5},{"damage":0,"enemies":"Collector","floor":33,"turns":7},{"damage":14,"enemies":"3 Darklings","floor":35,"turns":2},{"damage":4,"enemies":"3 Shapes","floor":37,"turns":3},{"damage":0,"enemies":"Sphere and 2 Shapes","floor":38,"turns":1},{"damage":0,"enemies":"Nemesis","floor":46,"turns":5},{"damage":0,"enemies":"3 Darklings","floor":48,"turns":3},{"damage":24,"enemies":"Donu and Deca","floor":50,"turns":1},{"damage":34,"enemies":"Shield and Spear","floor":54,"turns":6},{"damage":0,"enemies":"The Heart","floor":55,"turns":6}],"seed_played":"-1477910756982513924","potions_obtained":[{"floor":1,"key":"Death Potion"},{"floor":2,"key":"Languid Potion"},{"floor":4,"key":"SkillPotion"},{"floor":6,"key":"SteroidPotion"},{"floor":7,"key":"SkillPotion"},{"floor":8,"key":"Dexterity Potion"},{"floor":13,"key":"ColorlessPotion"},{"floor":14,"key":"Strength Potion"},{"floor":16,"key":"Strength Potion"},{"floor":18,"key":"DuplicationPotion"},{"floor":22,"key":"LifebloodPotion"},{"floor":23,"key":"AttackPotion"},{"floor":25,"key":"Energy Potion"},{"floor":28,"key":"SteroidPotion"},{"floor":29,"key":"Poison Potion"},{"floor":31,"key":"Venom Potion"},{"floor":33,"key":"SneckoOil"},{"floor":35,"key":"SteroidPotion"},{"floor":37,"key":"SkillPotion"},{"floor":38,"key":"FearPotion"},{"floor":46,"key":"ColorlessPotion"},{"floor":48,"key":"LiquidBronze"},{"floor":54,"key":"Adrenaline Potion"}],"is_trial":false,"path_per_floor":["M","?","$","M","$","E","M","E","T","R","?","R","M","M","R","B",null,"M","?","?","$","M","E","R","M","T","R","E","?","R","M","R","B",null,"M","$","M","M","?","R","$","R","T","?","$","E","R","M","R","B",null,"R","$","E","B",null],"character_chosen":"THE_SILENT","items_purchased":["White Beast Statue","EssenceOfSteel","Fluid Movement","Lee\u0027s Waffle","hubris:64BitClover","Gremlin Horn","Fire Potion","Mayhem","Dodge and Roll","TwistedFunnel","Centennial Puzzle","hubris:EmptyBottle","Vajra","Snack Pack","Energy Potion","Noxious Fumes","hubris:TinFlute","Sling","PowerPotion","Omamori","Explosive Potion","Blood Vial","hubris:BundleOfHerbs"],"campfire_rested":0,"item_purchase_floors":[3,3,5,5,5,5,5,5,21,21,21,36,36,36,36,41,41,41,41,45,45,53,53],"current_hp_per_floor":[133,98,98,98,147,147,144,144,144,144,144,144,147,144,144,125,142,142,142,142,142,142,147,147,147,147,147,142,142,142,147,147,147,147,133,147,143,143,143,143,147,147,147,147,147,147,147,147,147,123,141,141,147,113,115],"gold":3209,"neow_bonus":"THREE_CARDS","is_daily":false,"chose_seed":false,"campfire_upgraded":11,"win_rate":0.0,"timestamp":1608772652,"path_taken":["M","?","$","M","$","E","M","E","T","R","?","R","M","?","R","BOSS","M","?","?","$","M","E","R","M","T","R","E","?","R","M","R","BOSS","M","$","M","M","?","R","?","R","T","?","$","E","R","M","R","BOSS","R","$","E","BOSS"],"items_purchased_type":["Relic","Potion","Card","Relic","Relic","Relic","Potion","Card","Card","Relic","Relic","Relic","Relic","Relic","Potion","Card","Relic","Relic","Potion","Relic","Potion","Relic","Relic"],"build_version":"2020-12-22","purchased_purges":6,"victory":true,"max_hp_per_floor":[140,140,140,140,147,147,147,147,147,147,147,147,147,147,147,147,147,147,147,147,147,147,147,147,147,147,147,147,147,147,147,147,147,147,147,147,147,147,147,147,147,147,147,147,147,147,147,147,147,147,147,147,147,147,147],"card_choices":[{"not_picked":["Quick Slash","hubris:Sniper"],"picked":"Acrobatics","floor":0},{"not_picked":["Bane","Flying Knee","Underhanded Strike"],"picked":"SKIP","floor":1},{"not_picked":["Deflect","Dagger Spray"],"picked":"Outmaneuver","floor":2},{"not_picked":["Finisher","Outmaneuver"],"picked":"Well Laid Plans","floor":4},{"not_picked":["Tactician","Distraction"],"picked":"PiercingWail","floor":6},{"not_picked":["Cloak And Dagger","Crippling Poison","Hidden Blade"],"picked":"SKIP","floor":7},{"not_picked":["Sucker Punch","ReplayTheSpireMod:Necrosis"],"picked":"Backflip","floor":8},{"not_picked":["Prepared","Quick Slash","Sucker Punch"],"picked":"SKIP","floor":13},{"not_picked":["Escape Plan","Blade Dance","PiercingWail"],"picked":"SKIP","floor":14},{"not_picked":["ReplayTheSpireMod:From All Sides","Night Terror"],"picked":"Burst","floor":16},{"not_picked":["Replay:Poison Smokescreen+1","Hidden Blade","Flying Knee+1"],"picked":"SKIP","floor":18},{"not_picked":["hubris:SlightOfHand","All Out Attack"],"picked":"Leg Sweep+1","floor":22},{"not_picked":["ReplayTheSpireMod:Scrap Shanks","Sucker Punch+1"],"picked":"Dodge and Roll","floor":23},{"not_picked":["Setup","PiercingWail"],"picked":"Outmaneuver+1","floor":25},{"not_picked":["Choke","Setup+1","Leg Sweep+1"],"picked":"SKIP","floor":28},{"not_picked":["Glass Knife","PiercingWail"],"picked":"Fluid Movement","floor":31},{"not_picked":["Doppelganger","Grand Finale"],"picked":"Corpse Explosion","floor":33},{"not_picked":["ReplayTheSpireMod:The Works+1","Underhanded Strike+1","Dagger Spray"],"picked":"SKIP","floor":35},{"not_picked":["Underhanded Strike","Dagger Spray+1","All Out Attack"],"picked":"SKIP","floor":37},{"not_picked":["PiercingWail","Slice"],"picked":"Fluid Movement+1","floor":38},{"not_picked":["Eviscerate+1","Calculated Gamble+1","Dodge and Roll"],"picked":"SKIP","floor":46},{"not_picked":["Cloak And Dagger+1","Deadly Poison+1","Toxin Wave+1"],"picked":"SKIP","floor":48},{"not_picked":["Endless Agony+1","Replay:Bag of Tricks","Sucker Punch+1"],"picked":"SKIP","floor":54}],"player_experience":119366,"relics_obtained":[{"floor":2,"key":"HornCleat"},{"floor":6,"key":"Potion Belt"},{"floor":8,"key":"ReplayFunnel"},{"floor":23,"key":"Replay:Bandana"},{"floor":25,"key":"MealTicket"},{"floor":26,"key":"Happy Flower"},{"floor":28,"key":"Pondfish Scales"},{"floor":29,"key":"Red Mask"},{"floor":43,"key":"Juzu Bracelet"},{"floor":46,"key":"Replay:Bottled Eggs"},{"floor":54,"key":"Replay:Ringing Soul"}],"event_choices":[{"damage_healed":0,"gold_gain":0,"player_choice":"Forge","damage_taken":0,"max_hp_gain":0,"max_hp_loss":0,"event_name":"Accursed Blacksmith","floor":11,"gold_loss":0,"cards_upgraded":["Fluid Movement"]},{"damage_healed":0,"gold_gain":0,"player_choice":"Ignored","damage_taken":0,"max_hp_gain":0,"max_hp_loss":0,"event_name":"The Mausoleum","floor":19,"gold_loss":0},{"damage_healed":0,"gold_gain":99,"player_choice":"Stole From Cult","damage_taken":0,"max_hp_gain":0,"max_hp_loss":0,"event_name":"Nest","floor":20,"gold_loss":0},{"damage_healed":0,"gold_gain":0,"player_choice":"Fought Bandits","damage_taken":0,"max_hp_gain":0,"max_hp_loss":0,"event_name":"Masked Bandits","floor":29,"gold_loss":0},{"damage_healed":0,"gold_gain":0,"player_choice":"Upgraded","damage_taken":0,"max_hp_gain":0,"max_hp_loss":0,"event_name":"Upgrade Shrine","floor":39,"gold_loss":0,"cards_upgraded":["Corpse Explosion"]},{"cards_removed":["Acrobatics"],"damage_healed":0,"gold_gain":0,"player_choice":"Removed Skill","damage_taken":0,"max_hp_gain":0,"max_hp_loss":0,"event_name":"Falling","floor":44,"gold_loss":0}],"is_beta":false,"boss_relics":[{"not_picked":["ChewingGum","Honey Jar"],"picked":"Coffee Dripper"},{"not_picked":["Sozu","Astrolabe"],"picked":"Runic Dome"}],"items_purged_floors":[3,5,21,36,41,45],"is_endless":false,"potions_floor_spawned":[1,4,6,7,8,13,14,16,18,22,23,25,28,29,31,33,35,37,38,46,48,54],"ascension_level":5}}