{"host":"18wi9kpcl4eah7pe","time":1608829654,"event":{"mods":["BaseMod","Colored Powertips","Downfall","Minty Spire (QoL Compilation)","StSLib"],"gold_per_floor":[199,219,211,239,285,312,312,355,383,408,426,127,52,52,68,167,167,17,28,48,148,133,145,145,145,145,62,62,92,125,137,150,253,253,253,268,315,315,0,0,0,0,50,62,62,79,114,133,144,144,144,144,144,144],"floor_reached":52,"playtime":3627,"items_purged":[],"score":806,"play_id":"eb9dc34a-555a-4a20-8427-e16dc0df3b46","local_time":"20201224110734","is_ascension_mode":false,"campfire_choices":[{"floor":1,"key":"RECALL"},{"floor":13,"key":"REST"},{"data":"hexamod:EmpoweringStance","floor":18,"key":"SMITH"},{"floor":25,"key":"REST"},{"data":"hexamod:TimeOfNeed","floor":35,"key":"SMITH"},{"data":"hexamod:ParanormalForm","floor":42,"key":"SMITH"},{"data":"expansioncontent:AwakenDeath","floor":45,"key":"SMITH"}],"circlet_count":0,"master_deck":["hexamod:Strike+1","hexamod:Strike+1","hexamod:Strike+1","hexamod:Strike","hexamod:Defend+1","hexamod:Defend","hexamod:Defend+1","hexamod:Defend+1","hexamod:Sear+1","hexamod:Float+1","hexamod:SwordOfDarkness+1","hexamod:ThermalTransfer+1","hexamod:FourthSeal","hexamod:FlamesFromBeyond+1","hexamod:InspiringFlames+1","hexamod:SwordOfDarkness+1","hexamod:Firestarter+1","hexamod:EmpoweredFlame+1","hexamod:SixthSeal","hexamod:SpectersWail+1","hexamod:EmpoweringStance+1","hexamod:SpectralAdrenaline+1","hexamod:HeatShield","hexamod:GhostLash+1","hexamod:ThermalTransfer+1","hexamod:TimeOfNeed+1","HandOfGreed+1","RitualDagger+1","hexamod:StepThrough+1","hexamod:ExtraCrispy+1","hexamod:HeatMetal+1","hexamod:ShieldOfDarkness+1","hexamod:UnleashSpirits+1","hexamod:PhantomCloak+1","hexamod:NightmareGuise+1","hexamod:ParanormalForm+1","expansioncontent:AwakenDeath+1","hexamod:FourthSeal","hexamod:GhostShield+1","hexamod:Hexaguard+1","hexamod:NightmareStrike+1","hexamod:StepThrough+1","hexamod:RecurringNightmare+1","hexamod:Hexaguard+1","hexamod:GhostOfSpirePresent+1","hexamod:SwordOfDarkness+1","hexamod:AdvancingGuard+1"],"relics":["hexamod:SpiritBrand","HornCleat","Molten Egg 2","Omamori","downfall:HeartBlessingGreen","hexamod:IceCube","downfall:HeartBlessingRed","downfall:HeartBlessingBlue","Mercury Hourglass","Toxic Egg 2","Red Mask","Matryoshka","Calling Bell","Nunchaku","Meat on the Bone","FossilizedHelix","Thread and Needle","Sling","Shuriken","Bottled Lightning","Prayer Wheel","Du-Vu Doll"],"acts_visited":["Exordium","TheCity","TheBeyond","TheEnding"],"potions_floor_usage":[9,11,15,16,16,20,20,22,22,23,29,29,30,31,32,32,32,33,33,33,36,37,37,38,46,46,47,47,48,48,50],"damage_taken":[{"damage":0,"enemies":"Small Slimes","floor":2,"turns":3},{"damage":5,"enemies":"Jaw Worm","floor":4,"turns":3},{"damage":0,"enemies":"Cultist","floor":6,"turns":3},{"damage":13,"enemies":"3 Sentries","floor":8,"turns":9},{"damage":0,"enemies":"Lots of Slimes","floor":9,"turns":4},{"damage":1,"enemies":"Exordium Wildlife","floor":10,"turns":3},{"damage":0,"enemies":"Gremlin Gang","floor":11,"turns":3},{"damage":0,"enemies":"downfall:FleeingMerchant","floor":12,"turns":4},{"damage":0,"enemies":"3 Louse","floor":15,"turns":3},{"damage":45,"enemies":"downfall:Defect","floor":16,"turns":6},{"damage":2,"enemies":"Shell Parasite","floor":19,"turns":5},{"damage":6,"enemies":"Spheric Guardian","floor":20,"turns":4},{"damage":6,"enemies":"downfall:FleeingMerchant","floor":22,"turns":4},{"damage":10,"enemies":"Centurion and Healer","floor":23,"turns":6},{"damage":0,"enemies":"downfall:FleeingMerchant","floor":27,"turns":4},{"damage":0,"enemies":"Masked Bandits","floor":29,"turns":3},{"damage":12,"enemies":"Gremlin Leader","floor":30,"turns":4},{"damage":0,"enemies":"Snecko","floor":31,"turns":4},{"damage":0,"enemies":"3 Cultists","floor":32,"turns":4},{"damage":24,"enemies":"downfall:Ironclad","floor":33,"turns":7},{"damage":18,"enemies":"3 Darklings","floor":36,"turns":4},{"damage":0,"enemies":"2 Orb Walkers","floor":37,"turns":5},{"damage":0,"enemies":"3 Shapes","floor":38,"turns":1},{"damage":0,"enemies":"Mind Bloom Boss Battle","floor":43,"turns":7},{"damage":15,"enemies":"Writhing Mass","floor":44,"turns":6},{"damage":0,"enemies":"Spire Growth","floor":46,"turns":4},{"damage":0,"enemies":"Giant Head","floor":47,"turns":7},{"damage":38,"enemies":"Transient","floor":48,"turns":5},{"damage":13,"enemies":"Sphere and 2 Shapes","floor":49,"turns":7},{"damage":0,"enemies":"downfall:Watcher","floor":50,"turns":8},{"damage":169,"enemies":"downfall:CharBossMerchant","floor":52,"turns":8}],"seed_played":"-2739643185944481432","potions_obtained":[{"floor":4,"key":"EssenceOfSteel"},{"floor":6,"key":"GamblersBrew"},{"floor":8,"key":"Slimebound:ThreeZeroPotion"},{"floor":9,"key":"Fire Potion"},{"floor":10,"key":"Dexterity Potion"},{"floor":10,"key":"DuplicationPotion"},{"floor":11,"key":"EssenceOfSteel"},{"floor":12,"key":"LiquidMemories"},{"floor":15,"key":"ColorlessPotion"},{"floor":16,"key":"Slimebound:ThreeZeroPotion"},{"floor":16,"key":"Ancient Potion"},{"floor":19,"key":"ColorlessPotion"},{"floor":20,"key":"FearPotion"},{"floor":22,"key":"DuplicationPotion"},{"floor":23,"key":"Ancient Potion"},{"floor":23,"key":"Weak Potion"},{"floor":27,"key":"EssenceOfSteel"},{"floor":29,"key":"Fire Potion"},{"floor":30,"key":"GamblersBrew"},{"floor":30,"key":"ColorlessPotion"},{"floor":31,"key":"LiquidBronze"},{"floor":31,"key":"EntropicBrew"},{"floor":33,"key":"BlessingOfTheForge"},{"floor":36,"key":"Swift Potion"},{"floor":36,"key":"hexamod:EctoCoolerPotion"},{"floor":37,"key":"SmokeBomb"},{"floor":43,"key":"Ancient Potion"},{"floor":44,"key":"DistilledChaos"},{"floor":44,"key":"sneckomod:MuddlingPotion"},{"floor":44,"key":"AttackPotion"},{"floor":46,"key":"Block Potion"},{"floor":46,"key":"Explosive Potion"},{"floor":47,"key":"Weak Potion"},{"floor":47,"key":"Slimebound:ThreeZeroPotion"},{"floor":48,"key":"LiquidMemories"},{"floor":49,"key":"BlessingOfTheForge"}],"is_trial":false,"path_per_floor":["R","M","?","M","T","M","T","E","M","M","M","$","R","?","M","B",null,"R","M","M","?","$","M","T","R","?","$","?","?","E","M","M","B",null,"R","M","?","M","$","?","T","R","?","M","R","M","E","M","M","B",null,"E"],"character_chosen":"THE_SPIRIT","items_purchased":["Omamori","hexamod:SixthSeal","Toxic Egg 2","HandOfGreed+1","Sling","hexamod:ParanormalForm"],"campfire_rested":2,"item_purchase_floors":[12,12,27,27,39,39],"current_hp_per_floor":[70,70,70,65,65,65,65,52,52,51,51,51,70,70,70,25,70,80,78,72,72,66,56,56,80,80,80,74,74,62,62,62,53,80,80,62,62,62,62,62,62,62,62,47,47,47,47,21,20,32,80,0,0,0],"gold":144,"neow_bonus":"HUNDRED_GOLD","is_daily":false,"chose_seed":false,"campfire_upgraded":4,"win_rate":0.0,"timestamp":1608829654,"path_taken":["R","M","?","M","?","?","T","E","?","M","M","?","R","?","M","BOSS","R","M","?","?","$","M","T","R","?","$","?","?","E","?","M","BOSS","R","M","?","M","$","?","T","R","?","M","R","M","E","M","M","BOSS","E"],"items_purchased_type":["Relic","Card","Relic","Card","Relic","Card"],"build_version":"2020-12-22","purchased_purges":0,"victory":false,"max_hp_per_floor":[70,70,70,70,70,70,70,70,70,70,70,70,70,70,70,70,70,80,80,80,80,80,80,80,80,80,80,80,80,80,80,80,80,80,80,80,80,80,80,80,80,80,80,80,80,80,80,80,80,80,80,80,80,80],"card_choices":[{"not_picked":["hexamod:NightmareStrike","hexamod:FlamesFromBeyond"],"picked":"hexamod:SwordOfDarkness","floor":2},{"not_picked":["hexamod:FastForward","hexamod:InspiringFlames"],"picked":"hexamod:ThermalTransfer","floor":4},{"not_picked":["hexamod:ThermalTransfer","hexamod:StepThrough"],"picked":"hexamod:FourthSeal","floor":6},{"not_picked":["hexamod:NightmareGuise","hexamod:GhostShield"],"picked":"hexamod:FlamesFromBeyond","floor":8},{"not_picked":["hexamod:SpectersWail+1","hexamod:GhostLash+1"],"picked":"hexamod:InspiringFlames","floor":9},{"not_picked":["hexamod:AdvancingGuard","hexamod:TurnItUp"],"picked":"hexamod:SwordOfDarkness+1","floor":10},{"not_picked":["hexamod:ThermalTransfer+1","hexamod:InspiringFlames"],"picked":"hexamod:Firestarter+1","floor":11},{"not_picked":["hexamod:ShieldOfDarkness","hexamod:PowerFromBeyond"],"picked":"hexamod:EmpoweredFlame","floor":12},{"not_picked":["hexamod:BurningTouch","hexamod:RainOfEmbers+1"],"picked":"hexamod:SpectersWail+1","floor":15},{"not_picked":["hexamod:VolcanoVisage","hexamod:CrushingStance+1"],"picked":"hexamod:EmpoweringStance","floor":16},{"not_picked":["hexamod:SkipABeat+1","hexamod:Incineration+1"],"picked":"hexamod:SpectralAdrenaline","floor":19},{"not_picked":["hexamod:HauntingEcho+1","hexamod:BacktrackSmack+1"],"picked":"hexamod:HeatShield","floor":20},{"not_picked":["hexamod:RetreatToShadows","hexamod:FlamesFromBeyond"],"picked":"hexamod:GhostLash+1","floor":22},{"not_picked":["hexamod:NecessarySacrifice","hexamod:SecondSeal"],"picked":"hexamod:ThermalTransfer+1","floor":23},{"not_picked":["hexamod:InspiringFlames+1","hexamod:BurningTouch+1"],"picked":"hexamod:TimeOfNeed","floor":27},{"not_picked":["hexamod:Hexaguard+1","hexamod:BurningTouch+1"],"picked":"hexamod:StepThrough+1","floor":29},{"not_picked":["hexamod:ChargedBarrage+1","hexamod:EtherealExpedition+1"],"picked":"hexamod:ExtraCrispy","floor":30},{"not_picked":["hexamod:InspiringFlames+1","hexamod:SwordOfDarkness+1"],"picked":"hexamod:HeatMetal+1","floor":31},{"not_picked":["hexamod:HauntingEcho+1","hexamod:FastForward+1"],"picked":"hexamod:ShieldOfDarkness+1","floor":32},{"not_picked":["hexamod:EmpoweringStance","hexamod:HexaLevel"],"picked":"hexamod:UnleashSpirits+1","floor":33},{"not_picked":["hexamod:NecessarySacrifice+1","hexamod:BacktrackSmack+1"],"picked":"hexamod:PhantomCloak+1","floor":36},{"not_picked":["hexamod:NightmareStrike+1","hexamod:SwordOfDarkness+1"],"picked":"hexamod:NightmareGuise+1","floor":37},{"not_picked":["expansioncontent:GoopSpray+1","expansioncontent:SlimeTackle+1"],"picked":"expansioncontent:AwakenDeath","floor":40},{"not_picked":["hexamod:BacktrackSmack+1","hexamod:RainOfEmbers+1"],"picked":"hexamod:FourthSeal","floor":43},{"not_picked":["hexamod:SecondSeal","hexamod:DynamicBlow+1"],"picked":"hexamod:GhostShield+1","floor":44},{"not_picked":["hexamod:SpectersWail+1","hexamod:GhostLash+1"],"picked":"hexamod:Hexaguard+1","floor":44},{"not_picked":["hexamod:Hexaguard+1","hexamod:Rewind+1"],"picked":"hexamod:NightmareStrike+1","floor":46},{"not_picked":["hexamod:GhostOfSpirePast","hexamod:InspiringFlames+1"],"picked":"hexamod:StepThrough+1","floor":46},{"not_picked":["hexamod:HexaLevel","hexamod:SecondSeal"],"picked":"hexamod:RecurringNightmare+1","floor":47},{"not_picked":["hexamod:Incineration+1","hexamod:FastForward+1"],"picked":"hexamod:Hexaguard+1","floor":48},{"not_picked":["hexamod:Hexaguard+1","hexamod:InspiringFlames+1"],"picked":"hexamod:GhostOfSpirePresent+1","floor":48},{"not_picked":["hexamod:StepThrough+1","hexamod:ThermalTransfer+1"],"picked":"hexamod:SwordOfDarkness+1","floor":49},{"not_picked":["hexamod:SecondSeal","hexamod:BacktrackSmack+1"],"picked":"hexamod:AdvancingGuard+1","floor":49}],"player_experience":845541,"relics_obtained":[{"floor":7,"key":"HornCleat"},{"floor":8,"key":"Molten Egg 2"},{"floor":24,"key":"Mercury Hourglass"},{"floor":29,"key":"Red Mask"},{"floor":30,"key":"Matryoshka"},{"floor":34,"key":"Nunchaku"},{"floor":34,"key":"Meat on the Bone"},{"floor":34,"key":"FossilizedHelix"},{"floor":37,"key":"Thread and Needle"},{"floor":41,"key":"Shuriken"},{"floor":41,"key":"Bottled Lightning"},{"floor":43,"key":"Prayer Wheel"},{"floor":47,"key":"Du-Vu Doll"}],"event_choices":[{"cards_removed":["hexamod:SecondSeal"],"damage_healed":0,"gold_gain":0,"player_choice":"Offered Uncommon","damage_taken":0,"max_hp_gain":0,"max_hp_loss":0,"event_name":"Bonfire Elementals","floor":14,"gold_loss":0},{"damage_healed":0,"gold_gain":0,"player_choice":"Fought Bandits","damage_taken":0,"max_hp_gain":0,"max_hp_loss":0,"event_name":"Masked Bandits","floor":29,"gold_loss":0},{"damage_healed":0,"gold_gain":0,"player_choice":"Fight","damage_taken":0,"max_hp_gain":0,"max_hp_loss":0,"event_name":"Mysterious Sphere","floor":37,"gold_loss":0}],"is_beta":false,"boss_relics":[{"not_picked":["Runic Dome","Philosopher\u0027s Stone"],"picked":"hexamod:IceCube"},{"not_picked":["Coffee Dripper","Pandora\u0027s Box"],"picked":"Calling Bell"}],"items_purged_floors":[],"is_endless":false,"potions_floor_spawned":[4,6,10,15,16,19,30,31,32,36,44,48],"killed_by":"downfall:CharBossMerchant","ascension_level":0}}