{"host":"4nqeo0vu1vuav7gg","time":1608810923,"event":{"mods":["AchievementEnabler","BaseMod","Block Reminder","Colored Map","Colored Powertips","Highlight Path","Minty Spire (QoL Compilation)","Quick Restart","Rare Cards Sparkle","Relic Relevance Reorder","StSLib"],"gold_per_floor":[114,114,264,26,45,45,70,81,81,122,207,239,263,295,307,396,408,440,469,481,512,524,524],"floor_reached":22,"playtime":994,"items_purged":["Doubt"],"score":401,"play_id":"f28494d4-46c9-4370-97bc-00d083d2da6a","local_time":"20201224125523","is_ascension_mode":true,"campfire_choices":[{"data":"Zap","floor":6.0,"key":"SMITH"},{"floor":15.0,"key":"REST"}],"circlet_count":0,"master_deck":["AscendersBane","Strike_B","Strike_B","Strike_B","Strike_B","Defend_B","Defend_B","Defend_B","Defend_B","Zap+1","Dualcast","Compile Driver","Go for the Eyes","Capacitor","Conserve Battery","Static Discharge","Glacier","Thunder Strike","Barrage","Storm","Decay","Sunder"],"relics":["Cracked Core","Sozu","NeowsBlessing","Blood Vial","White Beast Statue","MawBank","Matryoshka","Boot"],"acts_visited":["Exordium","TheCity"],"potions_floor_usage":[],"damage_taken":[{"damage":0.0,"enemies":"Small Slimes","floor":1.0,"turns":1.0},{"damage":0.0,"enemies":"Jaw Worm","floor":5.0,"turns":1.0},{"damage":0.0,"enemies":"3 Sentries","floor":7.0,"turns":1.0},{"damage":1.0,"enemies":"Cultist","floor":8.0,"turns":3.0},{"damage":25.0,"enemies":"Lagavulin","floor":10.0,"turns":6.0},{"damage":2.0,"enemies":"Exordium Thugs","floor":12.0,"turns":4.0},{"damage":7.0,"enemies":"Exordium Wildlife","floor":13.0,"turns":4.0},{"damage":15.0,"enemies":"3 Louse","floor":14.0,"turns":3.0},{"damage":41.0,"enemies":"Hexaghost","floor":16.0,"turns":14.0},{"damage":10.0,"enemies":"Spheric Guardian","floor":18.0,"turns":6.0},{"damage":14.0,"enemies":"2 Thieves","floor":19.0,"turns":5.0},{"damage":24.0,"enemies":"Centurion and Healer","floor":21.0,"turns":6.0},{"damage":16,"enemies":"Shelled Parasite and Fungi","floor":22,"turns":3}],"seed_played":"4118561486856803398","potions_obtained":[{"floor":1.0,"key":"FocusPotion"},{"floor":7.0,"key":"BlessingOfTheForge"},{"floor":10.0,"key":"Block Potion"},{"floor":12.0,"key":"Ancient Potion"},{"floor":16.0,"key":"Swift Potion"}],"is_trial":false,"path_per_floor":["M","?","?","$","M","R","E","M","T","E","T","M","M","M","R","B",null,"M","M","?","M","M"],"character_chosen":"DEFECT","items_purchased":["Blood Vial"],"campfire_rested":1,"item_purchase_floors":[4],"current_hp_per_floor":[64,64,64,64,66,66,68,69,69,46,46,46,41,28,49,10,56,48,36,36,14,0,0],"gold":524,"neow_bonus":"THREE_ENEMY_KILL","is_daily":false,"chose_seed":false,"campfire_upgraded":1,"win_rate":0.0,"timestamp":1608810923,"path_taken":["M","?","?","?","?","R","E","M","T","E","?","M","M","M","R","BOSS","M","M","?","M","M"],"items_purchased_type":["Relic"],"build_version":"2020-12-22","purchased_purges":1,"victory":false,"max_hp_per_floor":[71,71,71,71,71,71,71,71,71,71,71,71,71,71,71,71,71,71,71,71,71,71,71],"card_choices":[{"not_picked":["Tempest","Hello World"],"picked":"Compile Driver","floor":1.0},{"not_picked":["White Noise","Skim"],"picked":"Go for the Eyes","floor":5.0},{"not_picked":["Steam Power","Turbo","Leap"],"picked":"SKIP","floor":7.0},{"not_picked":["Rip and Tear","Stack"],"picked":"Capacitor","floor":8.0},{"not_picked":["Chaos","Redo"],"picked":"Conserve Battery","floor":10.0},{"not_picked":["Double Energy","Streamline"],"picked":"Static Discharge","floor":12.0},{"not_picked":["Barrage","Go for the Eyes"],"picked":"Glacier","floor":13.0},{"not_picked":["Hologram","Steam Power","Steam"],"picked":"SKIP","floor":14.0},{"not_picked":["Multi-Cast","Hyperbeam"],"picked":"Thunder Strike","floor":16.0},{"not_picked":["White Noise","Hologram+1"],"picked":"Barrage","floor":18.0},{"not_picked":["Lockon","Ball Lightning"],"picked":"Storm","floor":19.0},{"not_picked":["Hologram","Sweeping Beam+1"],"picked":"Sunder","floor":21.0}],"player_experience":989776,"relics_obtained":[{"floor":7.0,"key":"White Beast Statue"},{"floor":9.0,"key":"MawBank"},{"floor":10.0,"key":"Boot"},{"floor":11.0,"key":"Matryoshka"}],"event_choices":[{"damage_healed":0.0,"max_hp_gain":0.0,"max_hp_loss":0.0,"gold_gain":0.0,"event_name":"Golden Wing","player_choice":"Ignored","floor":2.0,"gold_loss":0.0,"damage_taken":0.0},{"damage_healed":0.0,"max_hp_gain":0.0,"max_hp_loss":0.0,"gold_gain":150.0,"event_name":"Liars Game","player_choice":"AGREE","floor":3.0,"gold_loss":0.0,"damage_taken":0.0,"cards_obtained":["Doubt"]},{"damage_healed":0.0,"max_hp_gain":0.0,"max_hp_loss":0.0,"gold_gain":0.0,"event_name":"Forgotten Altar","player_choice":"Smashed Altar","floor":20.0,"gold_loss":0.0,"damage_taken":0.0,"cards_obtained":["Decay"]}],"is_beta":false,"boss_relics":[{"not_picked":["Ectoplasm","Runic Pyramid"],"picked":"Sozu"}],"items_purged_floors":[4],"is_endless":false,"potions_floor_spawned":[1,7,8,10,12,13,14,16,18,19,21],"killed_by":"Shelled Parasite and Fungi","ascension_level":16}}