{"host":"bg8va46pgqgvtzim","time":1608799317,"event":{"mods":["BaseMod","Minty Spire (QoL Compilation)","Quick Restart","StSLib","SuperFastMode"],"gold_per_floor":[112,123,139,154,164,197,197,49,96,96,116,127,158,233,233,328,328,344,54,67,67,77,77,88,88,88,120,120,134,134,161,161,264,264,275,124,141,155,207,241,241,241,241,32,45,45,45,63,63,63,63,63,14,48,48],"floor_reached":56,"playtime":1670,"items_purged":["Strike_G","Strike_G","Strike_G"],"score":1275,"play_id":"95991d09-1874-4758-bd97-ec8a244c0adf","local_time":"20201224164157","is_ascension_mode":true,"campfire_choices":[{"data":"Flechettes","floor":7.0,"key":"SMITH"},{"data":"Blade Dance","floor":10.0,"key":"SMITH"},{"data":"A Thousand Cuts","floor":15.0,"key":"SMITH"},{"data":"Tactician","floor":23.0,"key":"SMITH"},{"data":"Prepared","floor":25.0,"key":"SMITH"},{"data":"Well Laid Plans","floor":28.0,"key":"SMITH"},{"data":"Footwork","floor":32.0,"key":"SMITH"},{"data":"Reflex","floor":42,"key":"SMITH"},{"data":"Terror","floor":47,"key":"SMITH"},{"floor":49,"key":"RECALL"},{"data":"Prepared","floor":52,"key":"SMITH"}],"circlet_count":0,"master_deck":["Strike_G","Strike_G","Defend_G","Defend_G","Defend_G","Defend_G","Defend_G","Survivor","Neutralize","Die Die Die","Blade Dance+1","Well Laid Plans+1","Flechettes+1","Terror+1","A Thousand Cuts+1","Tools of the Trade","Tactician+1","Prepared+1","Footwork+1","A Thousand Cuts","Backflip+1","Reflex+1","Acrobatics+1","Concentrate","Flash of Steel","Prepared+1","Reflex"],"relics":["Ring of the Snake","Ornamental Fan","Bag of Preparation","InkBottle","HoveringKite","Lantern","Vajra","Oddly Smooth Stone","Paper Crane","WristBlade","Orrery","Thread and Needle","Letter Opener","Membership Card","Centennial Puzzle"],"acts_visited":["Exordium","TheCity","TheBeyond","TheEnding"],"potions_floor_usage":[45,50,55,55,55],"damage_taken":[{"damage":0.0,"enemies":"Cultist","floor":1.0,"turns":4.0},{"damage":5.0,"enemies":"Small Slimes","floor":2.0,"turns":2.0},{"damage":0.0,"enemies":"Jaw Worm","floor":3.0,"turns":3.0},{"damage":7.0,"enemies":"Blue Slaver","floor":4.0,"turns":5.0},{"damage":0.0,"enemies":"Large Slime","floor":5.0,"turns":5.0},{"damage":5.0,"enemies":"3 Sentries","floor":6.0,"turns":8.0},{"damage":0.0,"enemies":"Exordium Wildlife","floor":11.0,"turns":2.0},{"damage":5.0,"enemies":"Red Slaver","floor":12.0,"turns":4.0},{"damage":22.0,"enemies":"Gremlin Nob","floor":13.0,"turns":4.0},{"damage":4.0,"enemies":"Slime Boss","floor":16.0,"turns":7.0},{"damage":8.0,"enemies":"3 Byrds","floor":18.0,"turns":3.0},{"damage":0.0,"enemies":"Shell Parasite","floor":20.0,"turns":3.0},{"damage":11.0,"enemies":"Snake Plant","floor":22.0,"turns":3.0},{"damage":8.0,"enemies":"Centurion and Healer","floor":24.0,"turns":7.0},{"damage":13.0,"enemies":"Slavers","floor":27.0,"turns":4.0},{"damage":0.0,"enemies":"Snecko","floor":29.0,"turns":2.0},{"damage":5.0,"enemies":"Book of Stabbing","floor":31.0,"turns":4.0},{"damage":2.0,"enemies":"Champ","floor":33.0,"turns":9.0},{"damage":0.0,"enemies":"Orb Walker","floor":35.0,"turns":3.0},{"damage":0.0,"enemies":"3 Darklings","floor":37.0,"turns":4.0},{"damage":12.0,"enemies":"Jaw Worm Horde","floor":38.0,"turns":4.0},{"damage":17.0,"enemies":"2 Orb Walkers","floor":39.0,"turns":4.0},{"damage":2.0,"enemies":"Nemesis","floor":40.0,"turns":5.0},{"damage":0,"enemies":"4 Shapes","floor":45,"turns":5},{"damage":0,"enemies":"Transient","floor":48,"turns":4},{"damage":19,"enemies":"Time Eater","floor":50,"turns":5},{"damage":9,"enemies":"Shield and Spear","floor":54,"turns":4},{"damage":11,"enemies":"The Heart","floor":55,"turns":5}],"seed_played":"6531471201788336653","potions_obtained":[{"floor":2.0,"key":"Swift Potion"},{"floor":4.0,"key":"CunningPotion"},{"floor":5.0,"key":"Dexterity Potion"},{"floor":13.0,"key":"LiquidBronze"},{"floor":18.0,"key":"LiquidMemories"},{"floor":35.0,"key":"FearPotion"},{"floor":38.0,"key":"PowerPotion"},{"floor":45,"key":"SpeedPotion"},{"floor":48,"key":"GamblersBrew"}],"is_trial":false,"path_per_floor":["M","M","M","M","M","E","R","$","T","R","M","M","E","?","R","B",null,"M","$","M","?","M","R","M","R","T","E","R","M","?","E","R","B",null,"M","$","M","M","?","E","?","R","T","$","M","$","R","M","R","B",null,"R","$","E","B",null],"character_chosen":"THE_SILENT","items_purchased":["Terror","Lantern","Tactician","Orrery","Membership Card","ColorlessPotion","Dexterity Potion"],"campfire_rested":0,"item_purchase_floors":[8,19,19,36,44,53,53],"current_hp_per_floor":[63,58,58,51,51,46,46,46,46,46,46,41,19,8,8,4,63,55,55,55,55,44,44,36,36,36,23,23,23,23,18,18,16,63,63,63,63,51,34,32,27,27,27,27,27,27,27,27,27,8,63,63,63,54,43],"gold":48,"neow_bonus":"THREE_RARE_CARDS","is_daily":false,"chose_seed":false,"campfire_upgraded":10,"win_rate":0.0,"timestamp":1608799317,"path_taken":["M","M","M","M","M","E","R","$","T","R","M","?","E","?","R","BOSS","M","$","M","?","M","R","M","R","T","E","R","M","?","E","R","BOSS","M","$","M","M","?","E","?","R","T","?","M","$","R","M","R","BOSS","R","$","E","BOSS"],"items_purchased_type":["Card","Relic","Card","Relic","Relic","Potion","Potion"],"build_version":"2020-12-22","purchased_purges":3,"victory":true,"max_hp_per_floor":[63,63,63,63,63,63,63,63,63,63,63,63,63,63,63,63,63,63,63,63,63,63,63,63,63,63,63,63,63,63,63,63,63,63,63,63,63,63,63,63,63,63,63,63,63,63,63,63,63,63,63,63,63,63,63],"card_choices":[{"not_picked":["Doppelganger","Envenom"],"picked":"Die Die Die","floor":0.0},{"not_picked":["Outmaneuver","Sucker Punch"],"picked":"Blade Dance","floor":1.0},{"not_picked":["Prepared","Poisoned Stab","Deadly Poison"],"picked":"SKIP","floor":2.0},{"not_picked":["Sucker Punch","Dagger Spray"],"picked":"Well Laid Plans","floor":3.0},{"not_picked":["Deflect","Prepared","Unload"],"picked":"SKIP","floor":4.0},{"not_picked":["Quick Slash","All Out Attack","Cloak And Dagger"],"picked":"SKIP","floor":5.0},{"not_picked":["Predator","Underhanded Strike"],"picked":"Flechettes","floor":6.0},{"not_picked":["Quick Slash","Eviscerate","Cloak And Dagger"],"picked":"SKIP","floor":11.0},{"not_picked":["Underhanded Strike","Leg Sweep","Dash"],"picked":"SKIP","floor":12.0},{"not_picked":["Dodge and Roll","Sucker Punch"],"picked":"A Thousand Cuts","floor":13.0},{"not_picked":["Glass Knife","Storm of Steel"],"picked":"Tools of the Trade","floor":16.0},{"not_picked":["Setup+1","Dagger Spray","Underhanded Strike+1"],"picked":"SKIP","floor":18.0},{"not_picked":["Accuracy+1","Bouncing Flask","PiercingWail"],"picked":"SKIP","floor":20.0},{"not_picked":["Flying Knee","Deadly Poison+1","Bane"],"picked":"SKIP","floor":22.0},{"not_picked":["Caltrops","Finisher"],"picked":"Prepared","floor":24.0},{"not_picked":["Poisoned Stab+1","Accuracy+1","Dagger Throw"],"picked":"SKIP","floor":27.0},{"not_picked":["Dodge and Roll","Escape Plan+1"],"picked":"Footwork","floor":29.0},{"not_picked":["Crippling Poison+1","Finisher+1","Sucker Punch"],"picked":"SKIP","floor":31.0},{"not_picked":["Doppelganger","Venomology"],"picked":"A Thousand Cuts","floor":33.0},{"not_picked":["Bane","Endless Agony"],"picked":"Backflip+1","floor":35.0},{"not_picked":["Concentrate","Backflip+1"],"picked":"Reflex","floor":36.0},{"not_picked":["Dagger Throw+1","Skewer"],"picked":"Acrobatics+1","floor":36.0},{"not_picked":["Leg Sweep","Dodge and Roll+1","Bane+1"],"picked":"SKIP","floor":37.0},{"not_picked":["Deflect+1","Blur"],"picked":"Concentrate","floor":38.0},{"not_picked":["Choke+1","Accuracy+1","Dodge and Roll+1"],"picked":"SKIP","floor":40.0},{"not_picked":["Panacea","Discovery"],"picked":"Flash of Steel","floor":41},{"not_picked":["Deflect+1","Bane","Blade Dance"],"picked":"SKIP","floor":45},{"not_picked":["Dodge and Roll+1","Leg Sweep+1"],"picked":"Prepared","floor":48},{"not_picked":["Endless Agony","Setup"],"picked":"Reflex","floor":54}],"player_experience":2146153,"relics_obtained":[{"floor":6.0,"key":"Ornamental Fan"},{"floor":9.0,"key":"Bag of Preparation"},{"floor":13.0,"key":"InkBottle"},{"floor":26.0,"key":"Vajra"},{"floor":27.0,"key":"Oddly Smooth Stone"},{"floor":31.0,"key":"Paper Crane"},{"floor":39.0,"key":"Thread and Needle"},{"floor":40.0,"key":"Letter Opener"},{"floor":54,"key":"Centennial Puzzle"}],"event_choices":[{"damage_healed":0.0,"max_hp_gain":0.0,"max_hp_loss":0.0,"gold_gain":75.0,"event_name":"World of Goop","player_choice":"Gather Gold","floor":14.0,"gold_loss":0.0,"damage_taken":11.0},{"damage_healed":0.0,"max_hp_gain":0.0,"max_hp_loss":0.0,"gold_gain":0.0,"event_name":"Ghosts","player_choice":"Ignored","floor":30.0,"gold_loss":0.0,"damage_taken":0.0},{"damage_healed":0.0,"max_hp_gain":0.0,"max_hp_loss":0.0,"gold_gain":0.0,"event_name":"Mysterious Sphere","player_choice":"Fight","floor":39.0,"gold_loss":0.0,"damage_taken":0.0},{"damage_healed":0,"gold_gain":0,"player_choice":"Memory 2","damage_taken":5,"max_hp_gain":0,"max_hp_loss":0,"event_name":"SensoryStone","floor":41,"gold_loss":0}],"is_beta":false,"boss_relics":[{"not_picked":["Fusion Hammer","Tiny House"],"picked":"HoveringKite"},{"not_picked":["Sozu","Velvet Choker"],"picked":"WristBlade"}],"items_purged_floors":[8,19,44],"is_endless":false,"potions_floor_spawned":[2,4,5,13,18,35,38,45,48,54],"ascension_level":1}}