{"host":"2461dio7vetlq1z3","time":1608790038,"event":{"mods":["2.2 Compatiblity","AchievementEnabler","Aspiration","BaseMod","Better Third Choice","Hermit","Marisa????????","Minty Spire (QoL Compilation)","Relic Stats","Spicy Shops","StSLib","The Runesmith","Waifu the Spire"],"gold_per_floor":[111,111,13,23,35,35,52,84,84,84,123,212,267,280,280,388,388,436,484,754,801,843,870,870,926,926,115,180,227,287,287,287,361,361,403,201,201,241,282,340,390,390,415,415,415,477,493,576,576,576,576,576,54,80,80],"floor_reached":56,"playtime":3926,"items_purged":["Strike_P","Defend_P","Defend_P"],"score":2091,"play_id":"96ddbb6c-3681-4e42-960d-262f4a22b694","local_time":"20201224070718","is_ascension_mode":true,"campfire_choices":[{"data":"SignatureMove","floor":6,"key":"SMITH"},{"floor":10,"key":"REST"},{"data":"Wish","floor":15,"key":"SMITH"},{"floor":24,"key":"REST"},{"data":"Blasphemy","floor":32,"key":"SMITH"},{"data":"TalkToTheHand","floor":42,"key":"SMITH"},{"floor":45,"key":"RECALL"},{"data":"MentalFortress","floor":49,"key":"SMITH"},{"data":"FlurryOfBlows","floor":52,"key":"SMITH"}],"circlet_count":0,"master_deck":["AscendersBane","Strike_P","Strike_P","Defend_P","Defend_P","Eruption+1","Vigilance","SignatureMove+1","ThirdEye","Tantrum","EmptyBody","ClearTheMind","Wish+1","BowlingBash+1","Consecrate","ThirdEye","Blasphemy+1","CrushJoints+1","Study","MentalFortress+1","DeceiveReality+1","DeceiveReality+1","TalkToTheHand+1","FearNoEvil","FlurryOfBlows+1","WaveOfTheHand+1","Protect+1","Wireheading","WheelKick"],"relics":["PureWater","Lizard Tail","CaptainsWheel","HornCleat","Boot","The Courier","Singing Bowl","Busted Crown","Shuriken","Whetstone","Toxic Egg 2","Lee\u0027s Waffle","PreservedInsect","Gremlin Horn","Ornamental Fan","Pantograph","SlaversCollar","Du-Vu Doll","CatCart","Question Card","Incense Burner","Gambling Chip","Kunai","aspiration:SeaSaltIceCream","Busted Crown","Medical Kit","Blood Vial"],"acts_visited":["Exordium","TheCity","TheBeyond","TheEnding"],"potions_floor_usage":[8],"damage_taken":[{"damage":12,"enemies":"2 Louse","floor":1,"turns":2},{"damage":0,"enemies":"Cultist","floor":4,"turns":2},{"damage":0,"enemies":"Jaw Worm","floor":5,"turns":1},{"damage":8,"enemies":"Blue Slaver","floor":7,"turns":3},{"damage":12,"enemies":"Gremlin Nob","floor":8,"turns":3},{"damage":3,"enemies":"Exordium Thugs","floor":11,"turns":4},{"damage":10,"enemies":"3 Sentries","floor":12,"turns":7},{"damage":2,"enemies":"Lagavulin","floor":13,"turns":4},{"damage":0,"enemies":"Large Slime","floor":14,"turns":3},{"damage":41,"enemies":"Hexaghost","floor":16,"turns":11},{"damage":0,"enemies":"Spheric Guardian","floor":18,"turns":3},{"damage":0,"enemies":"Shell Parasite","floor":19,"turns":4},{"damage":0,"enemies":"Snecko","floor":21,"turns":4},{"damage":12,"enemies":"Sentry and Sphere","floor":22,"turns":6},{"damage":3,"enemies":"Gremlin Leader","floor":23,"turns":2},{"damage":17,"enemies":"Slavers","floor":25,"turns":4},{"damage":5,"enemies":"Gremlin Leader","floor":28,"turns":2},{"damage":17,"enemies":"Snake Plant","floor":29,"turns":4},{"damage":10,"enemies":"Book of Stabbing","floor":30,"turns":5},{"damage":15,"enemies":"Champ","floor":33,"turns":10},{"damage":10,"enemies":"Orb Walker","floor":35,"turns":5},{"damage":6,"enemies":"3 Shapes","floor":38,"turns":5},{"damage":4,"enemies":"Maw","floor":39,"turns":6},{"damage":1,"enemies":"Giant Head","floor":40,"turns":5},{"damage":6,"enemies":"Orin","floor":41,"turns":5},{"damage":4,"enemies":"Nemesis","floor":46,"turns":10},{"damage":2,"enemies":"Jaw Worm Horde","floor":47,"turns":4},{"damage":15,"enemies":"2 Orb Walkers","floor":48,"turns":7},{"damage":18,"enemies":"Time Eater","floor":50,"turns":9},{"damage":5,"enemies":"Shield and Spear","floor":54,"turns":6},{"damage":72,"enemies":"The Heart","floor":55,"turns":8}],"seed_played":"8625027928115204247","potions_obtained":[{"floor":7,"key":"BlessingOfTheForge"},{"floor":8,"key":"SmokeBomb"},{"floor":16,"key":"SpeedPotion"},{"floor":22,"key":"SteroidPotion"},{"floor":23,"key":"DuplicationPotion"}],"is_trial":false,"path_per_floor":["M","?","$","M","M","R","M","E","T","R","M","?","E","M","R","B",null,"M","M","?","M","M","E","R","E","T","$","E","M","E","?","R","B",null,"M","$","?","M","M","E","?","R","T","T","R","E","M","?","R","B",null,"R","$","E","B",null],"character_chosen":"WATCHER","items_purchased":["CaptainsWheel","ThirdEye","Lee\u0027s Waffle","Study","MentalFortress","PreservedInsect","Gremlin Horn","FearNoEvil","FlurryOfBlows","Kunai","aspiration:SeaSaltIceCream","Medical Kit"],"campfire_rested":2,"item_purchase_floors":[3,3,27,27,27,27,27,36,36,53,53,53],"current_hp_per_floor":[31,31,31,31,31,31,23,11,11,31,28,18,16,16,16,20,56,58,60,33,35,23,22,44,29,29,85,82,65,55,55,55,67,84,74,74,74,70,66,65,61,61,61,61,61,57,57,42,42,49,84,84,84,79,23],"gold":80,"neow_bonus":"ONE_RARE_RELIC","is_daily":false,"chose_seed":false,"campfire_upgraded":6,"win_rate":0.0,"timestamp":1608790038,"path_taken":["M","?","$","M","M","R","M","E","T","R","?","?","E","M","R","BOSS","M","M","?","M","M","E","R","E","T","?","E","M","E","?","R","BOSS","M","$","?","M","M","E","?","R","T","?","R","E","?","?","R","BOSS","R","$","E","BOSS"],"items_purchased_type":["Relic","Card","Relic","Card","Card","Relic","Relic","Card","Card","Relic","Relic","Relic"],"build_version":"2020-12-22","purchased_purges":3,"victory":true,"max_hp_per_floor":[68,68,68,68,68,68,68,68,68,68,68,68,68,68,68,68,68,70,72,72,74,74,76,76,78,78,85,87,87,87,87,87,89,89,89,89,89,91,91,91,93,93,93,93,93,93,95,95,95,95,95,95,95,95,95],"relic_stats":{"Lee\u0027s Waffle":56,"Singing Bowl":20,"Gremlin Horn":[10,10],"counters":[31,154],"PreservedInsect":367,"Whetstone":["CrushJoints","BowlingBash"],"Boot":[125],"Question Card":4,"Medical Kit":[5],"Blood Vial":2,"Lizard Tail":34,"Busted Crown":40,"Shuriken":[35],"Ornamental Fan":[132],"Pantograph":64,"Gambling Chip":[6],"Kunai":[11],"obtain_stats":[{"Singing Bowl":13,"Gremlin Horn":27,"Incense Burner":46,"Whetstone":25,"Boot":9,"Blood Vial":54,"Lizard Tail":0,"HornCleat":8,"Pantograph":30,"Gambling Chip":48,"Kunai":53,"Toxic Egg 2":26,"Lee\u0027s Waffle":27,"The Courier":12,"PreservedInsect":27,"aspiration:SeaSaltIceCream":53,"Question Card":44,"Medical Kit":53,"Du-Vu Doll":40,"SlaversCollar":34,"CaptainsWheel":3,"Busted Crown":17,"Shuriken":23,"Ornamental Fan":28,"PureWater":0,"CatCart":41},{"Singing Bowl":8,"Gremlin Horn":16,"Incense Burner":26,"Whetstone":16,"Boot":5,"Blood Vial":30,"Lizard Tail":0,"HornCleat":5,"Pantograph":19,"Gambling Chip":28,"Kunai":29,"Toxic Egg 2":16,"Lee\u0027s Waffle":16,"The Courier":7,"PreservedInsect":16,"aspiration:SeaSaltIceCream":29,"Question Card":25,"Medical Kit":29,"Du-Vu Doll":24,"SlaversCollar":20,"CaptainsWheel":1,"Busted Crown":10,"Shuriken":15,"Ornamental Fan":17,"PureWater":0,"CatCart":25},{"Singing Bowl":26,"Gremlin Horn":63,"Incense Burner":120,"Whetstone":63,"Boot":11,"Blood Vial":146,"Lizard Tail":0,"HornCleat":11,"Pantograph":74,"Gambling Chip":131,"Kunai":140,"Toxic Egg 2":63,"Lee\u0027s Waffle":63,"The Courier":22,"PreservedInsect":63,"aspiration:SeaSaltIceCream":140,"Question Card":110,"Medical Kit":140,"Du-Vu Doll":105,"SlaversCollar":84,"CaptainsWheel":2,"Busted Crown":40,"Shuriken":59,"Ornamental Fan":65,"PureWater":0,"CatCart":110}]},"card_choices":[{"not_picked":["Protect","PathToVictory"],"picked":"SignatureMove","floor":1},{"not_picked":["JustLucky","Indignation"],"picked":"Tantrum","floor":4},{"not_picked":["CrushJoints","CutThroughFate"],"picked":"EmptyBody","floor":5},{"not_picked":["Adaptation","Crescendo"],"picked":"ClearTheMind","floor":7},{"not_picked":["BowlingBash","Wallop"],"picked":"Wish","floor":8},{"not_picked":["CrushJoints","Conclude"],"picked":"BowlingBash","floor":11},{"not_picked":["CutThroughFate","EmptyBody"],"picked":"WaveOfTheHand","floor":12},{"not_picked":["WheelKick","Crescendo"],"picked":"Consecrate","floor":13},{"not_picked":["CrushJoints","CutThroughFate"],"picked":"ThirdEye","floor":14},{"not_picked":["ConjureBlade","DevaForm"],"picked":"Blasphemy","floor":16},{"not_picked":["Prostrate"],"picked":"Singing Bowl","floor":18},{"not_picked":["SignatureMove"],"picked":"Singing Bowl","floor":19},{"not_picked":["PathToVictory"],"picked":"Singing Bowl","floor":21},{"not_picked":[],"picked":"CrushJoints","floor":22},{"not_picked":["Vengeance"],"picked":"Singing Bowl","floor":23},{"not_picked":["BattleHymn"],"picked":"Singing Bowl","floor":25},{"not_picked":["Weave"],"picked":"Singing Bowl","floor":28},{"not_picked":[],"picked":"DeceiveReality+1","floor":29},{"not_picked":[],"picked":"DeceiveReality+1","floor":30},{"not_picked":["Judgement+1"],"picked":"Singing Bowl","floor":33},{"not_picked":[],"picked":"TalkToTheHand","floor":35},{"not_picked":["ClearTheMind+1"],"picked":"Singing Bowl","floor":38},{"not_picked":[],"picked":"WaveOfTheHand+1","floor":39},{"not_picked":[],"picked":"Protect+1","floor":40},{"not_picked":["Evaluate+1"],"picked":"Singing Bowl","floor":41},{"not_picked":["Pray+1"],"picked":"Wireheading","floor":46},{"not_picked":["Protect+1","Halt+1"],"picked":"Singing Bowl","floor":47},{"not_picked":["CutThroughFate"],"picked":"WheelKick","floor":48}],"player_experience":994391,"relics_obtained":[{"floor":8,"key":"HornCleat"},{"floor":9,"key":"Boot"},{"floor":12,"key":"The Courier"},{"floor":13,"key":"Singing Bowl"},{"floor":23,"key":"Shuriken"},{"floor":25,"key":"Whetstone"},{"floor":26,"key":"Toxic Egg 2"},{"floor":28,"key":"Ornamental Fan"},{"floor":30,"key":"Pantograph"},{"floor":40,"key":"Du-Vu Doll"},{"floor":41,"key":"CatCart"},{"floor":44,"key":"Question Card"},{"floor":46,"key":"Incense Burner"},{"floor":48,"key":"Gambling Chip"},{"floor":54,"key":"Blood Vial"}],"event_choices":[{"damage_healed":0,"gold_gain":0,"player_choice":"Upgraded","damage_taken":0,"max_hp_gain":0,"max_hp_loss":0,"event_name":"Upgrade Shrine","floor":2,"gold_loss":0,"cards_upgraded":["Eruption"]},{"damage_healed":0,"gold_gain":0,"player_choice":"Searched \u00271\u0027 times","damage_taken":0,"max_hp_gain":0,"max_hp_loss":0,"event_name":"Dead Adventurer","floor":12,"gold_loss":0},{"damage_healed":0,"gold_gain":270,"player_choice":"GOLD GOLD GOLD ","damage_taken":27,"max_hp_gain":0,"max_hp_loss":0,"event_name":"Knowing Skull","floor":20,"potions_obtained":[],"gold_loss":0,"cards_obtained":[]},{"cards_removed":["Strike_P"],"damage_healed":0,"gold_gain":0,"player_choice":"Offered Basic","damage_taken":0,"max_hp_gain":0,"max_hp_loss":0,"event_name":"Bonfire Elementals","floor":31,"gold_loss":0},{"cards_removed":["WaveOfTheHand"],"damage_healed":0,"gold_gain":0,"player_choice":"Removed Skill","damage_taken":0,"max_hp_gain":0,"max_hp_loss":0,"event_name":"Falling","floor":37,"gold_loss":0},{"damage_healed":0,"gold_gain":0,"player_choice":"Fight","damage_taken":0,"max_hp_gain":0,"max_hp_loss":0,"event_name":"OrinTheCat","floor":41,"gold_loss":0},{"damage_healed":0,"gold_gain":0,"player_choice":"Fight","damage_taken":0,"max_hp_gain":0,"max_hp_loss":0,"event_name":"Mysterious Sphere","floor":48,"gold_loss":0}],"is_beta":false,"boss_relics":[{"not_picked":["Snecko Eye","aspiration:SecretTechniqueScroll"],"picked":"Busted Crown"},{"not_picked":["Coffee Dripper","Astrolabe"],"picked":"SlaversCollar"}],"items_purged_floors":[27,27,36],"is_endless":false,"potions_floor_spawned":[7,8,16,22,23,25,28,30,35,40,46,54],"ascension_level":15}}