{"host":"7pe9xwx78c6nlay8","time":1608823443,"event":{"mods":["BaseMod","Minty Spire (QoL Compilation)"],"gold_per_floor":[15,33,50,50,64,97,97,97,97,97,127,127,52,77,77,154,204,221,221,221],"floor_reached":19,"playtime":774,"items_purged":["Defend_P"],"score":315,"play_id":"f8732643-3795-4606-bc05-764bc69afeef","local_time":"20201224232403","is_ascension_mode":true,"campfire_choices":[{"data":"Eruption","floor":8,"key":"SMITH"},{"data":"WaveOfTheHand","floor":10,"key":"SMITH"},{"floor":12,"key":"REST"},{"data":"WindmillStrike","floor":15,"key":"SMITH"}],"circlet_count":0,"master_deck":["AscendersBane","Strike_P","Strike_P","Strike_P","Strike_P+1","Defend_P","Defend_P","Defend_P","Eruption+1","Vigilance","Sadistic Nature+1","PathToVictory","WindmillStrike+1","Perseverance","WaveOfTheHand+1","ThirdEye","WaveOfTheHand","DeusExMachina","ThirdEye"],"relics":["PureWater","Letter Opener","Yang","InkBottle","Toy Ornithopter","Tiny House"],"acts_visited":["Exordium","TheCity"],"potions_floor_usage":[5,11],"damage_taken":[{"damage":1,"enemies":"2 Louse","floor":1,"turns":4},{"damage":1,"enemies":"Small Slimes","floor":2,"turns":4},{"damage":12,"enemies":"Jaw Worm","floor":3,"turns":3},{"damage":8,"enemies":"Blue Slaver","floor":5,"turns":3},{"damage":11,"enemies":"Lagavulin","floor":6,"turns":7},{"damage":13,"enemies":"3 Sentries","floor":11,"turns":5},{"damage":3,"enemies":"Lagavulin","floor":14,"turns":5},{"damage":32,"enemies":"The Guardian","floor":16,"turns":12},{"damage":27,"enemies":"Spheric Guardian","floor":18,"turns":6},{"damage":12,"enemies":"3 Byrds","floor":19,"turns":3}],"seed_played":"-7037294195514213312","potions_obtained":[{"floor":1,"key":"BlessingOfTheForge"},{"floor":3,"key":"StancePotion"},{"floor":5,"key":"SneckoOil"},{"floor":17,"key":"Ancient Potion"}],"is_trial":false,"path_per_floor":["M","M","M","?","M","E","?","R","T","R","E","R","$","E","R","B",null,"M","M"],"character_chosen":"WATCHER","items_purchased":[],"campfire_rested":1,"item_purchase_floors":[],"current_hp_per_floor":[60,59,47,52,44,33,33,33,33,33,20,41,41,38,38,6,61,34,22,22],"gold":221,"neow_bonus":"RANDOM_COLORLESS_2","is_daily":false,"chose_seed":false,"campfire_upgraded":3,"win_rate":0.0,"timestamp":1608823443,"path_taken":["M","M","M","?","M","E","?","R","T","R","E","R","$","E","R","BOSS","M","M"],"items_purchased_type":[],"build_version":"2020-12-22","purchased_purges":1,"victory":false,"max_hp_per_floor":[68,68,68,73,73,73,73,73,73,73,73,73,73,73,73,73,78,78,78,78],"card_choices":[{"not_picked":["Secret Weapon","Thinking Ahead"],"picked":"Sadistic Nature","floor":0},{"not_picked":["Protect","Swivel"],"picked":"PathToVictory","floor":1},{"not_picked":["FearNoEvil","Meditate","Crescendo"],"picked":"SKIP","floor":2},{"not_picked":["BowlingBash","EmptyBody"],"picked":"WindmillStrike","floor":3},{"not_picked":["Adaptation","BowlingBash"],"picked":"Perseverance","floor":5},{"not_picked":["BowlingBash","ClearTheMind"],"picked":"WaveOfTheHand","floor":6},{"not_picked":["Adaptation","WindmillStrike"],"picked":"ThirdEye","floor":11},{"not_picked":["EmptyFist","LikeWater"],"picked":"WaveOfTheHand","floor":14},{"not_picked":["LessonLearned","SpiritShield"],"picked":"DeusExMachina","floor":16},{"not_picked":["SashWhip","DeceiveReality"],"picked":"ThirdEye","floor":18}],"player_experience":1565669,"relics_obtained":[{"floor":6,"key":"Letter Opener"},{"floor":9,"key":"Yang"},{"floor":11,"key":"InkBottle"},{"floor":14,"key":"Toy Ornithopter"}],"event_choices":[{"damage_healed":0,"gold_gain":0,"player_choice":"Donut","damage_taken":0,"max_hp_gain":5,"max_hp_loss":0,"event_name":"Big Fish","floor":4,"gold_loss":0},{"damage_healed":0,"gold_gain":0,"player_choice":"Grow","damage_taken":0,"max_hp_gain":0,"max_hp_loss":0,"event_name":"Living Wall","floor":7,"gold_loss":0,"cards_upgraded":["Sadistic Nature"]}],"is_beta":false,"boss_relics":[{"not_picked":["Ectoplasm","Pandora\u0027s Box"],"picked":"Tiny House"}],"items_purged_floors":[13],"is_endless":false,"potions_floor_spawned":[1,3,5],"killed_by":"3 Byrds","ascension_level":14}}