{"host":"kmq7aw60w430zvtx","time":1608810975,"event":{"mods":["BaseMod","Downfall","GifTheSpireLib","Hermit","Hubris","Minty Spire (QoL Compilation)","Replay The Spire","StSLib","The Construct","The Cursed","The Hierophant","The Jungle","The Necromancer","The Runesmith"],"gold_per_floor":[116,135,135,135,60,60,94,105,105,121,154,166,182,197,197,302,302,312,312,14,31,31,31,61,73,121,121,133,133,43,53,53,53,53],"floor_reached":33,"playtime":1400,"items_purged":["Strike_R","Defend_R"],"score":335,"play_id":"b7129e61-0584-4b42-9b66-a3add091ca36","local_time":"20201224125615","is_ascension_mode":true,"campfire_choices":[{"floor":6,"key":"RECALL"},{"floor":15,"key":"REST"},{"data":"Madness","floor":23,"key":"SMITH"},{"floor":27,"key":"REST"},{"floor":29,"key":"REST"},{"floor":32,"key":"REST"}],"circlet_count":0,"master_deck":["Strike_R","Strike_R","Strike_R","Defend_R","Defend_R","Defend_R","Bash","expansioncontent:FaceSlap+1","Armaments+1","hubris:CleavingFinish","Headbutt","Cleave","Disarm","Juggernaut","Body Slam","hubris:ReadiedAction","Ghostly Armor","Immolate","Body Slam+1","Shrug It Off","Demon Form+1","Madness+1","Reckless Charge","Iron Wave+1","Seeing Red","hubris:CleavingFinish","Body Slam+1","Infernal Blade","Dual Wield+1","ReplayReversal"],"relics":["Burning Blood","hubris:FunFungus","Paper Frog","Red Skull","Runic Pyramid","Membership Card","Bag of Marbles","Dream Catcher"],"acts_visited":["Exordium","TheCity"],"potions_floor_usage":[11,21,24,25,25],"damage_taken":[{"damage":7,"enemies":"Jaw Worm","floor":1,"turns":3},{"damage":7,"enemies":"2 Louse","floor":2,"turns":3},{"damage":52,"enemies":"Lagavulin","floor":7,"turns":8},{"damage":1,"enemies":"Cultist","floor":8,"turns":3},{"damage":3,"enemies":"2 Fungi Beasts","floor":10,"turns":3},{"damage":17,"enemies":"Gremlin Nob","floor":11,"turns":4},{"damage":4,"enemies":"Exordium Wildlife","floor":12,"turns":5},{"damage":11,"enemies":"Looter","floor":13,"turns":2},{"damage":0,"enemies":"Lots of Slimes","floor":14,"turns":1},{"damage":19,"enemies":"The Guardian","floor":16,"turns":10},{"damage":0,"enemies":"Spheric Guardian","floor":18,"turns":1},{"damage":40,"enemies":"3 Byrds","floor":21,"turns":5},{"damage":40,"enemies":"Slavers","floor":24,"turns":4},{"damage":9,"enemies":"Snecko","floor":25,"turns":4},{"damage":10,"enemies":"Sentry and Sphere","floor":28,"turns":3},{"damage":22,"enemies":"Shelled Parasite and Fungi","floor":31,"turns":3},{"damage":63,"enemies":"Collector","floor":33,"turns":7}],"seed_played":"347403988937354747","potions_obtained":[{"floor":8,"key":"Languid Potion"},{"floor":10,"key":"SpeedPotion"},{"floor":12,"key":"Reflective Coating"},{"floor":16,"key":"Languid Potion"},{"floor":21,"key":"Swift Potion"}],"is_trial":false,"path_per_floor":["M","M","?","?","$","R","E","M","T","M","E","M","M","M","R","B",null,"M","?","$","M","T","R","E","M","T","R","M","R","?","M","R","B"],"character_chosen":"IRONCLAD","items_purchased":["Membership Card","Demon Form+1","Madness"],"campfire_rested":4,"item_purchase_floors":[20,20,20],"current_hp_per_floor":[79,78,78,78,78,78,32,37,37,40,29,31,26,32,56,43,80,80,80,80,46,46,46,12,9,9,33,29,53,53,37,61,0,0],"gold":53,"neow_bonus":"RANDOM_COLORLESS","is_daily":false,"chose_seed":false,"campfire_upgraded":1,"win_rate":0.0,"timestamp":1608810975,"path_taken":["M","M","?","?","$","R","E","M","T","M","E","M","?","M","R","BOSS","M","?","$","M","?","R","E","M","T","R","M","R","?","M","R","BOSS"],"items_purchased_type":["Relic","Card","Card"],"build_version":"2020-12-22","purchased_purges":2,"victory":false,"max_hp_per_floor":[80,80,80,80,80,80,80,80,80,80,80,80,80,80,80,80,80,80,80,80,80,80,80,80,80,80,80,80,80,80,80,80,80,80],"card_choices":[{"not_picked":["Replay:SS_fish_1","Replay:SS_fish_2"],"picked":"expansioncontent:FaceSlap","floor":0},{"not_picked":["Headbutt","Pommel Strike"],"picked":"Armaments","floor":1},{"not_picked":["Clash","ReplayReversal"],"picked":"hubris:CleavingFinish","floor":2},{"not_picked":["ReplayTheSpireMod:Stacked","Burning Pact"],"picked":"Headbutt","floor":7},{"not_picked":["Heavy Blade","Clash"],"picked":"Cleave","floor":8},{"not_picked":["Pommel Strike","Warcry"],"picked":"Disarm","floor":10},{"not_picked":["Fire Breathing","Perfected Strike"],"picked":"Juggernaut","floor":11},{"not_picked":["Flex","Perfected Strike"],"picked":"Body Slam","floor":12},{"not_picked":["Clash","Dropkick"],"picked":"hubris:ReadiedAction","floor":13},{"not_picked":["Defy Death","Clothesline"],"picked":"Ghostly Armor","floor":14},{"not_picked":["Exhume","Hemogenesis"],"picked":"Immolate","floor":16},{"not_picked":["Sword Boomerang+1","ReplayTheSpireMod:Strike From Hell+1"],"picked":"Body Slam+1","floor":18},{"not_picked":["Havoc","ReplayTheSpireMod:Limb From Limb+1"],"picked":"Reckless Charge","floor":21},{"not_picked":["Exhume","Sever Soul+1"],"picked":"Iron Wave+1","floor":24},{"not_picked":["Life Link","Sword Boomerang"],"picked":"Seeing Red","floor":25},{"not_picked":["Cleave","Sword Boomerang"],"picked":"hubris:CleavingFinish","floor":27},{"not_picked":["True Grit","Cleave"],"picked":"Body Slam","floor":28},{"not_picked":["Whirlwind","Clash+1"],"picked":"Infernal Blade","floor":29},{"not_picked":["Wild Strike","ReplayTheSpireMod:Limb From Limb"],"picked":"Dual Wield+1","floor":31},{"not_picked":["Seeing Red","Fire Breathing"],"picked":"ReplayReversal","floor":32}],"player_experience":249952,"relics_obtained":[{"floor":7,"key":"hubris:FunFungus"},{"floor":9,"key":"Paper Frog"},{"floor":11,"key":"Red Skull"},{"floor":24,"key":"Bag of Marbles"},{"floor":26,"key":"Dream Catcher"}],"event_choices":[{"damage_healed":0,"gold_gain":0,"player_choice":"Upgraded","damage_taken":0,"max_hp_gain":0,"max_hp_loss":0,"event_name":"Upgrade Shrine","floor":4,"gold_loss":0,"cards_upgraded":["Armaments"]},{"damage_healed":0,"gold_gain":0,"player_choice":"Read","damage_taken":0,"max_hp_gain":0,"max_hp_loss":0,"event_name":"The Library","floor":19,"gold_loss":0,"cards_obtained":["Shrug It Off"]},{"cards_removed":["Strike_R"],"damage_healed":0,"gold_gain":0,"player_choice":"Upgrade and Remove","damage_taken":0,"max_hp_gain":0,"max_hp_loss":0,"event_name":"Designer","floor":30,"gold_loss":90,"cards_upgraded":["Body Slam"]}],"is_beta":false,"boss_relics":[{"not_picked":["hubris:Stopwatch","Replay:Grab Bag"],"picked":"Runic Pyramid"}],"items_purged_floors":[5,20],"is_endless":false,"potions_floor_spawned":[8,10,12,16,18,21],"killed_by":"Collector","ascension_level":4}}