{"host":"qy1e0kd24tpj3i2m","time":1608835868,"event":{"mods":["Act Like it!","Alarm Clock","BaseMod","Better Skull","Better Vampires","Colored Map","Colored Powertips","Custom Start","Faster Ascension Climbing","Friendly Minions","GifTheSpireLib","Gremlin Skip","Highlight Path","Minty Spire (QoL Compilation)","Permanent Neow","Quick Restart","Red Circlet Mod","Relic Sorter","Reorder Act Four","SacredBarkPlus","Shop Mod","StSLib","SuperFastMode","Transform Curses","没有小屋子和绿帽子啦"],"gold_per_floor":[133,208,133,170,170,258,258,312,365,409,445,445,502,1,1,112,112,139,139,139],"floor_reached":19,"playtime":608,"items_purged":["Bash","Strike_R"],"score":370,"play_id":"49316b96-739b-4cd9-9e73-c62b39a92396","local_time":"20201225035108","is_ascension_mode":true,"campfire_choices":[{"data":"HandOfGreed","floor":7.0,"key":"SMITH"},{"floor":12.0,"key":"REST"},{"floor":15.0,"key":"REST"}],"circlet_count":0,"master_deck":["AscendersBane","Strike_R","Strike_R","Strike_R","Strike_R","Defend_R","Defend_R","Defend_R","Defend_R","HandOfGreed+1","Rage","Rupture","Shrug It Off","Combust","Juggernaut","Feel No Pain"],"relics":["Burning Blood","Pen Nib","Omamori","Anchor","Vajra","CeramicFish","Brimstone","Philosopher\u0027s Stone"],"acts_visited":["Exordium","TheCity"],"potions_floor_usage":[18],"damage_taken":[{"damage":1.0,"enemies":"2 Louse","floor":1.0,"turns":3.0},{"damage":7.0,"enemies":"Jaw Worm","floor":4.0,"turns":4.0},{"damage":22.0,"enemies":"3 Sentries","floor":6.0,"turns":10.0},{"damage":22.0,"enemies":"Lagavulin","floor":8.0,"turns":6.0},{"damage":7.0,"enemies":"Cultist","floor":10.0,"turns":4.0},{"damage":8.0,"enemies":"Exordium Thugs","floor":11.0,"turns":6.0},{"damage":29.0,"enemies":"3 Sentries","floor":13.0,"turns":8.0},{"damage":17.0,"enemies":"Slime Boss","floor":16.0,"turns":7.0},{"damage":39,"enemies":"Chosen","floor":18,"turns":4},{"damage":0,"enemies":"Masked Bandits","floor":19,"turns":2}],"seed_played":"872799055981067641","potions_obtained":[{"floor":4.0,"key":"SpeedPotion"},{"floor":5.0,"key":"LiquidMemories"},{"floor":6.0,"key":"Ancient Potion"},{"floor":10.0,"key":"Fire Potion"},{"floor":13.0,"key":"SkillPotion"},{"floor":16.0,"key":"AttackPotion"}],"is_trial":false,"path_per_floor":["M","?","$","M","?","E","R","E","T","M","M","R","E","$","R","B",null,"M","?"],"character_chosen":"IRONCLAD","items_purchased":["CeramicFish","Combust","Brimstone"],"campfire_rested":2,"item_purchase_floors":[14,14,14],"current_hp_per_floor":[55,44,44,43,43,27,27,11,11,10,8,30,7,7,29,18,61,28,28,28],"gold":139,"neow_bonus":"RANDOM_COLORLESS_2","is_daily":false,"chose_seed":false,"campfire_upgraded":1,"win_rate":0.0,"timestamp":1608835868,"path_taken":["M","?","?","?","?","E","R","E","T","?","M","R","E","$","R","BOSS","M","?"],"items_purchased_type":["Relic","Card","Relic"],"build_version":"2020-12-22","purchased_purges":2,"victory":false,"max_hp_per_floor":[75,75,75,75,75,75,75,75,75,75,75,75,75,75,75,75,75,75,75,75],"card_choices":[{"not_picked":["Thinking Ahead","Chrysalis"],"picked":"HandOfGreed","floor":0.0},{"not_picked":["Sever Soul","Infernal Blade"],"picked":"Rage","floor":1.0},{"not_picked":["Anger","Perfected Strike","Shockwave"],"picked":"SKIP","floor":4.0},{"not_picked":["Hemokinesis","Perfected Strike","Anger"],"picked":"SKIP","floor":6.0},{"not_picked":["Headbutt","Exhume","Sword Boomerang"],"picked":"SKIP","floor":8.0},{"not_picked":["Iron Wave","Clash"],"picked":"Rupture","floor":10.0},{"not_picked":["Sever Soul","Disarm"],"picked":"Shrug It Off","floor":11.0},{"not_picked":["Spot Weakness","Ghostly Armor","Clash"],"picked":"SKIP","floor":13.0},{"not_picked":["Exhume","Reaper"],"picked":"Juggernaut","floor":16.0},{"not_picked":["Clothesline","True Grit+1"],"picked":"Feel No Pain","floor":18}],"player_experience":909740,"relics_obtained":[{"floor":6.0,"key":"Pen Nib"},{"floor":8.0,"key":"Omamori"},{"floor":9.0,"key":"Anchor"},{"floor":13.0,"key":"Vajra"}],"event_choices":[{"damage_healed":0.0,"max_hp_gain":0.0,"max_hp_loss":0.0,"gold_gain":75.0,"event_name":"World of Goop","player_choice":"Gather Gold","floor":2.0,"gold_loss":0.0,"damage_taken":11.0},{"damage_healed":0.0,"max_hp_gain":0.0,"max_hp_loss":0.0,"gold_gain":0.0,"event_name":"Lab","player_choice":"Got Potions","floor":5.0,"gold_loss":0.0,"damage_taken":0.0},{"damage_healed":0,"gold_gain":0,"player_choice":"Fought Bandits","damage_taken":0,"max_hp_gain":0,"max_hp_loss":0,"event_name":"Masked Bandits","floor":19,"gold_loss":0}],"is_beta":false,"boss_relics":[{"not_picked":["Astrolabe","Snecko Eye"],"picked":"Philosopher\u0027s Stone"}],"items_purged_floors":[3,14],"is_endless":false,"potions_floor_spawned":[4,6,10,13,16],"killed_by":"Masked Bandits","ascension_level":20}}