{"host":"o54aw4mfims5m8ve","time":1608839459,"event":{"mods":["BaseMod","Downfall","Minty Spire (QoL Compilation)","StSLib","The Cursed","The Saiyan","The Senshi"],"gold_per_floor":[118,132,143,157,127,127,127,127],"floor_reached":7,"playtime":629,"items_purged":[],"score":43,"play_id":"d5333f0a-b7ec-423f-8d54-7bbc09c2b29c","local_time":"20201224195059","is_ascension_mode":false,"campfire_choices":[{"data":"theSenshi:SailorNeptuneAssists","floor":6,"key":"SMITH"}],"circlet_count":0,"master_deck":["theSenshi:SailorKick","theSenshi:SailorKick","theSenshi:SailorKick","theSenshi:SailorKick","theSenshi:SailorBlock","theSenshi:SailorBlock","theSenshi:SailorBlock","theSenshi:SailorBlock","theSenshi:RoseThrow","theSenshi:MoonPrismPowerMakeUp","theSenshi:SailorMercuryAssists","theSenshi:MoonsReflection","theSenshi:SailorNeptuneAssists+1","theSenshi:EncouragingSpeech"],"relics":["theSenshi:TransformationBroochRelic"],"acts_visited":["Exordium"],"potions_floor_usage":[7,7,7],"damage_taken":[{"damage":0,"enemies":"2 Louse","floor":1,"turns":3},{"damage":0,"enemies":"Cultist","floor":2,"turns":3},{"damage":0,"enemies":"Jaw Worm","floor":3,"turns":3},{"damage":5,"enemies":"Large Slime","floor":4,"turns":13},{"damage":99,"enemies":"Gremlin Nob","floor":7,"turns":8}],"seed_played":"-4511552921787035073","potions_obtained":[{"floor":3,"key":"Block Potion"},{"floor":5,"key":"DuplicationPotion"},{"floor":5,"key":"Block Potion"}],"is_trial":false,"path_per_floor":["M","M","M","M","?","R","E"],"character_chosen":"THE_SENSHI","items_purchased":[],"campfire_rested":0,"item_purchase_floors":[],"current_hp_per_floor":[82,82,82,77,77,77,0,0],"gold":127,"neow_bonus":"TEN_PERCENT_HP_BONUS","is_daily":false,"chose_seed":false,"campfire_upgraded":1,"win_rate":0.0,"timestamp":1608839459,"path_taken":["M","M","M","M","?","R","E"],"items_purchased_type":[],"build_version":"2020-12-22","purchased_purges":0,"victory":false,"max_hp_per_floor":[82,82,82,82,82,82,82,82],"card_choices":[{"not_picked":["theSenshi:SailorV","theSenshi:SailorStarFighterAssists"],"picked":"theSenshi:SailorMercuryAssists","floor":1},{"not_picked":["theSenshi:NeptunesGrace","theSenshi:MoonSpiralHeartAttack"],"picked":"theSenshi:MoonsReflection","floor":2},{"not_picked":["theSenshi:MoonTwilightFlash","theSenshi:SailorVenusAssists"],"picked":"theSenshi:SailorNeptuneAssists","floor":3},{"not_picked":["theSenshi:LunaWiseMentor","theSenshi:MoonPrincessHalation"],"picked":"theSenshi:EncouragingSpeech","floor":4}],"player_experience":146167,"relics_obtained":[],"event_choices":[{"damage_healed":0,"gold_gain":0,"player_choice":"Bought 2 Potions","damage_taken":0,"max_hp_gain":0,"max_hp_loss":0,"event_name":"The Woman in Blue","floor":5,"gold_loss":0}],"is_beta":false,"boss_relics":[],"items_purged_floors":[],"is_endless":false,"potions_floor_spawned":[3],"killed_by":"Gremlin Nob","ascension_level":0}}