{"host":"e4wnmsyty9uvvtwf","time":1608820737,"event":{"mods":["Aspiration","BaseMod","Colored Map","Colored Powertips","Marisa£®ÏF”Í°°ƒß¿Ì…≥£©","Minty Spire (QoL Compilation)","Rare Cards Sparkle","Replay The Spire","StSLib"],"gold_per_floor":[112,112,128,203,216,216,256,256,256,331,353,411,449,96,96,200,200,228,268,188,188,217,227,227,227,227,227,66,78,78,120,120,191,191,203,242,242,104,158,158,221,343,343,343,90,134,174,0,0,0,7],"floor_reached":52,"playtime":2355,"items_purged":[],"score":1849,"play_id":"280ae716-3e15-4b99-94eb-e99a8597dd61","local_time":"20201224223857","is_ascension_mode":true,"campfire_choices":[{"data":"JA","floor":6,"key":"SMITH"},{"floor":8,"key":"REST"},{"floor":15,"key":"REST"},{"floor":25,"key":"REST"},{"data":"SuperNova","floor":30,"key":"SMITH"},{"floor":32,"key":"DIG"},{"floor":40,"key":"DIG"},{"floor":44,"key":"DIG"},{"floor":49,"key":"DIG"}],"circlet_count":0,"master_deck":["AscendersBane","Defend_MRS","Defend_MRS","Defend_MRS","MasterSpark","UpSweep","SuperNova+1","JA+1","IllusionStar","WitchLeyline","Robbery","Pot Of Greed","Pot Of Greed","WitchOfGreed","CollectingQuirk","GravityBeat","DeepEcoloBomb","MysteriousBeam","ManaRampage","MilkyWay+1","OortCloud","6A","6A+1","Pot Of Greed","ShootingEcho","BigCrunch","Bandage Up","GalacticHalo","MysteriousBeam+1","BlazeAway","CasketOfStar","Hallucinations","WitchOfGreed+1","Occultation+1","DarkSpark","StarDustReverie","Pot Of Greed","Occultation+1","Acceleration+1"],"relics":["MiniHakkero","aspiration:BabyByrd","Grinning Jar","Orichalcum","CaptainsWheel","FossilizedHelix","aspiration:SecretTechniqueScroll","MagicBroom","The Courier","Shovel","Replay:Ancient Bell","Omamori","Eternal Feather","aspiration:HatOfInfinitePower","Anchor","Kunai","Juzu Bracelet","Toxic Egg 2","Golden Egg","OrangePellets","Replay:Mystery Machine","Dream Catcher","Red Mask","Turnip"],"acts_visited":["Exordium","TheCity","TheBeyond"],"potions_floor_usage":[7,12,22,41,50,50],"damage_taken":[{"damage":7,"enemies":"Jaw Worm","floor":1,"turns":3},{"damage":2,"enemies":"2 Louse","floor":3,"turns":2},{"damage":0,"enemies":"Cultist","floor":5,"turns":2},{"damage":6,"enemies":"Gremlin Nob","floor":7,"turns":3},{"damage":1,"enemies":"Looter","floor":11,"turns":2},{"damage":8,"enemies":"3 Sentries","floor":12,"turns":5},{"damage":13,"enemies":"Large Slime","floor":13,"turns":3},{"damage":6,"enemies":"Hexaghost","floor":16,"turns":6},{"damage":0,"enemies":"Spheric Guardian","floor":18,"turns":3},{"damage":0,"enemies":"Chosen","floor":19,"turns":5},{"damage":15,"enemies":"Snecko","floor":22,"turns":6},{"damage":19,"enemies":"Cultist and Chosen","floor":23,"turns":6},{"damage":0,"enemies":"Centurion and Healer","floor":29,"turns":3},{"damage":0,"enemies":"Snecko","floor":31,"turns":4},{"damage":0,"enemies":"Champ","floor":33,"turns":5},{"damage":0,"enemies":"3 Shapes","floor":35,"turns":5},{"damage":0,"enemies":"Orb Walker","floor":36,"turns":2},{"damage":35,"enemies":"Writhing Mass","floor":39,"turns":5},{"damage":0,"enemies":"3 Darklings","floor":41,"turns":4},{"damage":0,"enemies":"Giant Head","floor":42,"turns":4},{"damage":0,"enemies":"Nemesis","floor":46,"turns":3},{"damage":0,"enemies":"4 Shapes","floor":47,"turns":6},{"damage":0,"enemies":"Awakened One","floor":50,"turns":6},{"damage":0,"enemies":"Replay:Hell Engine","floor":51,"turns":9}],"seed_played":"2444338486999688591","potions_obtained":[{"floor":3,"key":"Fire Potion"},{"floor":7,"key":"Doom Potion"},{"floor":11,"key":"LifebloodPotion"},{"floor":12,"key":"LiquidMemories"},{"floor":18,"key":"PowerPotion"},{"floor":35,"key":"Weak Potion"},{"floor":41,"key":"Dexterity Potion"}],"is_trial":false,"path_per_floor":["M","?","M","?","M","R","E","R","T","?","M","?","M","$","R","B",null,"M","M","?","T","M","M","?","R","T","?","$","M","R","M","R_BF","B",null,"M","M","?","$","M","R","M","E","T","R","$","E","M","?","R","B","B",null],"character_chosen":"MARISA","items_purchased":["MysteriousBeam","FossilizedHelix","Bandage Up","GalacticHalo","MysteriousBeam+1","Anchor","OrangePellets","Replay:Mystery Machine"],"campfire_rested":3,"item_purchase_floors":[14,14,28,28,28,38,45,45],"current_hp_per_floor":[38,38,36,36,36,36,30,51,51,40,39,31,18,18,39,33,61,61,61,61,61,46,27,7,29,29,29,29,33,33,33,33,33,65,69,69,69,69,38,56,56,56,56,75,75,75,75,75,75,75,75],"gold":7,"neow_bonus":"TRANSFORM_TWO_CARDS","is_daily":false,"chose_seed":false,"campfire_upgraded":2,"win_rate":0.0,"timestamp":1608820737,"path_taken":["M","?","M","?","M","R","E","R","T","?","?","?","M","$","R","BOSS","M","M","?","?","M","?","?","R","T","?","?","M","R","M","R_BF","BOSS","M","M","?","$","M","R","M","E","T","R","$","E","M","?","R","BOSS","BOSS"],"items_purchased_type":["Card","Relic","Card","Card","Card","Relic","Relic","Relic"],"build_version":"2020-12-22","purchased_purges":0,"victory":true,"max_hp_per_floor":[70,70,70,70,70,70,70,70,70,70,70,70,70,70,70,70,70,70,70,70,70,70,70,75,75,75,75,75,75,75,75,75,75,75,75,75,75,75,75,75,75,75,75,75,75,75,75,75,75,75,75],"card_choices":[{"not_picked":["MilkyWay","StarlightTyphoon"],"picked":"IllusionStar","floor":1},{"not_picked":["GrandCross","ShootingEcho"],"picked":"WitchLeyline","floor":3},{"not_picked":["GravityBeat","WitchOfGreed"],"picked":"Robbery","floor":5},{"not_picked":["LuminesStrike","OneTimeOff"],"picked":"WitchOfGreed","floor":7},{"not_picked":["DC","SporeBomb"],"picked":"CollectingQuirk","floor":11},{"not_picked":["EnergyRecoil","UnstableBomb"],"picked":"GravityBeat","floor":12},{"not_picked":["WitchLeyline","MilkyWay"],"picked":"DeepEcoloBomb","floor":13},{"not_picked":["MillisecondPulsars","SatelliteIllusion"],"picked":"ManaRampage","floor":16},{"not_picked":["StarlightTyphoon","WitchOfGreed"],"picked":"MilkyWay+1","floor":18},{"not_picked":["MachineGunSpark","ShootingEcho"],"picked":"OortCloud","floor":19},{"not_picked":["Acceleration","DarkSpark"],"picked":"6A","floor":22},{"not_picked":["DC","Acceleration"],"picked":"6A+1","floor":23},{"not_picked":["EnergyRecoil","MagicAbsorber"],"picked":"BlazeAway","floor":29},{"not_picked":["GravityBeat","MachineGunSpark","DoubleSpark"],"picked":"SKIP","floor":31},{"not_picked":["FinalSpark","AbsoluteMagnitude"],"picked":"CasketOfStar","floor":33},{"not_picked":["Shame","AbeCurse"],"picked":"Injury","floor":34},{"not_picked":["Spreading Infection","Replay:Hysterical Blindness"],"picked":"Pain","floor":34},{"not_picked":["Replay:Hysterical Blindness","Shame"],"picked":"Hallucinations","floor":34},{"not_picked":["IllusionStar","NonDirectionalLaser+1","6A"],"picked":"SKIP","floor":35},{"not_picked":["LuminesStrike","ManaConvection+1"],"picked":"WitchOfGreed+1","floor":36},{"not_picked":["MilkyWay+1","DC+1"],"picked":"Occultation+1","floor":39},{"not_picked":["DC+1","MagicAbsorber"],"picked":"DarkSpark","floor":41},{"not_picked":["IllusionStar","AlicesGift"],"picked":"StarDustReverie","floor":42},{"not_picked":["GasGiant+1","AsteroidBelt+1"],"picked":"Occultation+1","floor":46},{"not_picked":["DragonMeteor+1","NonDirectionalLaser+1"],"picked":"Acceleration+1","floor":47}],"player_experience":644169,"relics_obtained":[{"floor":7,"key":"Grinning Jar"},{"floor":9,"key":"Orichalcum"},{"floor":12,"key":"CaptainsWheel"},{"floor":21,"key":"MagicBroom"},{"floor":26,"key":"The Courier"},{"floor":32,"key":"Shovel"},{"floor":40,"key":"Kunai"},{"floor":42,"key":"Juzu Bracelet"},{"floor":43,"key":"Toxic Egg 2"},{"floor":44,"key":"Golden Egg"},{"floor":46,"key":"Dream Catcher"},{"floor":49,"key":"Turnip"}],"event_choices":[{"damage_healed":0,"gold_gain":75,"player_choice":"Gained Gold","damage_taken":0,"max_hp_gain":0,"max_hp_loss":0,"event_name":"Golden Wing","floor":4,"gold_loss":0},{"damage_healed":0,"gold_gain":75,"player_choice":"Gather Gold","damage_taken":11,"max_hp_gain":0,"max_hp_loss":0,"event_name":"World of Goop","floor":10,"gold_loss":0},{"damage_healed":0,"gold_gain":30,"player_choice":"Searched \u00272\u0027 times","damage_taken":0,"max_hp_gain":0,"max_hp_loss":0,"event_name":"Dead Adventurer","floor":12,"gold_loss":0},{"damage_healed":0,"gold_gain":0,"player_choice":"Shed Blood","damage_taken":25,"max_hp_gain":5,"max_hp_loss":0,"event_name":"Forgotten Altar","floor":24,"gold_loss":0},{"damage_healed":0,"gold_gain":0,"cards_transformed":["Strike_MRS","Strike_MRS"],"player_choice":"Became Test Subject","damage_taken":0,"max_hp_gain":0,"max_hp_loss":0,"event_name":"Drug Dealer","floor":27,"gold_loss":0,"cards_obtained":["ShootingEcho","BigCrunch"]},{"cards_removed":["Defend_MRS"],"damage_healed":0,"gold_gain":0,"player_choice":"Removed Skill","damage_taken":0,"max_hp_gain":0,"max_hp_loss":0,"event_name":"Falling","floor":37,"gold_loss":0},{"damage_healed":0,"gold_gain":0,"player_choice":"Paid","damage_taken":0,"relics_obtained":["Red Mask"],"max_hp_gain":0,"max_hp_loss":0,"event_name":"Tomb of Lord Red Mask","floor":48,"gold_loss":174}],"is_beta":false,"boss_relics":[{"not_picked":["aspiration:DefectSkillbook","SacredBark"],"picked":"aspiration:SecretTechniqueScroll"},{"not_picked":["Pandora\u0027s Box","aspiration:RitualDagger"],"picked":"Replay:Ancient Bell"},{"not_picked":["aspiration:Lifesprig","Bronze Scales"],"picked":"Omamori"},{"not_picked":["Meat on the Bone","aspiration:StickyExplosives_weak"],"picked":"Eternal Feather"},{"not_picked":["Calipers","Old Coin"],"picked":"aspiration:HatOfInfinitePower"}],"items_purged_floors":[],"is_endless":false,"potions_floor_spawned":[3,7,11,12,18,19,35,39,42],"ascension_level":20}}