{"host":"newqdrzxfhh2im9e","time":1608846359,"event":{"mods":["AchievementEnabler","BaseMod","BetterRewards","Block Reminder","Colored Map","Jorbs\u0027s Wanderer Trilogy","Minty Spire (QoL Compilation)","Rare Cards Sparkle","Shop Mod","StSLib"],"gold_per_floor":[115,128,141,316,316,316,344,344,644,644,659,44,44,62,62,162,162,181,181,281,301,318,318,318,318,318,332,242,259,275,303,303,407,407,419,469,479,10,10,39,49,61,61,9,9,22,22,22,22,22],"floor_reached":51,"playtime":2274,"items_purged":[],"score":787,"play_id":"01ee122d-acc4-48ef-9edf-c5d09d8a4b8e","local_time":"20201224134559","is_ascension_mode":true,"campfire_choices":[{"data":"White Noise","floor":6,"key":"SMITH"},{"floor":8,"key":"REST"},{"floor":10,"key":"REST"},{"floor":15,"key":"REST"},{"data":"Fission","floor":23,"key":"SMITH"},{"data":"Self Repair","floor":25,"key":"SMITH"},{"floor":32,"key":"REST"},{"floor":47,"key":"REST"},{"data":"Electrodynamics","floor":49,"key":"SMITH"}],"circlet_count":0,"master_deck":["Strike_B","Strike_B","Strike_B","Strike_B","Defend_B","Defend_B","Defend_B","Defend_B","Zap","White Noise+1","Genetic Algorithm","Self Repair+1","Ball Lightning","Fission+1","FTL","Force Field+1","Melter","Capacitor","Hello World","Doom and Gloom","Electrodynamics+1","Core Surge","CurseOfTheBell","Storm","Reboot","Hello World","Go for the Eyes+1","Sunder+1","Parasite","Loop+1","Chrysalis"],"relics":["Cracked Core","NeowsBlessing","Turnip","Juzu Bracelet","Old Coin","Lizard Tail","Mango","Cursed Key","MutagenicStrength","Mercury Hourglass","Shuriken","Calling Bell","Pen Nib","Pantograph","CaptainsWheel","Bird Faced Urn","DataDisk","Happy Flower","Thread and Needle"],"acts_visited":["Exordium","TheCity","TheBeyond"],"potions_floor_usage":[7,16,27,30,31,31,40,40,42,46],"damage_taken":[{"damage":0,"enemies":"Cultist","floor":1,"turns":1},{"damage":0,"enemies":"Jaw Worm","floor":2,"turns":1},{"damage":0,"enemies":"2 Louse","floor":3,"turns":1},{"damage":64,"enemies":"Gremlin Nob","floor":7,"turns":6},{"damage":18,"enemies":"Blue Slaver","floor":11,"turns":4},{"damage":13,"enemies":"Large Slime","floor":14,"turns":5},{"damage":41,"enemies":"Slime Boss","floor":16,"turns":8},{"damage":40,"enemies":"3 Byrds","floor":18,"turns":5},{"damage":17,"enemies":"Spheric Guardian","floor":21,"turns":4},{"damage":16,"enemies":"Snecko","floor":22,"turns":5},{"damage":30,"enemies":"Chosen and Byrds","floor":27,"turns":5},{"damage":30,"enemies":"Shelled Parasite and Fungi","floor":29,"turns":4},{"damage":23,"enemies":"Centurion and Healer","floor":30,"turns":7},{"damage":11,"enemies":"Gremlin Leader","floor":31,"turns":6},{"damage":71,"enemies":"Champ","floor":33,"turns":10},{"damage":4,"enemies":"3 Shapes","floor":35,"turns":1},{"damage":0,"enemies":"Mind Bloom Boss Battle","floor":36,"turns":7},{"damage":42,"enemies":"3 Darklings","floor":37,"turns":3},{"damage":27,"enemies":"Giant Head","floor":40,"turns":6},{"damage":29,"enemies":"Jaw Worm Horde","floor":41,"turns":3},{"damage":0,"enemies":"Sphere and 2 Shapes","floor":42,"turns":3},{"damage":25,"enemies":"Writhing Mass","floor":46,"turns":5},{"damage":85,"enemies":"Time Eater","floor":50,"turns":11}],"seed_played":"6119650893123890318","potions_obtained":[{"floor":1,"key":"LiquidMemories"},{"floor":14,"key":"PotionOfCapacity"},{"floor":16,"key":"SpeedPotion"},{"floor":22,"key":"LiquidMemories"},{"floor":29,"key":"SteroidPotion"},{"floor":30,"key":"DuplicationPotion"},{"floor":40,"key":"FairyPotion"},{"floor":41,"key":"SkillPotion"}],"is_trial":false,"path_per_floor":["M","M","M","?","T","R","E","R","T","R","M","$","?","M","R","B",null,"M","?","?","M","M","R","?","R","T","M","?","M","M","E","R","B",null,"M","?","M","$","?","E","M","M","T","$","?","M","R","?","R","B",null],"character_chosen":"DEFECT","items_purchased":["Lizard Tail","Mango","DataDisk","Happy Flower","Hello World","Block Potion","Strength Potion","BlessingOfTheForge"],"campfire_rested":5,"item_purchase_floors":[12,12,38,38,38,38,38,44],"current_hp_per_floor":[75,75,75,75,75,75,11,33,33,55,37,51,44,38,64,30,89,56,85,85,75,66,66,66,66,66,46,46,26,13,12,38,40,89,85,89,63,63,63,58,47,55,55,55,55,40,65,65,65,23],"gold":22,"neow_bonus":"THREE_ENEMY_KILL","is_daily":false,"chose_seed":false,"campfire_upgraded":4,"win_rate":0.0,"timestamp":1608846359,"path_taken":["M","M","M","?","?","R","E","R","T","R","M","$","?","M","R","BOSS","M","?","?","M","M","R","?","R","T","M","?","M","M","E","R","BOSS","M","?","M","$","?","E","M","M","T","$","?","M","R","?","R","BOSS"],"items_purchased_type":["Relic","Relic","Relic","Relic","Card","Potion","Potion","Potion"],"build_version":"2020-12-22","purchased_purges":0,"victory":true,"max_hp_per_floor":[75,75,75,75,75,75,75,75,75,75,75,89,89,89,89,89,89,89,89,89,89,89,89,89,89,89,89,89,89,89,89,89,89,89,89,89,89,89,85,85,85,85,85,85,85,85,85,85,85,85],"card_choices":[{"not_picked":["Barrage","Turbo","Coolheaded"],"picked":"SKIP","floor":1},{"not_picked":["Cold Snap","Stack","Leap"],"picked":"SKIP","floor":2},{"not_picked":["Consume","Darkness"],"picked":"White Noise","floor":3},{"not_picked":["Steam Power","Redo"],"picked":"Genetic Algorithm","floor":7},{"not_picked":["Steam","Streamline"],"picked":"Self Repair","floor":11},{"not_picked":["Leap","Redo"],"picked":"Ball Lightning","floor":14},{"not_picked":["Amplify","Multi-Cast"],"picked":"Fission","floor":16},{"not_picked":["Beam Cell+1","Conserve Battery"],"picked":"FTL","floor":18},{"not_picked":["Redo","Skim"],"picked":"Force Field","floor":21},{"not_picked":["Leap","Cold Snap"],"picked":"Melter","floor":22},{"not_picked":["Compile Driver+1","Auto Shields"],"picked":"Capacitor","floor":27},{"not_picked":["Coolheaded","Gash+1"],"picked":"Hello World","floor":29},{"not_picked":["Static Discharge","Beam Cell"],"picked":"Doom and Gloom","floor":30},{"not_picked":["Coolheaded+1","Chaos"],"picked":"Electrodynamics","floor":31},{"not_picked":["Meteor Strike","Machine Learning"],"picked":"Core Surge","floor":33},{"not_picked":["Rebound+1","Compile Driver+1"],"picked":"Storm","floor":35},{"not_picked":["Capacitor+1","Conserve Battery"],"picked":"Reboot","floor":37},{"not_picked":["Gash","Leap","Streamline"],"picked":"SKIP","floor":40},{"not_picked":["Genetic Algorithm","Steam"],"picked":"Go for the Eyes+1","floor":41},{"not_picked":["Capacitor","Streamline+1"],"picked":"Sunder+1","floor":42},{"not_picked":["Ball Lightning","Sweeping Beam"],"picked":"Loop+1","floor":46},{"not_picked":["Discovery","Dramatic Entrance"],"picked":"Chrysalis","floor":48}],"player_experience":638801,"relics_obtained":[{"floor":5,"key":"Turnip"},{"floor":7,"key":"Juzu Bracelet"},{"floor":9,"key":"Old Coin"},{"floor":26,"key":"Mercury Hourglass"},{"floor":31,"key":"Shuriken"},{"floor":34,"key":"Pen Nib"},{"floor":34,"key":"Pantograph"},{"floor":34,"key":"CaptainsWheel"},{"floor":36,"key":"Bird Faced Urn"},{"floor":40,"key":"Thread and Needle"}],"event_choices":[{"damage_healed":0,"gold_gain":175,"player_choice":"AGREE","damage_taken":0,"max_hp_gain":0,"max_hp_loss":0,"event_name":"Liars Game","floor":4,"gold_loss":0,"cards_obtained":["Doubt"]},{"cards_removed":["Doubt"],"damage_healed":0,"gold_gain":0,"player_choice":"Card Removal","damage_taken":7,"max_hp_gain":0,"max_hp_loss":0,"event_name":"Golden Wing","floor":13,"gold_loss":0},{"damage_healed":29,"gold_gain":0,"player_choice":"Heal","damage_taken":0,"max_hp_gain":0,"max_hp_loss":0,"event_name":"The Library","floor":19,"gold_loss":0},{"damage_healed":0,"gold_gain":100,"player_choice":"Pray","damage_taken":0,"max_hp_gain":0,"max_hp_loss":0,"event_name":"Golden Shrine","floor":20,"gold_loss":0},{"damage_healed":0,"gold_gain":0,"player_choice":"Inject Mutagens","damage_taken":0,"relics_obtained":["MutagenicStrength"],"max_hp_gain":0,"max_hp_loss":0,"event_name":"Drug Dealer","floor":24,"gold_loss":0},{"cards_removed":["Normality"],"damage_healed":0,"gold_gain":0,"player_choice":"Upgrade and Remove","damage_taken":0,"max_hp_gain":0,"max_hp_loss":0,"event_name":"Designer","floor":28,"gold_loss":90,"cards_upgraded":["Force Field"]},{"damage_healed":0,"gold_gain":0,"player_choice":"Fight","damage_taken":0,"max_hp_gain":0,"max_hp_loss":0,"event_name":"MindBloom","floor":36,"gold_loss":0},{"damage_healed":0,"gold_gain":0,"player_choice":"Max HP","damage_taken":0,"max_hp_gain":0,"max_hp_loss":4,"event_name":"Winding Halls","floor":39,"gold_loss":0},{"cards_removed":["Dualcast"],"damage_healed":0,"gold_gain":0,"player_choice":"Removed Skill","damage_taken":0,"max_hp_gain":0,"max_hp_loss":0,"event_name":"Falling","floor":45,"gold_loss":0},{"damage_healed":0,"gold_gain":0,"player_choice":"Memory 1","damage_taken":0,"max_hp_gain":0,"max_hp_loss":0,"event_name":"SensoryStone","floor":48,"gold_loss":0}],"is_beta":false,"boss_relics":[{"not_picked":["Coffee Dripper","Runic Dome"],"picked":"Cursed Key"},{"not_picked":["Sozu","Snecko Eye"],"picked":"Calling Bell"}],"items_purged_floors":[],"is_endless":false,"potions_floor_spawned":[1,14,16,22,29,30,40,41],"ascension_level":2}}