{"host":"h0xw20cia6ppa69g","time":1608807320,"event":{"mods":["AchievementEnabler","BaseMod","Colored Map","Filter the Spire","Googly Eyes","Minty Spire (QoL Compilation)","Relic Stats","StSLib","The Awakened One except there are too many feathers","everything is the same but u backflip on backflip"],"gold_per_floor":[366,366,378,53,53,53,80,94,120,167,189,211,234,279,291,400,412,441,481,505,532,544,581,593,605,664,676,722,33,51,51,51,148,148,162,180,195,195,213,244,244,278,278,278,328,343,373,396,396,396,396,396,26,61,61],"floor_reached":56,"playtime":3695,"items_purged":[],"score":1421,"play_id":"3f0e1613-a872-4c9d-b387-7ef89e686ed2","local_time":"20201224045520","is_ascension_mode":true,"campfire_choices":[{"data":"Metallicize","floor":6.0,"key":"SMITH"},{"data":"Feed","floor":15.0,"key":"SMITH"},{"data":"Heavy Blade","floor":24.0,"key":"SMITH"},{"data":"Limit Break","floor":32.0,"key":"SMITH"},{"floor":41.0,"key":"RECALL"},{"data":"Berserk","floor":44.0,"key":"SMITH"},{"data":"Disarm","floor":49,"key":"SMITH"},{"data":"Shockwave","floor":52,"key":"SMITH"}],"circlet_count":0,"master_deck":["Bash","Pommel Strike+1","Pommel Strike","Metallicize+1","Spot Weakness","Feed+1","Headbutt","Reaper","Burning Pact","Berserk+1","Exhume","Rampage","Feed","Power Through","Rampage","Feed","Dropkick","Shockwave+1","Clothesline","True Grit","Sword Boomerang+1","Disarm+1","Heavy Blade+1","Limit Break+1","True Grit","Cleave","Exhume","True Grit+1","Offering","Flex+1","Metallicize","Offering","Feel No Pain","Feel No Pain","Disarm+1","Feel No Pain","Dark Embrace","Discovery","Body Slam+1","Evolve"],"relics":["Burning Blood","Gremlin Horn","Happy Flower","Bag of Marbles","MawBank","Orichalcum","Whetstone","Pandora\u0027s Box","Red Mask","InkBottle","Enchiridion","Pear","Orrery","Paper Frog","Bag of Preparation","Mark of Pain","Eternal Feather","Molten Egg 2","Lantern","StrikeDummy","Bronze Scales","OrangePellets","Akabeko"],"acts_visited":["Exordium","TheCity","TheBeyond","TheEnding"],"potions_floor_usage":[54,55,55],"damage_taken":[{"damage":4.0,"enemies":"Jaw Worm","floor":1.0,"turns":8.0},{"damage":4.0,"enemies":"Cultist","floor":3.0,"turns":4.0},{"damage":4.0,"enemies":"3 Sentries","floor":7.0,"turns":10.0},{"damage":3.0,"enemies":"2 Louse","floor":8.0,"turns":2.0},{"damage":14.0,"enemies":"Gremlin Nob","floor":10.0,"turns":4.0},{"damage":6.0,"enemies":"Looter","floor":11.0,"turns":4.0},{"damage":6.0,"enemies":"Large Slime","floor":12.0,"turns":4.0},{"damage":7.0,"enemies":"3 Louse","floor":13.0,"turns":3.0},{"damage":12.0,"enemies":"3 Sentries","floor":14.0,"turns":6.0},{"damage":39.0,"enemies":"The Guardian","floor":16.0,"turns":13.0},{"damage":0.0,"enemies":"Chosen","floor":18.0,"turns":6.0},{"damage":3.0,"enemies":"Masked Bandits","floor":19.0,"turns":6.0},{"damage":6.0,"enemies":"2 Thieves","floor":20.0,"turns":5.0},{"damage":7.0,"enemies":"Cultist and Chosen","floor":21.0,"turns":8.0},{"damage":0.0,"enemies":"Book of Stabbing","floor":23.0,"turns":5.0},{"damage":11.0,"enemies":"Gremlin Leader","floor":28.0,"turns":6.0},{"damage":5.0,"enemies":"Snake Plant","floor":30.0,"turns":10.0},{"damage":59.0,"enemies":"Collector","floor":33.0,"turns":15.0},{"damage":6.0,"enemies":"3 Shapes","floor":35.0,"turns":2.0},{"damage":8.0,"enemies":"Orb Walker","floor":36.0,"turns":4.0},{"damage":10.0,"enemies":"Transient","floor":37.0,"turns":5.0},{"damage":35.0,"enemies":"Spire Growth","floor":39.0,"turns":6.0},{"damage":32.0,"enemies":"Reptomancer","floor":40.0,"turns":7.0},{"damage":86.0,"enemies":"Giant Head","floor":42.0,"turns":10.0},{"damage":25.0,"enemies":"Mind Bloom Boss Battle","floor":45.0,"turns":11.0},{"damage":18.0,"enemies":"3 Darklings","floor":46.0,"turns":9.0},{"damage":25.0,"enemies":"Reptomancer","floor":47.0,"turns":8.0},{"damage":56,"enemies":"Time Eater","floor":50,"turns":13},{"damage":22,"enemies":"Shield and Spear","floor":54,"turns":6},{"damage":76,"enemies":"The Heart","floor":55,"turns":8}],"seed_played":"1676699673512754827","potions_obtained":[{"floor":7.0,"key":"LiquidBronze"},{"floor":11.0,"key":"LiquidMemories"},{"floor":13.0,"key":"HeartOfIron"},{"floor":16.0,"key":"BlessingOfTheForge"},{"floor":20.0,"key":"Regen Potion"},{"floor":28.0,"key":"Swift Potion"},{"floor":37.0,"key":"PowerPotion"},{"floor":47.0,"key":"AttackPotion"},{"floor":54,"key":"ElixirPotion"}],"is_trial":false,"path_per_floor":["M","?","M","$","?","R","E","M","T","E","M","M","M","E","R","B",null,"M","?","M","M","?","E","R","?","T","?","E","$","M","$","R","B",null,"M","M","M","?","M","E","R","E","T","R","?","M","E","T","R","B",null,"R","$","E","B",null],"character_chosen":"IRONCLAD","items_purchased":["Gremlin Horn","Metallicize","Orrery","Paper Frog","Bag of Preparation","Exhume","OrangePellets","Dark Embrace","Discovery","Body Slam+1"],"campfire_rested":0,"item_purchase_floors":[4,4,29,29,29,29,53,53,53,53],"current_hp_per_floor":[58,58,60,60,53,53,55,58,58,50,53,56,76,92,92,63,96,100,111,119,126,126,131,131,115,115,87,96,96,104,104,104,113,158,170,172,174,174,149,159,177,128,128,146,180,193,197,197,197,151,201,201,201,209,143],"gold":61,"neow_bonus":"TWO_FIFTY_GOLD","is_daily":false,"chose_seed":false,"campfire_upgraded":7,"win_rate":0.0,"timestamp":1608807320,"path_taken":["M","?","?","$","?","R","E","M","T","E","M","M","M","E","R","BOSS","M","?","M","M","?","E","R","?","T","?","E","$","?","$","R","BOSS","M","M","?","?","M","E","R","E","T","R","?","M","E","?","R","BOSS","R","$","E","BOSS"],"items_purchased_type":["Relic","Card","Relic","Relic","Relic","Card","Relic","Card","Card","Card"],"build_version":"2020-12-22","purchased_purges":0,"victory":true,"max_hp_per_floor":[80,80,80,80,80,80,80,80,80,80,83,86,89,92,92,96,96,100,111,119,127,127,131,131,131,131,136,150,150,154,154,154,158,158,170,174,174,174,178,181,181,185,185,185,189,193,197,197,197,201,201,201,201,209,213],"relic_stats":{"Gremlin Horn":[45,45],"Happy Flower":[65],"counters":[30,208],"Eternal Feather":36,"Bag of Preparation":[28],"Whetstone":["Pommel Strike","Strike_R"],"Orichalcum":[504],"MawBank":240,"Burning Blood":139,"OrangePellets":[7],"Bronze Scales":[159],"Pandora\u0027s Box":["Exhume","Rampage","Feed","Power Through","Rampage","Feed","Dropkick","Shockwave"],"obtain_stats":[{"Lantern":43,"Pear":28,"Gremlin Horn":4,"Happy Flower":5,"Enchiridion":25,"Eternal Feather":40,"Bag of Preparation":29,"Whetstone":14,"Orichalcum":10,"MawBank":9,"Burning Blood":0,"Akabeko":54,"OrangePellets":53,"Bronze Scales":48,"Orrery":29,"Pandora\u0027s Box":17,"Molten Egg 2":42,"Mark of Pain":34,"Bag of Marbles":7,"Red Mask":19,"StrikeDummy":47,"InkBottle":23,"Paper Frog":29},{"Lantern":24,"Pear":16,"Gremlin Horn":2,"Happy Flower":2,"Enchiridion":15,"Eternal Feather":23,"Bag of Preparation":16,"Whetstone":9,"Orichalcum":5,"MawBank":4,"Burning Blood":0,"Akabeko":29,"OrangePellets":28,"Bronze Scales":27,"Orrery":16,"Pandora\u0027s Box":10,"Molten Egg 2":24,"Mark of Pain":18,"Bag of Marbles":3,"Red Mask":12,"StrikeDummy":27,"InkBottle":15,"Paper Frog":16},{"Lantern":153,"Pear":94,"Gremlin Horn":12,"Happy Flower":12,"Enchiridion":88,"Eternal Feather":143,"Bag of Preparation":94,"Whetstone":45,"Orichalcum":28,"MawBank":24,"Burning Blood":0,"Akabeko":200,"OrangePellets":194,"Bronze Scales":181,"Orrery":94,"Pandora\u0027s Box":58,"Molten Egg 2":153,"Mark of Pain":119,"Bag of Marbles":22,"Red Mask":70,"StrikeDummy":181,"InkBottle":88,"Paper Frog":94}],"InkBottle":[46]},"card_choices":[{"not_picked":["Twin Strike","Seeing Red"],"picked":"Pommel Strike","floor":1.0},{"not_picked":["Perfected Strike","Body Slam"],"picked":"Pommel Strike","floor":3.0},{"not_picked":["Shrug It Off","Brutality"],"picked":"Spot Weakness","floor":7.0},{"not_picked":["Perfected Strike","Fire Breathing","Wild Strike"],"picked":"SKIP","floor":8.0},{"not_picked":["Iron Wave","Twin Strike"],"picked":"Feed","floor":10.0},{"not_picked":["Perfected Strike","Dropkick"],"picked":"Headbutt","floor":11.0},{"not_picked":["Ghostly Armor","Anger"],"picked":"Reaper","floor":12.0},{"not_picked":["Rupture","Anger"],"picked":"Burning Pact","floor":13.0},{"not_picked":["True Grit","Seeing Red"],"picked":"Flame Barrier","floor":14.0},{"not_picked":["Juggernaut","Bludgeon"],"picked":"Berserk","floor":16.0},{"not_picked":["Flex","Power Through"],"picked":"Clothesline","floor":18.0},{"not_picked":["Dropkick","Rampage"],"picked":"True Grit","floor":19.0},{"not_picked":["Warcry+1","Pummel"],"picked":"Sword Boomerang+1","floor":20.0},{"not_picked":["Clothesline","Anger","Seeing Red"],"picked":"SKIP","floor":21.0},{"not_picked":["Warcry","Sentinel+1"],"picked":"Heavy Blade","floor":23.0},{"not_picked":["Shockwave","Flame Barrier"],"picked":"Limit Break","floor":28.0},{"not_picked":["Heavy Blade","Cleave"],"picked":"True Grit","floor":29.0},{"not_picked":["True Grit","Iron Wave+1"],"picked":"Cleave","floor":29.0},{"not_picked":["Perfected Strike","Infernal Blade+1"],"picked":"True Grit+1","floor":30.0},{"not_picked":["Immolate","Berserk"],"picked":"Offering","floor":33.0},{"not_picked":["Headbutt+1","Fire Breathing","Sword Boomerang"],"picked":"SKIP","floor":35.0},{"not_picked":["Warcry+1","Clothesline+1","Heavy Blade"],"picked":"SKIP","floor":36.0},{"not_picked":["Searing Blow","Shrug It Off+1"],"picked":"Flex+1","floor":37.0},{"not_picked":["Berserk","Blood for Blood"],"picked":"Metallicize","floor":39.0},{"not_picked":["Shrug It Off+1","Second Wind"],"picked":"Offering","floor":40.0},{"not_picked":["Second Wind+1","Heavy Blade+1"],"picked":"Feel No Pain","floor":42.0},{"not_picked":["Searing Blow+1","Sever Soul+1"],"picked":"Feel No Pain","floor":45.0},{"not_picked":["Iron Wave+1","Shrug It Off+1"],"picked":"Disarm+1","floor":46.0},{"not_picked":["Headbutt+1","Perfected Strike+1"],"picked":"Feel No Pain","floor":47.0},{"not_picked":["Entrench","Dropkick+1"],"picked":"Evolve","floor":54}],"player_experience":3544064,"relics_obtained":[{"floor":7.0,"key":"Bag of Marbles"},{"floor":9.0,"key":"MawBank"},{"floor":10.0,"key":"Orichalcum"},{"floor":14.0,"key":"Whetstone"},{"floor":19.0,"key":"Red Mask"},{"floor":23.0,"key":"InkBottle"},{"floor":25.0,"key":"Enchiridion"},{"floor":28.0,"key":"Pear"},{"floor":40.0,"key":"Eternal Feather"},{"floor":42.0,"key":"Molten Egg 2"},{"floor":43.0,"key":"Lantern"},{"floor":47.0,"key":"StrikeDummy"},{"floor":48,"key":"Bronze Scales"},{"floor":54,"key":"Akabeko"}],"event_choices":[{"cards_removed":["Strike_R"],"damage_healed":0.0,"max_hp_gain":0.0,"max_hp_loss":0.0,"gold_gain":0.0,"event_name":"Bonfire Elementals","player_choice":"Offered Basic","floor":2.0,"gold_loss":0.0,"damage_taken":0.0},{"damage_healed":0.0,"max_hp_gain":0.0,"max_hp_loss":0.0,"gold_gain":0.0,"event_name":"Scrap Ooze","player_choice":"Success","floor":5.0,"gold_loss":0.0,"damage_taken":7.0,"relics_obtained":["Happy Flower"]},{"damage_healed":0.0,"max_hp_gain":0.0,"max_hp_loss":0.0,"gold_gain":0.0,"event_name":"Masked Bandits","player_choice":"Fought Bandits","floor":19.0,"gold_loss":0.0,"damage_taken":0.0},{"damage_healed":0.0,"max_hp_gain":0.0,"max_hp_loss":0.0,"gold_gain":0.0,"event_name":"The Library","player_choice":"Read","floor":22.0,"gold_loss":0.0,"damage_taken":0.0,"cards_obtained":["Disarm"]},{"damage_healed":0.0,"max_hp_gain":0.0,"max_hp_loss":0.0,"gold_gain":0.0,"event_name":"Cursed Tome","player_choice":"Obtained Book","floor":25.0,"gold_loss":0.0,"damage_taken":16.0},{"damage_healed":0.0,"max_hp_gain":5.0,"max_hp_loss":0.0,"gold_gain":0.0,"event_name":"Forgotten Altar","player_choice":"Shed Blood","floor":27.0,"gold_loss":0.0,"damage_taken":33.0},{"cards_removed":["Flame Barrier"],"damage_healed":0.0,"max_hp_gain":0.0,"max_hp_loss":0.0,"gold_gain":0.0,"event_name":"Falling","player_choice":"Removed Skill","floor":38.0,"gold_loss":0.0,"damage_taken":0.0},{"damage_healed":0.0,"max_hp_gain":0.0,"max_hp_loss":0.0,"gold_gain":0.0,"event_name":"MindBloom","player_choice":"Fight","floor":45.0,"gold_loss":0.0,"damage_taken":0.0}],"is_beta":false,"boss_relics":[{"not_picked":["Black Blood","Runic Dome"],"picked":"Pandora\u0027s Box"},{"not_picked":["Calling Bell","Velvet Choker"],"picked":"Mark of Pain"}],"items_purged_floors":[],"is_endless":false,"potions_floor_spawned":[7,11,13,14,16,20,21,28,30,37,39,47,54],"ascension_level":1}}