{"host":"cyh4fejqtcjbfr7k","time":1608784312,"event":{"mods":["2.2 Compatiblity","AchievementEnabler","BaseMod","Colored Map","Colored Powertips","DeckTracker","Downfall","Googly Eyes","Hubris","Infinite Spire","Minty Spire (QoL Compilation)","Replay The Spire","Shop Mod","StSLib","SuperFastMode","Unceasing Turn Reminder"],"gold_per_floor":[109,109,109,126,143,143,169,16,87,100,100,119,119,134,134,236,236,248,298,298,310,331,331,333,378,378,156,156,174,223,249,249,361,361,378,399,399,415,115,115,150,150,225,125,161,161,177,177,177,187],"floor_reached":51,"playtime":1496,"items_purged":[],"score":958,"play_id":"a9642919-67b9-4166-9102-bbf2aae12288","local_time":"20201223213152","is_ascension_mode":true,"campfire_choices":[{"floor":6,"key":"REST"},{"floor":11,"key":"REST"},{"floor":13,"key":"REST"},{"data":"Infernal Blade","floor":15,"key":"SMITH"},{"data":"hubris:InfiniteBlow","floor":23,"key":"SMITH"},{"data":"Inflame","floor":28,"key":"SMITH"},{"data":"hubris:InfiniteBlow+2","floor":32,"key":"SMITH"},{"floor":40,"key":"REST"},{"data":"hubris:InfiniteBlow+3","floor":49,"key":"SMITH"}],"circlet_count":0,"master_deck":["Strike_R","Strike_R","Strike_R","Strike_R","Defend_R","Defend_R","Defend_R","Defend_R+1","Bash","Replay:Undeath\u0027s Touch","Uppercut","Armaments","Twin Strike","Impervious","Inflame+1","hubris:InfiniteBlow+4","Flame Barrier","Heavy Blade","Thunderclap","Double Tap","Bludgeon","Pommel Strike+1","Infernal Blade","Blind","Replay:Undeath\u0027s Touch+1","Barricade","Seeing Red","hubris:DuctTapeCard","Cleave+1","Perfected Strike"],"relics":["Burning Blood","Vajra","InkBottle","hubris:OldNail","ReplayTheSpireMod:Ninjato","Sozu","hubris:ScarierMask","infinitespire:Midas Blood","infinitespire:Satchel","Mummified Hand","Lee\u0027s Waffle","MerchantsRug","Replay:Mystery Machine","Whetstone","hubris:Backtick","Ice Cream","Sling","ReplayFunnel","Onion Ring","hubris:DuctTape","hubris:Towel"],"acts_visited":["Exordium","TheCity","TheBeyond"],"potions_floor_usage":[7],"damage_taken":[{"damage":18,"enemies":"Jaw Worm","floor":1,"turns":5},{"damage":0,"enemies":"2 Louse","floor":4,"turns":2},{"damage":0,"enemies":"Cultist","floor":5,"turns":3},{"damage":34,"enemies":"3 Sentries","floor":7,"turns":8},{"damage":10,"enemies":"3 Louse","floor":10,"turns":3},{"damage":12,"enemies":"Gremlin Gang","floor":12,"turns":5},{"damage":3,"enemies":"Looter","floor":14,"turns":3},{"damage":71,"enemies":"Fading Forest","floor":16,"turns":11},{"damage":12,"enemies":"3 Byrds","floor":18,"turns":5},{"damage":3,"enemies":"Chosen","floor":21,"turns":3},{"damage":7,"enemies":"Snake Plant","floor":22,"turns":3},{"damage":48,"enemies":"Book of Stabbing","floor":25,"turns":6},{"damage":16,"enemies":"Shelled Parasite and Fungi","floor":29,"turns":3},{"damage":0,"enemies":"Gremlin Leader","floor":31,"turns":3},{"damage":77,"enemies":"Champ","floor":33,"turns":11},{"damage":20,"enemies":"Orb Walker","floor":35,"turns":3},{"damage":19,"enemies":"3 Shapes","floor":36,"turns":2},{"damage":0,"enemies":"Sphere and 2 Shapes","floor":38,"turns":2},{"damage":24,"enemies":"Reptomancer","floor":41,"turns":6},{"damage":4,"enemies":"R_Hoarder","floor":45,"turns":3},{"damage":0,"enemies":"4 Shapes","floor":47,"turns":1},{"damage":35,"enemies":"Donu and Deca","floor":50,"turns":5}],"seed_played":"-4527004747579991204","potions_obtained":[{"floor":1,"key":"BlessingOfTheForge"},{"floor":3,"key":"LiquidBronze"},{"floor":3,"key":"Death Potion"},{"floor":12,"key":"Weak Potion"},{"floor":16,"key":"Death Potion"}],"is_trial":false,"path_per_floor":["M","?","?","M","M","R","E","$","T","M","R","M","R","M","R","B",null,"M","?","AVR","M","M","R","?","E","T","$","R","M","T","E","R","B",null,"M","M","?","M","$","R","E","?","T","NS","E","?","M","?","R","B",null],"character_chosen":"IRONCLAD","items_purchased":["hubris:OldNail","Lee\u0027s Waffle","MerchantsRug","Barricade","Sling"],"campfire_rested":4,"item_purchase_floors":[8,27,27,39,39],"current_hp_per_floor":[68,52,52,58,64,80,52,52,52,48,72,66,80,80,80,23,80,74,74,74,77,76,76,68,26,26,87,87,77,77,83,83,12,87,73,60,60,66,66,87,69,69,69,69,71,71,77,77,77,48],"gold":187,"neow_bonus":"RANDOM_COMMON_RELIC","is_daily":false,"chose_seed":false,"campfire_upgraded":5,"win_rate":0.0,"timestamp":1608784312,"path_taken":["M","?","?","?","M","R","E","$","T","M","R","M","R","M","R","BOSS","M","?","AVR","M","?","R","?","E","T","?","R","M","?","E","R","BOSS","M","M","?","M","$","R","E","?","T","NS","E","?","M","?","R","BOSS"],"items_purchased_type":["Relic","Relic","Relic","Card","Relic"],"build_version":"2020-12-22","purchased_purges":0,"victory":true,"max_hp_per_floor":[80,80,80,80,80,80,80,80,80,80,80,80,80,80,80,80,80,80,80,80,80,80,80,80,80,80,87,87,87,87,87,87,87,87,87,87,87,87,87,87,87,87,87,87,87,87,87,87,87,87],"card_choices":[{"not_picked":["Anger","hubris:SharpeningStone"],"picked":"Replay:Undeath\u0027s Touch","floor":1},{"not_picked":["True Grit","Cleave"],"picked":"Uppercut","floor":4},{"not_picked":["ReplayTheSpireMod:Limb From Limb","Heavy Blade"],"picked":"Infernal Blade","floor":5},{"not_picked":["Combust","Clothesline"],"picked":"Armaments","floor":7},{"not_picked":["Shrug It Off","Warcry"],"picked":"Infernal Blade","floor":10},{"not_picked":["Massacre","Twin Strike"],"picked":"hubris:CleavingFinish","floor":12},{"not_picked":["Body Slam","Dark Embrace"],"picked":"Twin Strike","floor":14},{"not_picked":["Juggernaut","Exhume"],"picked":"Impervious","floor":16},{"not_picked":["Iron Wave","Clothesline"],"picked":"Inflame","floor":18},{"not_picked":["Shrug It Off","Blood for Blood"],"picked":"Flame Barrier","floor":21},{"not_picked":["ReplayTheSpireMod:Stacked","Iron Wave"],"picked":"Heavy Blade","floor":22},{"not_picked":["Cleave","Burning Pact"],"picked":"Thunderclap","floor":25},{"not_picked":["Perfected Strike","Clash"],"picked":"Blood for Blood+1","floor":29},{"not_picked":["Havoc","Exhume"],"picked":"Double Tap","floor":31},{"not_picked":["Immolate","Eclipse"],"picked":"Bludgeon","floor":33},{"not_picked":["Disarm+1","Power Through"],"picked":"Pommel Strike+1","floor":35},{"not_picked":["Heavy Blade","Headbutt"],"picked":"Infernal Blade","floor":36},{"not_picked":["Secret Weapon","Purity"],"picked":"Blind","floor":37},{"not_picked":["Pommel Strike+1","Wild Strike"],"picked":"Replay:Undeath\u0027s Touch+1","floor":38},{"not_picked":["Iron Wave","Heavy Blade+1"],"picked":"Seeing Red","floor":41},{"not_picked":["Warcry","ReplayTheSpireMod:Corrosion Curse"],"picked":"Cleave+1","floor":45},{"not_picked":["Hemokinesis","Battle Trance+1"],"picked":"Perfected Strike","floor":47}],"player_experience":610561,"relics_obtained":[{"floor":7,"key":"InkBottle"},{"floor":9,"key":"ReplayTheSpireMod:Ninjato"},{"floor":25,"key":"infinitespire:Satchel"},{"floor":26,"key":"Mummified Hand"},{"floor":30,"key":"Replay:Mystery Machine"},{"floor":31,"key":"Whetstone"},{"floor":41,"key":"ReplayFunnel"},{"floor":43,"key":"Onion Ring"},{"floor":45,"key":"hubris:DuctTape"}],"event_choices":[{"damage_healed":0,"gold_gain":0,"player_choice":"Entered Light","damage_taken":16,"max_hp_gain":0,"max_hp_loss":0,"event_name":"Shining Light","floor":2,"gold_loss":0,"cards_upgraded":["Strike_R","Defend_R"]},{"damage_healed":0,"gold_gain":0,"player_choice":"Got Potions","damage_taken":0,"max_hp_gain":0,"max_hp_loss":0,"event_name":"Lab","floor":3,"gold_loss":0},{"damage_healed":0,"gold_gain":100,"player_choice":"Bet on Murderer","damage_taken":0,"max_hp_gain":0,"max_hp_loss":0,"event_name":"The Joust","floor":19,"gold_loss":50},{"damage_healed":0,"gold_gain":0,"player_choice":"Damaged","damage_taken":8,"max_hp_gain":0,"max_hp_loss":0,"event_name":"Wheel of Change","floor":24,"gold_loss":0},{"damage_healed":0,"gold_gain":0,"player_choice":"Memory 1","damage_taken":0,"max_hp_gain":0,"max_hp_loss":0,"event_name":"SensoryStone","floor":37,"gold_loss":0},{"cards_removed":["Blood for Blood"],"damage_healed":0,"gold_gain":0,"player_choice":"Removed Attack","damage_taken":0,"max_hp_gain":0,"max_hp_loss":0,"event_name":"Falling","floor":46,"gold_loss":0}],"is_beta":false,"boss_relics":[{"not_picked":["Velvet Choker","Coffee Dripper"],"picked":"Sozu"},{"not_picked":["Black Blood","Philosopher\u0027s Stone"],"picked":"hubris:Backtick"}],"items_purged_floors":[],"is_endless":false,"potions_floor_spawned":[1,12,14,16,18,29,31,35],"ascension_level":3}}