{"host":"reretk0dz0kj8f1n","time":1608824403,"event":{"mods":["Arknights The Spire","BaseMod","Colored Map","Minty Spire (QoL Compilation)","StSLib"],"gold_per_floor":[109,284,284,296,310,342,342,375,398,423,439,137,150,162,162,263,263,274,274,291,291,310,344,344,362,412,412,438,438,38,56,56,56,56],"floor_reached":33,"playtime":1150,"items_purged":["Doubt","ats:Armor Crushing Shot"],"score":309,"play_id":"3b9e2904-0c8d-4649-af77-b3a8e5b955e0","local_time":"20201225004003","is_ascension_mode":false,"campfire_choices":[{"data":"ats:Emotion Absorption","floor":7,"key":"SMITH"},{"floor":15,"key":"REST"},{"floor":24,"key":"REST"},{"floor":27,"key":"REST"},{"floor":32,"key":"REST"}],"circlet_count":0,"master_deck":["ats:Strike C+1","ats:Strike G+1","ats:Strike S","ats:Strike V","ats:Defend","ats:Defend","ats:Defend+1","ats:Defend","ats:Emotion Absorption+1","ats:Mental Burst+1","ats:Guardian Obelisk+1","ats:Ignite","ats:Echo Reverb","ats:Flame Of Heaven","ats:Ignite","ats:Roar Of Ursus","ats:Mental Burst","ats:Guardian Obelisk","ats:Disruption Kick","ats:Mental Burst+1","ats:Sunburst+1"],"relics":["ats:Sanity","NeowsBlessing","ats:Originium","PreservedInsect","ats:Originium","ats:MaxSp1","Whetstone","ats:Originium","Sundial","ats:Tactical Delivery","ats:Originium","Thread and Needle","Centennial Puzzle","Bottled Tornado","DollysMirror","War Paint"],"acts_visited":["Exordium","TheCity"],"potions_floor_usage":[11,11,13,16,23,28,28,29],"damage_taken":[{"damage":0,"enemies":"Jaw Worm","floor":1,"turns":1},{"damage":0,"enemies":"2 Louse","floor":4,"turns":1},{"damage":0,"enemies":"Cultist","floor":5,"turns":1},{"damage":35,"enemies":"3 Sentries","floor":6,"turns":6},{"damage":3,"enemies":"Gremlin Nob","floor":8,"turns":3},{"damage":24,"enemies":"Lagavulin","floor":10,"turns":4},{"damage":17,"enemies":"Large Slime","floor":11,"turns":6},{"damage":9,"enemies":"2 Fungi Beasts","floor":13,"turns":3},{"damage":1,"enemies":"Exordium Thugs","floor":14,"turns":3},{"damage":27,"enemies":"The Guardian","floor":16,"turns":9},{"damage":12,"enemies":"Shell Parasite","floor":18,"turns":4},{"damage":0,"enemies":"Spheric Guardian","floor":20,"turns":3},{"damage":16,"enemies":"Chosen and Byrds","floor":22,"turns":5},{"damage":30,"enemies":"Gremlin Leader","floor":23,"turns":4},{"damage":28,"enemies":"Shelled Parasite and Fungi","floor":25,"turns":4},{"damage":9,"enemies":"Book of Stabbing","floor":28,"turns":3},{"damage":0,"enemies":"Snecko","floor":29,"turns":2},{"damage":11,"enemies":"Centurion and Healer","floor":31,"turns":3},{"damage":54,"enemies":"Automaton","floor":33,"turns":6}],"seed_played":"-2686004726513028707","potions_obtained":[{"floor":1,"key":"Weak Potion"},{"floor":4,"key":"Regen Potion"},{"floor":8,"key":"FairyPotion"},{"floor":13,"key":"Swift Potion"},{"floor":22,"key":"SmokeBomb"},{"floor":25,"key":"Fire Potion"},{"floor":28,"key":"ats:Emergency Sanity Potion"}],"is_trial":false,"path_per_floor":["M","?","?","M","M","E","R","E","T","E","M","$","M","M","R","B",null,"M","?","M","?","M","E","R","M","T","R","E","M","$","M","R","B"],"character_chosen":"DOCTOR_CLASS","items_purchased":["ats:Flame Of Heaven","ats:Ignite","EntropicBrew","DollysMirror","War Paint"],"campfire_rested":4,"item_purchase_floors":[12,12,12,30,30],"current_hp_per_floor":[72,72,72,72,72,37,37,34,34,10,8,8,21,20,41,14,72,60,60,60,60,44,14,35,7,7,28,19,19,19,8,29,0,0],"gold":56,"neow_bonus":"THREE_ENEMY_KILL","is_daily":false,"chose_seed":false,"campfire_upgraded":1,"win_rate":0.0,"timestamp":1608824403,"path_taken":["M","?","?","M","?","E","R","E","T","E","M","$","M","M","R","BOSS","M","?","M","?","M","E","R","M","T","R","E","?","$","M","R","BOSS"],"items_purchased_type":["Card","Card","Potion","Relic","Relic"],"build_version":"2020-12-22","purchased_purges":2,"victory":false,"max_hp_per_floor":[72,72,72,72,72,72,72,72,72,72,72,72,72,72,72,72,72,72,72,72,72,72,72,72,72,72,72,72,72,72,72,72,72,72],"card_choices":[{"not_picked":["ats:Revitalization","ats:Hammer On"],"picked":"ats:Mental Burst","floor":1},{"not_picked":["ats:Curse Doll","ats:Revitalization","ats:Leaping Hammer"],"picked":"SKIP","floor":4},{"not_picked":["ats:Shadow Raid","ats:Cat Scratch"],"picked":"ats:Guardian Obelisk","floor":5},{"not_picked":["ats:Roar Of Ursus","ats:Chain Hook"],"picked":"ats:Ignite","floor":6},{"not_picked":["ats:Revitalization","ats:Counter Healing Mode","ats:Apocalypse"],"picked":"SKIP","floor":8},{"not_picked":["ats:Chain Hook","ats:Beaten Up","ats:Revitalization"],"picked":"SKIP","floor":10},{"not_picked":["ats:Poison Spread","ats:Spore Proliferation"],"picked":"ats:Echo Reverb","floor":11},{"not_picked":["ats:Hook Shot","ats:Poison Spread","ats:Blood Oath"],"picked":"SKIP","floor":13},{"not_picked":["ats:Blood Oath","ats:Poison Spread","ats:Powerful Strike"],"picked":"SKIP","floor":14},{"not_picked":["ats:Ambush","ats:Volcano"],"picked":"ats:Roar Of Ursus","floor":16},{"not_picked":["ats:Counter Healing Mode","ats:Chain Hook","ats:Hammer On"],"picked":"SKIP","floor":18},{"not_picked":["ats:Powerful Strike","ats:Revitalization+1","ats:Cat Scratch+1"],"picked":"SKIP","floor":20},{"not_picked":["ats:Revitalization","ats:Steam Pump"],"picked":"ats:Guardian Obelisk","floor":22},{"not_picked":["ats:Apocalypse","ats:Thermite Blade","ats:Childhood Dance+1"],"picked":"SKIP","floor":23},{"not_picked":["ats:Poison Spread","ats:Revitalization","ats:Consecutive Shot Auto+1"],"picked":"SKIP","floor":25},{"not_picked":["ats:Explosion Area Strengthen","ats:Thermite Blade+1"],"picked":"ats:Disruption Kick","floor":28},{"not_picked":["ats:Collapsing Strike","ats:Leaping Hammer"],"picked":"ats:Sunburst+1","floor":31}],"player_experience":236074,"relics_obtained":[{"floor":6,"key":"ats:Originium"},{"floor":6,"key":"PreservedInsect"},{"floor":8,"key":"ats:Originium"},{"floor":8,"key":"ats:MaxSp1"},{"floor":9,"key":"Whetstone"},{"floor":10,"key":"ats:Originium"},{"floor":10,"key":"Sundial"},{"floor":23,"key":"ats:Originium"},{"floor":23,"key":"Thread and Needle"},{"floor":26,"key":"Centennial Puzzle"},{"floor":28,"key":"Bottled Tornado"}],"event_choices":[{"damage_healed":0,"gold_gain":175,"player_choice":"AGREE","damage_taken":0,"max_hp_gain":0,"max_hp_loss":0,"event_name":"Liars Game","floor":2,"gold_loss":0,"cards_obtained":["Doubt"]},{"damage_healed":0,"gold_gain":0,"player_choice":"Upgraded","damage_taken":0,"max_hp_gain":0,"max_hp_loss":0,"event_name":"Upgrade Shrine","floor":3,"gold_loss":0,"cards_upgraded":["ats:Mental Burst"]},{"damage_healed":0,"gold_gain":0,"player_choice":"Ignored","damage_taken":0,"max_hp_gain":0,"max_hp_loss":0,"event_name":"Ghosts","floor":19,"gold_loss":0},{"damage_healed":0,"gold_gain":0,"player_choice":"Read","damage_taken":0,"max_hp_gain":0,"max_hp_loss":0,"event_name":"The Library","floor":21,"gold_loss":0,"cards_obtained":["ats:Mental Burst"]}],"is_beta":false,"boss_relics":[{"not_picked":["Tiny House","Snecko Eye"],"picked":"ats:Tactical Delivery"}],"items_purged_floors":[12,30],"is_endless":false,"potions_floor_spawned":[1,4,8,13,14,22,25,28],"killed_by":"Automaton","ascension_level":0}}