{"host":"xb2tau8pgi8aflss","time":1608823337,"event":{"mods":["AchievementEnabler","BaseMod","Hermit","Minty Spire (QoL Compilation)","StSLib","SuperFastMode"],"gold_per_floor":[118,129,109,124,135,160,134,134,159,171,196,51,51,82,82,181,181,194,204,90,110,127,127,127],"floor_reached":23,"playtime":994,"items_purged":[],"score":274,"play_id":"225c52b9-7e1f-43ca-b254-fb8e02037dde","local_time":"20201225002217","is_ascension_mode":true,"campfire_choices":[{"data":"hermit:Combo","floor":8,"key":"SMITH"},{"data":"hermit:Dissolve","floor":13,"key":"SMITH"},{"data":"hermit:EyeOfTheStorm","floor":15,"key":"SMITH"}],"circlet_count":0,"master_deck":["hermit:Strike_Hermit+1","hermit:Strike_Hermit+1","hermit:Strike_Hermit","hermit:Strike_Hermit","hermit:Defend_Hermit","hermit:Defend_Hermit","hermit:Defend_Hermit","hermit:Defend_Hermit","hermit:Snapshot","hermit:Covet","hermit:Combo+1","hermit:Ricochet","hermit:Dive","hermit:Dissolve+1","hermit:Vantage","hermit:ItchyTrigger","hermit:EyeOfTheStorm+1","hermit:Adapt","hermit:ItchyTrigger","hermit:BigShot","hermit:Snipe","hermit:Coalescence","hermit:GhostlyPresence"],"relics":["hermit:Momento","Whetstone","Anchor","Oddly Smooth Stone","Bag of Preparation","hermit:PetGhost","Bronze Scales"],"acts_visited":["Exordium","TheCity"],"potions_floor_usage":[6,11,14,14,16,22,23,23,23],"damage_taken":[{"damage":0,"enemies":"2 Louse","floor":1,"turns":2},{"damage":0,"enemies":"Cultist","floor":2,"turns":4},{"damage":6,"enemies":"Jaw Worm","floor":4,"turns":4},{"damage":13,"enemies":"Exordium Wildlife","floor":5,"turns":3},{"damage":7,"enemies":"Lagavulin","floor":6,"turns":6},{"damage":0,"enemies":"2 Fungi Beasts","floor":10,"turns":3},{"damage":19,"enemies":"Gremlin Nob","floor":11,"turns":4},{"damage":0,"enemies":"Lagavulin","floor":14,"turns":5},{"damage":6,"enemies":"Hexaghost","floor":16,"turns":9},{"damage":0,"enemies":"Spheric Guardian","floor":18,"turns":4},{"damage":8,"enemies":"Shell Parasite","floor":19,"turns":5},{"damage":10,"enemies":"Cultist and Chosen","floor":21,"turns":6},{"damage":38,"enemies":"Snake Plant","floor":22,"turns":5},{"damage":100024,"enemies":"Slavers","floor":23,"turns":4}],"seed_played":"-3551940267022800005","potions_obtained":[{"floor":2,"key":"EntropicBrew"},{"floor":3,"key":"Weak Potion"},{"floor":4,"key":"Strength Potion"},{"floor":14,"key":"LiquidBronze"},{"floor":18,"key":"CultistPotion"}],"is_trial":false,"path_per_floor":["M","M","?","M","M","E","$","R","T","M","E","$","R","E","R","B",null,"M","M","$","M","M","E"],"character_chosen":"HERMIT","items_purchased":["hermit:ItchyTrigger","hermit:PetGhost","hermit:BigShot","hermit:Snipe"],"campfire_rested":0,"item_purchase_floors":[7,12,20,20],"current_hp_per_floor":[75,75,75,69,56,49,49,49,49,49,30,30,30,30,30,24,75,75,67,67,57,19,0,0],"gold":127,"neow_bonus":"RANDOM_COMMON_RELIC","is_daily":false,"chose_seed":false,"campfire_upgraded":3,"win_rate":0.0,"timestamp":1608823337,"path_taken":["M","M","?","M","M","E","$","R","T","M","E","$","R","E","R","BOSS","M","M","$","?","M","E"],"items_purchased_type":["Card","Relic","Card","Card"],"build_version":"2020-12-22","purchased_purges":0,"victory":false,"max_hp_per_floor":[75,75,75,75,75,75,75,75,75,75,75,75,75,75,75,75,75,75,75,75,75,75,75,75],"card_choices":[{"not_picked":["hermit:Roulette","hermit:LowProfile"],"picked":"hermit:Combo","floor":1},{"not_picked":["hermit:HoleUp","hermit:Manifest"],"picked":"hermit:Ricochet","floor":2},{"not_picked":["hermit:Vantage","hermit:Roulette"],"picked":"hermit:Dive","floor":4},{"not_picked":["hermit:LowProfile","hermit:Snipe"],"picked":"hermit:Dissolve","floor":5},{"not_picked":["hermit:Vantage","hermit:HighCaliber","hermit:Showdown"],"picked":"SKIP","floor":6},{"not_picked":["hermit:HighCaliber","hermit:Showdown"],"picked":"hermit:Vantage","floor":6},{"not_picked":["hermit:Ricochet","hermit:Quickdraw"],"picked":"hermit:EyeOfTheStorm","floor":10},{"not_picked":["hermit:Desperado","hermit:WideOpen","hermit:Horror"],"picked":"SKIP","floor":11},{"not_picked":["hermit:ShadowCloak","hermit:Showdown","hermit:Ricochet"],"picked":"SKIP","floor":14},{"not_picked":["hermit:Roughhouse","hermit:BlackWind"],"picked":"hermit:Adapt","floor":16},{"not_picked":["hermit:Maintenance","hermit:Malice","hermit:Glare"],"picked":"SKIP","floor":18},{"not_picked":["hermit:SprayPray","hermit:Combo"],"picked":"hermit:ItchyTrigger","floor":19},{"not_picked":["hermit:Headshot+1","hermit:Manifest"],"picked":"hermit:Coalescence","floor":21},{"not_picked":["hermit:LowProfile","hermit:GoldenBullet"],"picked":"hermit:GhostlyPresence","floor":22}],"player_experience":757136,"relics_obtained":[{"floor":6,"key":"Anchor"},{"floor":9,"key":"Oddly Smooth Stone"},{"floor":11,"key":"Bag of Preparation"},{"floor":14,"key":"Bronze Scales"}],"event_choices":[{"damage_healed":0,"gold_gain":0,"player_choice":"Bought 1 Potion","damage_taken":0,"max_hp_gain":0,"max_hp_loss":0,"event_name":"The Woman in Blue","floor":3,"gold_loss":0}],"is_beta":false,"boss_relics":[{"not_picked":["Velvet Choker","Sozu","Ectoplasm"]}],"items_purged_floors":[],"is_endless":false,"potions_floor_spawned":[2,4,14,18],"killed_by":"Slavers","ascension_level":3}}