{"host":"3h5qf14xt40jhha0","time":1608783781,"event":{"mods":["AlwaysNeverKeys","BaseMod","Colored Powertips","Minty Spire (QoL Compilation)","Permanent Neow","Relic Stats","StSLib"],"gold_per_floor":[119,394,404,59,74,105,105,138,138,165,165,196,210,210,210,284,284,296,296,296,316,172,197,197,213,213,213,240,263,117,131,131,205,205,225,236,249,1248,1267,1267,1302,1316,1365,1365,1395,1410,581,616,616,616,616,616],"floor_reached":51,"playtime":3179,"items_purged":["Regret","Normality"],"score":1810,"play_id":"205c0415-4734-4f10-b429-079ad41d77c7","local_time":"20201223232301","is_ascension_mode":true,"campfire_choices":[{"data":"Spot Weakness","floor":11.0,"key":"SMITH"},{"data":"Metallicize","floor":15.0,"key":"SMITH"},{"data":"Shockwave","floor":24,"key":"SMITH"},{"data":"Battle Trance","floor":27,"key":"SMITH"},{"data":"Uppercut","floor":32,"key":"SMITH"},{"floor":40,"key":"REST"},{"floor":44,"key":"REST"},{"floor":49,"key":"RECALL"}],"circlet_count":0,"master_deck":["AscendersBane","Strike_R","Strike_R","Strike_R","Defend_R","Defend_R","Defend_R","Defend_R","Bash","Anger","Shockwave+1","Uppercut+1","Shrug It Off","Spot Weakness+1","Spot Weakness","Metallicize+1","Heavy Blade+1","Battle Trance+1","Sword Boomerang+1","Feed+1","Pummel+1","Iron Wave+1","Whirlwind+1","Shrug It Off","Body Slam+1","Entrench+1","Headbutt+1","Iron Wave+1","Pommel Strike+1","Metallicize+1","Power Through","Dark Embrace+1","Writhe","Warcry+1","Burning Pact"],"relics":["Cursed Key","Bag of Preparation","Potion Belt","Molten Egg 2","Oddly Smooth Stone","Bottled Tornado","Empty Cage","Enchiridion","Omamori","HornCleat","MawBank","Orrery","Fusion Hammer","Ornamental Fan","Ancient Tea Set","Letter Opener","Bronze Scales","Sundial","Brimstone","Happy Flower"],"acts_visited":["Exordium","TheCity","TheBeyond"],"potions_floor_usage":[28,36,39,45,50,50,50,51],"damage_taken":[{"damage":4.0,"enemies":"Small Slimes","floor":1.0,"turns":4.0},{"damage":2.0,"enemies":"Cultist","floor":3.0,"turns":3.0},{"damage":3.0,"enemies":"2 Louse","floor":5.0,"turns":3.0},{"damage":6.0,"enemies":"3 Sentries","floor":6.0,"turns":7.0},{"damage":20.0,"enemies":"Gremlin Nob","floor":8.0,"turns":4.0},{"damage":8.0,"enemies":"3 Sentries","floor":10.0,"turns":7.0},{"damage":17.0,"enemies":"Gremlin Nob","floor":12.0,"turns":4.0},{"damage":0.0,"enemies":"2 Fungi Beasts","floor":13.0,"turns":3.0},{"damage":0.0,"enemies":"Hexaghost","floor":16.0,"turns":6.0},{"damage":11.0,"enemies":"Shell Parasite","floor":18.0,"turns":5.0},{"damage":14.0,"enemies":"Spheric Guardian","floor":21.0,"turns":7.0},{"damage":20,"enemies":"Book of Stabbing","floor":23,"turns":3},{"damage":0,"enemies":"Snecko","floor":25,"turns":8},{"damage":0,"enemies":"Gremlin Leader","floor":28,"turns":6},{"damage":0,"enemies":"3 Cultists","floor":29,"turns":6},{"damage":0,"enemies":"Centurion and Healer","floor":31,"turns":3},{"damage":21,"enemies":"Collector","floor":33,"turns":9},{"damage":8,"enemies":"3 Shapes","floor":35,"turns":6},{"damage":5,"enemies":"3 Darklings","floor":36,"turns":5},{"damage":0,"enemies":"Transient","floor":37,"turns":6},{"damage":30,"enemies":"Jaw Worm Horde","floor":39,"turns":7},{"damage":13,"enemies":"Reptomancer","floor":41,"turns":4},{"damage":27,"enemies":"Maw","floor":42,"turns":9},{"damage":11,"enemies":"Nemesis","floor":45,"turns":3},{"damage":44,"enemies":"Spire Growth","floor":46,"turns":5},{"damage":13,"enemies":"Giant Head","floor":48,"turns":5},{"damage":12,"enemies":"Donu and Deca","floor":50,"turns":5},{"damage":34,"enemies":"Awakened One","floor":51,"turns":8}],"seed_played":"3696348359612105762","potions_obtained":[{"floor":5.0,"key":"HeartOfIron"},{"floor":6.0,"key":"Weak Potion"},{"floor":8.0,"key":"FairyPotion"},{"floor":18.0,"key":"Swift Potion"},{"floor":25,"key":"Explosive Potion"},{"floor":28,"key":"Explosive Potion"},{"floor":33,"key":"Energy Potion"},{"floor":35,"key":"PowerPotion"},{"floor":39,"key":"Fire Potion"},{"floor":46,"key":"AttackPotion"}],"is_trial":false,"path_per_floor":["M","?","M","$","M","E","$","E","T","E","R","E","M","?","R","B",null,"M","?","?","M","$","E","R","M","T","R","E","M","$","M","R","B",null,"M","M","M","?","M","R","E","M","T","R","E","M","$","E","R","B","B"],"character_chosen":"IRONCLAD","items_purchased":["Bag of Preparation","Uppercut","Shrug It Off","Whirlwind+1","Shrug It Off","Orrery","Bronze Scales","Sundial","Weak Potion","GamblersBrew","Brimstone"],"campfire_rested":2,"item_purchase_floors":[4,4,4,22,22,30,47,47,47,47,47],"current_hp_per_floor":[64,64,62,62,59,53,53,33,33,25,25,8,8,13,13,13,63,52,31,31,21,21,1,1,5,5,5,9,13,13,17,17,30,83,79,78,78,78,52,85,76,49,49,83,76,36,36,27,27,15,0,0],"gold":616,"neow_bonus":"BOSS_RELIC","is_daily":false,"chose_seed":false,"campfire_upgraded":5,"win_rate":0.0,"timestamp":1608783781,"path_taken":["M","?","M","$","?","E","?","E","T","E","R","E","M","?","R","BOSS","M","?","?","M","$","E","R","M","T","R","E","M","$","M","R","BOSS","M","M","?","?","M","R","E","M","T","R","E","M","$","E","R","BOSS","BOSS"],"items_purchased_type":["Relic","Card","Card","Card","Card","Relic","Relic","Relic","Potion","Potion","Relic"],"build_version":"2020-12-22","purchased_purges":2,"victory":false,"max_hp_per_floor":[75,75,75,75,75,75,75,75,75,75,75,75,75,80,80,80,80,80,80,80,84,84,84,84,88,88,88,92,96,96,100,100,100,100,104,108,108,108,112,112,116,116,116,116,120,124,124,128,128,128,132,132],"relic_stats":{"Happy Flower":[4],"counters":[28,151],"Ornamental Fan":[68],"Sundial":[0],"Bronze Scales":[51],"Bag of Preparation":[52],"Letter Opener":[65],"Cursed Key":3,"MawBank":24,"obtain_stats":[{"Potion Belt":6,"Happy Flower":48,"Oddly Smooth Stone":10,"Enchiridion":19,"Bag of Preparation":4,"Omamori":23,"Letter Opener":45,"Bottled Tornado":12,"Cursed Key":0,"Empty Cage":17,"MawBank":28,"Ancient Tea Set":43,"Burning Blood":0,"HornCleat":26,"Ornamental Fan":41,"Sundial":47,"Brimstone":47,"Bronze Scales":47,"Orrery":30,"Molten Egg 2":8,"Fusion Hammer":34},{"Potion Belt":4,"Happy Flower":26,"Oddly Smooth Stone":6,"Enchiridion":10,"Bag of Preparation":2,"Omamori":12,"Letter Opener":24,"Bottled Tornado":7,"Cursed Key":0,"Empty Cage":9,"MawBank":14,"Ancient Tea Set":23,"Burning Blood":0,"HornCleat":13,"Ornamental Fan":22,"Sundial":25,"Brimstone":25,"Bronze Scales":25,"Orrery":15,"Molten Egg 2":5,"Fusion Hammer":17},{"Potion Belt":17,"Happy Flower":138,"Oddly Smooth Stone":28,"Enchiridion":46,"Bag of Preparation":7,"Omamori":56,"Letter Opener":128,"Bottled Tornado":32,"Cursed Key":0,"Empty Cage":41,"MawBank":70,"Ancient Tea Set":125,"Burning Blood":0,"HornCleat":64,"Ornamental Fan":116,"Sundial":133,"Brimstone":133,"Bronze Scales":133,"Orrery":76,"Molten Egg 2":21,"Fusion Hammer":88}]},"card_choices":[{"not_picked":["Pommel Strike","Metallicize"],"picked":"Anger","floor":1.0},{"not_picked":["Power Through","Twin Strike"],"picked":"Shockwave","floor":3.0},{"not_picked":["Cleave","Twin Strike"],"picked":"Spot Weakness","floor":5.0},{"not_picked":["Power Through","Heavy Blade"],"picked":"Spot Weakness","floor":6.0},{"not_picked":["Infernal Blade","Headbutt+1"],"picked":"Metallicize","floor":8.0},{"not_picked":["Exhume","True Grit"],"picked":"Heavy Blade+1","floor":10.0},{"not_picked":["Bloodletting","Shrug It Off"],"picked":"Battle Trance","floor":12.0},{"not_picked":["Infernal Blade","Twin Strike+1"],"picked":"Sword Boomerang+1","floor":13.0},{"not_picked":["Impervious","Corruption"],"picked":"Feed+1","floor":16.0},{"not_picked":["Warcry","Perfected Strike+1"],"picked":"Pummel+1","floor":18.0},{"not_picked":["Burning Pact","Twin Strike+1"],"picked":"Iron Wave+1","floor":21.0},{"not_picked":["Power Through","Headbutt+1"],"picked":"Body Slam+1","floor":23},{"not_picked":["Ghostly Armor","Sentinel","Armaments"],"picked":"SKIP","floor":25},{"not_picked":["Ghostly Armor","Sentinel","Armaments"],"picked":"SKIP","floor":25},{"not_picked":["Searing Blow+1","Demon Form"],"picked":"Entrench+1","floor":28},{"not_picked":["Blood for Blood+1","Sword Boomerang+1"],"picked":"Headbutt+1","floor":29},{"not_picked":["Shrug It Off","Uppercut+1"],"picked":"Iron Wave+1","floor":30},{"not_picked":["Twin Strike+1","Reckless Charge+1"],"picked":"Pommel Strike+1","floor":30},{"not_picked":["Iron Wave+1","True Grit","Cleave+1"],"picked":"SKIP","floor":31},{"not_picked":["Cleave+1","Spot Weakness"],"picked":"Metallicize+1","floor":35},{"not_picked":["Searing Blow+1","Sever Soul+1","Intimidate"],"picked":"SKIP","floor":36},{"not_picked":["Power Through","Rampage+1","Thunderclap+1"],"picked":"SKIP","floor":37},{"not_picked":["Thunderclap+1","Warcry+1"],"picked":"Power Through","floor":39},{"not_picked":["Pommel Strike+1","Cleave+1","Twin Strike+1"],"picked":"SKIP","floor":41},{"not_picked":["Seeing Red","Hemokinesis+1"],"picked":"Dark Embrace+1","floor":42},{"not_picked":["Brutality","True Grit","Heavy Blade+1"],"picked":"SKIP","floor":45},{"not_picked":["Flex","Havoc+1"],"picked":"Warcry+1","floor":46},{"not_picked":["Warcry","Fire Breathing"],"picked":"Burning Pact","floor":48}],"player_experience":1266954,"relics_obtained":[{"floor":6.0,"key":"Potion Belt"},{"floor":8.0,"key":"Molten Egg 2"},{"floor":10.0,"key":"Oddly Smooth Stone"},{"floor":12.0,"key":"Bottled Tornado"},{"floor":19.0,"key":"Enchiridion"},{"floor":23,"key":"Omamori"},{"floor":26,"key":"HornCleat"},{"floor":28,"key":"MawBank"},{"floor":41,"key":"Ornamental Fan"},{"floor":43,"key":"Ancient Tea Set"},{"floor":45,"key":"Letter Opener"},{"floor":48,"key":"Happy Flower"}],"event_choices":[{"damage_healed":0.0,"max_hp_gain":0.0,"max_hp_loss":0.0,"gold_gain":275.0,"event_name":"Golden Shrine","player_choice":"Desecrate","floor":2.0,"gold_loss":0.0,"damage_taken":0.0,"cards_obtained":["Regret"]},{"damage_healed":0.0,"max_hp_gain":5.0,"max_hp_loss":0.0,"gold_gain":0.0,"event_name":"Big Fish","player_choice":"Donut","floor":14.0,"gold_loss":0.0,"damage_taken":0.0},{"damage_healed":0.0,"max_hp_gain":0.0,"max_hp_loss":0.0,"gold_gain":0.0,"event_name":"Cursed Tome","player_choice":"Obtained Book","floor":19.0,"gold_loss":0.0,"damage_taken":21.0},{"cards_removed":["Strike_R"],"damage_healed":0.0,"max_hp_gain":0.0,"max_hp_loss":0.0,"gold_gain":0.0,"event_name":"Purifier","player_choice":"Purged","floor":20.0,"gold_loss":0.0,"damage_taken":0.0},{"damage_healed":0,"gold_gain":999,"player_choice":"Gold","damage_taken":0,"max_hp_gain":0,"max_hp_loss":0,"event_name":"MindBloom","floor":38,"gold_loss":0,"cards_obtained":["Normality","Normality"]}],"is_beta":false,"boss_relics":[{"not_picked":["Black Star","SlaversCollar"],"picked":"Empty Cage"},{"not_picked":["Runic Pyramid","Philosopher\u0027s Stone"],"picked":"Fusion Hammer"}],"items_purged_floors":[4,47],"is_endless":false,"potions_floor_spawned":[5,6,8,18,25,28,33,35,39,46],"killed_by":"Awakened One","ascension_level":20}}