{"host":"i1ibt4vxe0effuru","time":1608777804,"event":{"mods":["AchievementEnabler","BaseMod","Card Forge","Minty Spire (QoL Compilation)","Quick Restart","Shop Mod","StSLib"],"gold_per_floor":[216,216,216,241,92,132,147,166,189,189,228,251,251,251,251,377,377,402,423,436,450,56,96,115,115,165,165,201,201,221,252,252,376,376,394,248,268,20,353,382,382,414,485,518,518,536,567,582,582,582,582,582,80,109,109],"floor_reached":56,"playtime":1242,"items_purged":[],"score":2678,"play_id":"1d6d4892-2a65-4576-986f-5166b698c681","local_time":"20201224124324","is_ascension_mode":true,"campfire_choices":[{"floor":15,"key":"REST"},{"floor":25,"key":"RECALL"},{"floor":32,"key":"REST"},{"floor":41,"key":"REST"},{"floor":49,"key":"REST"},{"floor":52,"key":"REST"}],"circlet_count":0,"master_deck":["AscendersBane","Skewer+1","Reflex+1","Prepared+1","Tactician+1","Blur+1","Prepared+1","Footwork+1"],"relics":["Ring of the Snake","Hammer of Thor","Seething Fire","Anvil of the Gods","Anchor","Oddly Smooth Stone","Bag of Marbles","Black Star","ClockworkSouvenir","Meat on the Bone","Strawberry","Vajra","Orichalcum","Question Card","Smiling Mask","Mummified Hand","Eternal Feather","Thread and Needle","Ornamental Fan","Fusion Hammer","Pen Nib","Singing Bowl","Du-Vu Doll","Darkstone Periapt","Nunchaku","Molten Egg 2","Ancient Tea Set","White Beast Statue","Sundial","Dream Catcher","Happy Flower","Paper Crane","Bag of Preparation","Toy Ornithopter"],"acts_visited":["Exordium","TheCity","TheBeyond","TheEnding"],"potions_floor_usage":[11,55,55],"damage_taken":[{"damage":0,"enemies":"Jaw Worm","floor":1,"turns":1},{"damage":0,"enemies":"Small Slimes","floor":4,"turns":1},{"damage":0,"enemies":"Lagavulin","floor":6,"turns":1},{"damage":0,"enemies":"Cultist","floor":7,"turns":1},{"damage":0,"enemies":"Blue Slaver","floor":8,"turns":1},{"damage":0,"enemies":"3 Sentries","floor":11,"turns":1},{"damage":0,"enemies":"Looter","floor":12,"turns":1},{"damage":0,"enemies":"The Guardian","floor":16,"turns":1},{"damage":0,"enemies":"2 Thieves","floor":18,"turns":1},{"damage":0,"enemies":"Shell Parasite","floor":19,"turns":1},{"damage":0,"enemies":"Snecko","floor":20,"turns":1},{"damage":0,"enemies":"Centurion and Healer","floor":21,"turns":1},{"damage":0,"enemies":"Slavers","floor":23,"turns":1},{"damage":0,"enemies":"3 Cultists","floor":24,"turns":1},{"damage":0,"enemies":"Gremlin Leader","floor":28,"turns":1},{"damage":0,"enemies":"Chosen and Byrds","floor":30,"turns":1},{"damage":0,"enemies":"Slavers","floor":31,"turns":1},{"damage":0,"enemies":"Automaton","floor":33,"turns":1},{"damage":0,"enemies":"Orb Walker","floor":35,"turns":1},{"damage":18,"enemies":"3 Shapes","floor":37,"turns":1},{"damage":0,"enemies":"Nemesis","floor":40,"turns":1},{"damage":0,"enemies":"Reptomancer","floor":42,"turns":1},{"damage":0,"enemies":"Nemesis","floor":44,"turns":1},{"damage":0,"enemies":"Jaw Worm Horde","floor":46,"turns":1},{"damage":0,"enemies":"Reptomancer","floor":47,"turns":1},{"damage":0,"enemies":"Transient","floor":48,"turns":1},{"damage":0,"enemies":"Time Eater","floor":50,"turns":1},{"damage":0,"enemies":"Shield and Spear","floor":54,"turns":1},{"damage":0,"enemies":"The Heart","floor":55,"turns":4}],"seed_played":"1655498121769649730","potions_obtained":[{"floor":11,"key":"EntropicBrew"},{"floor":21,"key":"EssenceOfSteel"}],"is_trial":false,"path_per_floor":["M","?","?","M","$","E","M","M","T","$","E","M","?","?","R","B",null,"M","M","M","M","$","E","M","R","T","T","E","?","M","E","R","B",null,"M","$","M","$","?","E","R","E","T","E","?","M","E","M","R","B",null,"R","$","E","B",null],"character_chosen":"THE_SILENT","items_purchased":["Anchor","ClockworkSouvenir","Meat on the Bone","Pen Nib","Singing Bowl","Happy Flower","Paper Crane","FairyPotion"],"campfire_rested":5,"item_purchase_floors":[5,22,22,36,38,53,53,53],"current_hp_per_floor":[63,63,46,46,46,46,46,46,46,46,46,46,46,46,67,67,69,69,69,69,69,69,76,76,76,76,76,76,76,76,76,77,77,77,77,77,59,59,59,61,79,79,79,79,81,81,83,85,87,87,87,89,89,91,91],"gold":109,"neow_bonus":"HUNDRED_GOLD","is_daily":false,"chose_seed":false,"campfire_upgraded":0,"win_rate":0.0,"timestamp":1608777804,"path_taken":["M","?","?","M","?","E","M","?","T","$","E","M","?","?","R","BOSS","M","?","M","M","$","E","?","R","T","?","E","?","M","E","R","BOSS","M","$","M","$","?","E","R","E","T","E","?","M","E","M","R","BOSS","R","$","E","BOSS"],"items_purchased_type":["Relic","Relic","Relic","Relic","Relic","Relic","Relic","Potion"],"build_version":"2020-12-22","purchased_purges":0,"victory":true,"max_hp_per_floor":[70,70,70,70,70,70,70,70,70,70,70,70,70,70,70,70,70,70,70,70,70,70,77,77,77,77,77,77,77,77,77,77,77,77,77,77,77,77,77,79,79,79,79,79,81,81,83,85,87,87,87,89,89,91,91],"card_choices":[{"not_picked":["Predator","Catalyst","Footwork"],"picked":"SKIP","floor":1},{"not_picked":["Predator","Catalyst","Footwork"],"picked":"SKIP","floor":1},{"not_picked":["Eviscerate","Underhanded Strike","Backflip"],"picked":"SKIP","floor":4},{"not_picked":["PiercingWail","Acrobatics","Blade Dance"],"picked":"SKIP","floor":6},{"not_picked":["Underhanded Strike","Outmaneuver","Sucker Punch"],"picked":"SKIP","floor":7},{"not_picked":["Acrobatics","Predator","Unload"],"picked":"SKIP","floor":8},{"not_picked":["Bane","Underhanded Strike","Distraction"],"picked":"SKIP","floor":11},{"not_picked":["Noxious Fumes","Deadly Poison","Backflip"],"picked":"SKIP","floor":12},{"not_picked":["Acrobatics","Footwork","Flying Knee"],"picked":"SKIP","floor":18},{"not_picked":["Deadly Poison","Flechettes+1","Calculated Gamble"],"picked":"SKIP","floor":19},{"not_picked":["Cloak And Dagger","Flying Knee","Sucker Punch"],"picked":"SKIP","floor":20},{"not_picked":["Blur","Catalyst","Choke+1"],"picked":"SKIP","floor":21},{"not_picked":["Slice","Outmaneuver","Distraction"],"picked":"SKIP","floor":23},{"not_picked":["Footwork","Cloak And Dagger","PiercingWail"],"picked":"SKIP","floor":24},{"not_picked":["Setup+1","Cloak And Dagger","Sucker Punch","Grand Finale"],"picked":"SKIP","floor":28},{"not_picked":["Dash+1","Bane","Outmaneuver+1","Dagger Spray"],"picked":"SKIP","floor":30},{"not_picked":["Sucker Punch","Riddle With Holes+1","Cloak And Dagger","Endless Agony"],"picked":"SKIP","floor":31},{"not_picked":["Blur+1","Expertise","Backflip","Bane"],"picked":"SKIP","floor":35},{"not_picked":["Dash","Cloak And Dagger","Blade Dance+1","Skewer+1"],"picked":"SKIP","floor":37},{"not_picked":["Dodge and Roll","Underhanded Strike","Footwork+1","Tools of the Trade"],"picked":"Singing Bowl","floor":40},{"not_picked":["Accuracy","Blade Dance+1","Finisher","Sucker Punch"],"picked":"SKIP","floor":42},{"not_picked":["Tactician","Poisoned Stab+1","PiercingWail+1","Deadly Poison"],"picked":"SKIP","floor":44},{"not_picked":["Dramatic Entrance+1","Metamorphosis","Discovery","Impatience"],"picked":"Singing Bowl","floor":45},{"not_picked":["Acrobatics+1","Dagger Spray+1","Blur+1","Crippling Poison+1"],"picked":"SKIP","floor":46},{"not_picked":["Deadly Poison","Poisoned Stab+1","Flying Knee+1","Bouncing Flask"],"picked":"Singing Bowl","floor":47},{"not_picked":["Masterful Stab+1","Setup","Dagger Throw+1","Deadly Poison+1"],"picked":"Singing Bowl","floor":48},{"not_picked":["Concentrate","Poisoned Stab+1","Accuracy+1","Burst"],"picked":"Singing Bowl","floor":49},{"not_picked":["Leg Sweep","Flying Knee+1","PiercingWail+1","Deadly Poison"],"picked":"Singing Bowl","floor":52},{"not_picked":["Wraith Form v2","Bane+1","Poisoned Stab+1","Setup+1"],"picked":"Singing Bowl","floor":54}],"player_experience":161573,"relics_obtained":[{"floor":6,"key":"Oddly Smooth Stone"},{"floor":11,"key":"Bag of Marbles"},{"floor":23,"key":"Strawberry"},{"floor":23,"key":"Vajra"},{"floor":26,"key":"Orichalcum"},{"floor":27,"key":"Question Card"},{"floor":28,"key":"Smiling Mask"},{"floor":28,"key":"Mummified Hand"},{"floor":31,"key":"Thread and Needle"},{"floor":31,"key":"Ornamental Fan"},{"floor":40,"key":"Du-Vu Doll"},{"floor":40,"key":"Darkstone Periapt"},{"floor":42,"key":"Nunchaku"},{"floor":43,"key":"Molten Egg 2"},{"floor":44,"key":"Ancient Tea Set"},{"floor":44,"key":"White Beast Statue"},{"floor":47,"key":"Sundial"},{"floor":47,"key":"Dream Catcher"},{"floor":54,"key":"Bag of Preparation"},{"floor":54,"key":"Toy Ornithopter"}],"event_choices":[{"damage_healed":0,"gold_gain":0,"player_choice":"Ignored","damage_taken":0,"max_hp_gain":0,"max_hp_loss":0,"event_name":"Shining Light","floor":2,"gold_loss":0},{"damage_healed":0,"gold_gain":0,"player_choice":"Take Damage","damage_taken":17,"relics_obtained":["Golden Idol"],"max_hp_gain":0,"max_hp_loss":0,"event_name":"Golden Idol","floor":3,"gold_loss":0},{"cards_removed":["Tactician"],"damage_healed":0,"gold_gain":0,"player_choice":"Forget","damage_taken":0,"max_hp_gain":0,"max_hp_loss":0,"event_name":"Living Wall","floor":13,"gold_loss":0},{"damage_healed":0,"gold_gain":0,"player_choice":"Ignored","damage_taken":0,"max_hp_gain":0,"max_hp_loss":0,"event_name":"Transmorgrifier","floor":14,"gold_loss":0},{"damage_healed":0,"gold_gain":0,"player_choice":"Opened","damage_taken":0,"relics_obtained":["Eternal Feather"],"max_hp_gain":0,"max_hp_loss":0,"event_name":"The Mausoleum","floor":29,"gold_loss":0,"cards_obtained":["Writhe"]},{"damage_healed":0,"gold_gain":333,"player_choice":"Gave Idol","damage_taken":0,"max_hp_gain":0,"max_hp_loss":0,"event_name":"The Moai Head","floor":39,"relics_lost":["Golden Idol"],"gold_loss":0},{"damage_healed":0,"gold_gain":0,"player_choice":"Memory 1","damage_taken":0,"max_hp_gain":0,"max_hp_loss":0,"event_name":"SensoryStone","floor":45,"gold_loss":0}],"is_beta":false,"boss_relics":[{"not_picked":["Empty Cage","Busted Crown"],"picked":"Black Star"},{"not_picked":["WristBlade","Snecko Eye"],"picked":"Fusion Hammer"}],"items_purged_floors":[],"is_endless":false,"potions_floor_spawned":[1,4,7,11,18,20,21,31,33,35,37,42,46,47,48,54],"ascension_level":10}}