{"host":"p5axfb00mxhraew6","time":1608823868,"event":{"mods":["Abigail Mod","Act Like it!","BaseMod","CapriCore","Friendly Minions","GifTheSpireLib","Jedi Mod","KomeijiMod","MarisaÅiñ∂âJÅ@ñÇóùçπÅj","Minty Spire (QoL Compilation)","Prisma Mod","ReimuÅiîé??öÎÅj","RemiliaÅiÂQïƒ‰ª?Åj","SOSÅiézîb?îVéqÅj","StSLib","Td1madao Mod","The Alterego","The Animator","The Immortal","The Marked","The Problem Sleuth","TheSwordswoman","TheWitcher","YoumuÅiç∞ÈÆódöÎÅj","Åy?ï˚ìÒéü?çÏÅzî™â]éámod"],"gold_per_floor":[20,20,31,31,49,49,83,83,83,83,118,77,127,141,141,215,215,234,252,271,291,291,317,317,342,342,357,357,51,69,69,69,142,142,154,154,164,190,39,74,74,104,104,117,117,132,167,183,183,183,183,183,22,49,49],"floor_reached":56,"playtime":2755,"items_purged":["Regret"],"score":2446,"play_id":"a83bcc7a-837a-4070-a1a2-b2c767f50cdd","local_time":"20201225003108","is_ascension_mode":true,"campfire_choices":[{"data":"Observe_purple_2","floor":6.0,"key":"SMITH"},{"data":"Mirror_FourBoundary_purple","floor":8.0,"key":"SMITH"},{"data":"Mirror_WaveAndshot_purple","floor":10.0,"key":"SMITH"},{"data":"Bait_Toxicbait_purple","floor":15.0,"key":"SMITH"},{"data":"RuptureOfTimeAndSpace_purple","floor":24.0,"key":"SMITH"},{"data":"CommonSense_AntiCommonSense_purple","floor":32.0,"key":"SMITH"},{"floor":45,"key":"RECALL"},{"data":"Shallow_ocean_purpleEX","floor":49,"key":"SMITH"},{"data":"Umbrella_purple","floor":52,"key":"SMITH"}],"circlet_count":0,"master_deck":["AscendersBane","AT_purpleEX","AT_purpleEX","AT_purpleEX","Defend_purpleEX","Defend_purpleEX","Defend_purpleEX","Defend_purpleEX","Observe_purple_1","Observe_purple_2+1","Charmbait_purple","DimensionStaggered_purple","Mirror_WaveAndshot_purple+1","Mirror_FourBoundary_purple+1","Bait_Toxicbait_purple+1","MNeedle_purple","Bait_Toxicbait_purple+1","ContainerChange_purple+1","FragmentationRealm_purple","OmniscientAndOmnipotent_Monster_purple","Shallow_ocean_purpleEX+1","StateErode_purple","RuptureOfTimeAndSpace_purple+1","MeetDecomposer_purple","SharpContractionReality_purple+1","CommonSense_AntiCommonSense_purple+1","Umbrella_purple+1","Bait_HighSpeedFlying_purple","Computing_the_future_purpleEX","Charmbait_purple","Mirror_FourBoundary_purple","Fantasy_PerpetualMotionMachine_purple","Bait_Toxicbait_purple+1","SharpContractionReality_purple","AdvanceAttack_purple+1","CommonSense_AntiCommonSense_purple+1","Umbrella_purple+1","Boundary_of_Extermination_purpleEX","StateErode_purple"],"relics":["Boundary_crack","Memoryfragments_purpleEX","Gambling Chip","ThirstyCross","Eternal Feather","Du-Vu Doll","Sozu","HornCleat","Vajra","Bag of Preparation","ClockworkSouvenir","Coffee Dripper","Dream Catcher","jedi:firstaidkit","Mastiff:ReiMu","The Courier","OrangePellets","Blue Candle"],"acts_visited":["Exordium","TheCity","TheBeyond","TheEnding"],"potions_floor_usage":[55],"damage_taken":[{"damage":3.0,"enemies":"2 Louse","floor":1.0,"turns":3.0},{"damage":2.0,"enemies":"Jaw Worm","floor":3.0,"turns":3.0},{"damage":2.0,"enemies":"Small Slimes","floor":5.0,"turns":2.0},{"damage":26.0,"enemies":"Lagavulin","floor":7.0,"turns":5.0},{"damage":33.0,"enemies":"3 Sentries","floor":11.0,"turns":9.0},{"damage":1.0,"enemies":"Exordium Thugs","floor":14.0,"turns":3.0},{"damage":3.0,"enemies":"The Guardian","floor":16.0,"turns":7.0},{"damage":3.0,"enemies":"Spheric Guardian","floor":18.0,"turns":4.0},{"damage":2.0,"enemies":"Shell Parasite","floor":19.0,"turns":3.0},{"damage":0.0,"enemies":"Snecko","floor":20.0,"turns":3.0},{"damage":0.0,"enemies":"Snake Plant","floor":21.0,"turns":3.0},{"damage":20.0,"enemies":"Book of Stabbing","floor":23.0,"turns":3.0},{"damage":15.0,"enemies":"Slavers","floor":25.0,"turns":1.0},{"damage":0.0,"enemies":"Chosen and Byrds","floor":27.0,"turns":3.0},{"damage":0.0,"enemies":"Cultist and Chosen","floor":30.0,"turns":3.0},{"damage":7.0,"enemies":"Champ","floor":33.0,"turns":5.0},{"damage":0.0,"enemies":"Orb Walker","floor":35.0,"turns":2.0},{"damage":0,"enemies":"3 Darklings","floor":37,"turns":1},{"damage":3,"enemies":"Nemesis","floor":40,"turns":5},{"damage":5,"enemies":"Reptomancer","floor":42,"turns":4},{"damage":0,"enemies":"Sphere and 2 Shapes","floor":44,"turns":3},{"damage":0,"enemies":"Maw","floor":46,"turns":5},{"damage":0,"enemies":"Nemesis","floor":47,"turns":4},{"damage":16,"enemies":"Jaw Worm Horde","floor":48,"turns":2},{"damage":0,"enemies":"Awakened One","floor":50,"turns":8},{"damage":1,"enemies":"Shield and Spear","floor":54,"turns":5},{"damage":48,"enemies":"The Heart","floor":55,"turns":6}],"seed_played":"6045027688876871934","potions_obtained":[{"floor":1.0,"key":"Fire Potion"},{"floor":11.0,"key":"jedi:tentaclejuice"}],"is_trial":false,"path_per_floor":["M","?","M","?","M","R","E","R","T","R","E","$","?","M","R","B",null,"M","M","M","M","?","E","R","E","T","M","?","$","M","?","R","B",null,"M","?","M","T","$","E","?","E","T","M","R","M","E","M","R","B",null,"R","$","E","B",null],"character_chosen":"Youkari","items_purchased":["MNeedle_purple","CommonSense_AntiCommonSense_purple","Umbrella_purple","ClockworkSouvenir","Mirror_FourBoundary_purple","OrangePellets","Boundary_of_Extermination_purpleEX"],"campfire_rested":0,"item_purchase_floors":[12,29,29,29,39,53,53],"current_hp_per_floor":[58,58,57,50,48,48,27,33,33,39,11,11,5,4,13,15,53,53,55,55,58,58,38,50,35,35,36,36,36,41,41,56,54,62,62,62,63,63,63,65,65,63,63,65,65,65,65,54,65,65,65,65,65,65,53],"gold":49,"neow_bonus":"ONE_RARE_RELIC","is_daily":false,"chose_seed":false,"campfire_upgraded":8,"win_rate":0.0,"timestamp":1608823868,"path_taken":["M","?","M","?","M","R","E","R","T","R","E","?","?","?","R","BOSS","M","M","?","M","?","E","R","E","T","M","?","$","?","?","R","BOSS","M","?","M","?","$","E","?","E","T","M","R","M","E","M","R","BOSS","R","$","E","BOSS"],"items_purchased_type":["Card","Card","Card","Relic","Card","Relic","Card"],"build_version":"2020-12-22","purchased_purges":1,"victory":true,"max_hp_per_floor":[65,65,65,65,65,65,65,65,65,65,65,65,65,65,65,65,65,65,65,65,65,65,65,65,65,65,65,65,65,65,65,65,65,65,65,65,65,65,65,65,65,65,65,65,65,65,65,65,65,65,65,65,65,65,65],"card_choices":[{"not_picked":["Mirror_Drifter_purple","RealityDreamConfluencek_purple"],"picked":"Charmbait_purple","floor":1.0},{"not_picked":["Worldmountain_purple","StateDuplicate_purple"],"picked":"DimensionStaggered_purple","floor":3.0},{"not_picked":["MeetDecomposer_purple","AdvanceAttack_purple"],"picked":"Mirror_WaveAndshot_purple","floor":5.0},{"not_picked":["FragmentationRealm_purple","Fantasy_PerpetualMotionMachine_purple"],"picked":"Mirror_FourBoundary_purple","floor":7.0},{"not_picked":["OmniscientAndOmnipotent_Monster_purple","PositiveMatter_Antimatter_Universe_purple"],"picked":"Bait_Toxicbait_purple","floor":11.0},{"not_picked":["ExistenceContinue_purple","AdvanceAttack_purple"],"picked":"Bait_Toxicbait_purple","floor":14.0},{"not_picked":["D_absorption_purple","Monsters_DoubleDeathButterfly_purple"],"picked":"ContainerChange_purple","floor":16.0},{"not_picked":["StateDuplicate_purple","Mirror_FormAndEmptin_purple"],"picked":"FragmentationRealm_purple","floor":18.0},{"not_picked":["FragmentationRealm_purple","WeekHit_purple"],"picked":"OmniscientAndOmnipotent_Monster_purple","floor":19.0},{"not_picked":["Boundary_DynamicStaticEquilibrium_purple","WeekHit_purple"],"picked":"Shallow_ocean_purpleEX","floor":20.0},{"not_picked":["WingOfChimera_purple","Realm_recovery_purpleEX"],"picked":"StateErode_purple","floor":21.0},{"not_picked":["StateErode_purple","StateDuplicate_purple"],"picked":"RuptureOfTimeAndSpace_purple","floor":23.0},{"not_picked":["AdvanceAttack_purple","ExistenceContinue_purple"],"picked":"MeetDecomposer_purple","floor":25.0},{"not_picked":["StretchesForeverDream_purple","Mirror_FormAndEmptin_purple+1"],"picked":"SharpContractionReality_purple+1","floor":27.0},{"not_picked":["AdvanceAttack_purple","Mirror_WaveAndshot_purple"],"picked":"Bait_HighSpeedFlying_purple","floor":30.0},{"not_picked":["Theboundaryofcreation_purpleEX","GluttonyofRealm_purpleEX"],"picked":"Computing_the_future_purpleEX","floor":33.0},{"not_picked":["AdvanceAttack_purple+1","Line_surface_state_purple+1"],"picked":"Charmbait_purple","floor":35.0},{"not_picked":["PurpleNeedle_purple","Mirror_FormAndEmptin_purple","ButterflyHabitatTemple_purple"],"picked":"SKIP","floor":37},{"not_picked":["RealityDreamConfluencek_purple","ExistenceContinue_purple"],"picked":"Fantasy_PerpetualMotionMachine_purple","floor":40},{"not_picked":["Human_Monster_Realm_purple","Mirror_FormAndEmptin_purple"],"picked":"Bait_Toxicbait_purple+1","floor":42},{"not_picked":["MeetDecomposer_purple","OmniscientAndOmnipotent_Monster_purple"],"picked":"SharpContractionReality_purple","floor":44},{"not_picked":["MeetDecomposer_purple","Boundary_LightAndDark_purple"],"picked":"AdvanceAttack_purple+1","floor":46},{"not_picked":["RuleDissolution_purple+1","MetroBOOM_purple"],"picked":"CommonSense_AntiCommonSense_purple+1","floor":47},{"not_picked":["StateErode_purple+1","Shallow_ocean_purpleEX"],"picked":"Umbrella_purple+1","floor":48},{"not_picked":["Mirror_TwoAndThreeElementRealm_purple","LoveAcrossDimensions_purple"],"picked":"StateErode_purple","floor":54}],"player_experience":1265521,"relics_obtained":[{"floor":7.0,"key":"Eternal Feather"},{"floor":11.0,"key":"Du-Vu Doll"},{"floor":23.0,"key":"HornCleat"},{"floor":25.0,"key":"Vajra"},{"floor":26.0,"key":"Bag of Preparation"},{"floor":38,"key":"Dream Catcher"},{"floor":42,"key":"jedi:firstaidkit"},{"floor":43,"key":"Mastiff:ReiMu"},{"floor":47,"key":"The Courier"},{"floor":54,"key":"Blue Candle"}],"event_choices":[{"cards_removed":["AT_purpleEX"],"damage_healed":0.0,"max_hp_gain":0.0,"max_hp_loss":0.0,"gold_gain":0.0,"event_name":"Golden Wing","player_choice":"Card Removal","floor":4.0,"gold_loss":0.0,"damage_taken":7.0},{"damage_healed":0.0,"max_hp_gain":0.0,"max_hp_loss":0.0,"gold_gain":50.0,"event_name":"FaceTrader","player_choice":"Touch","floor":13.0,"gold_loss":0.0,"damage_taken":6.0},{"damage_healed":0.0,"max_hp_gain":0.0,"max_hp_loss":0.0,"gold_gain":0.0,"event_name":"N\u0027loth","player_choice":"Ignored","floor":28.0,"gold_loss":0.0,"damage_taken":0.0}],"is_beta":false,"boss_relics":[{"not_picked":["Astrolabe","RedLine:ReiMu"],"picked":"Sozu"},{"not_picked":["Busted Crown","Tiny House"],"picked":"Coffee Dripper"}],"items_purged_floors":[39],"is_endless":false,"potions_floor_spawned":[1,11,18,20,23,27,33,37,44,47,48,54],"ascension_level":17}}