{"host":"x4x6fw95e6eqd4n0","time":1608802642,"event":{"mods":["AchievementEnabler","BaseMod","Colored Map","Colored Powertips","DeckTracker","Minty Spire (QoL Compilation)"],"gold_per_floor":[115,126,138,153,153,153,153,2,2,23,23,104,124,167,167,288,288,306,406,419,31,51,51,86,86,86,101,1,1,21,21,21,142,142,163,27,52,72,92,92,125,125,125,148,148,148,171,187,187,187,187,187,37,73,73,73],"floor_reached":55,"playtime":3400,"items_purged":["Strike_B","Defend_B"],"score":861,"play_id":"1abc2685-9515-4a66-a78d-45f80ca0328d","local_time":"20201224113722","is_ascension_mode":true,"campfire_choices":[{"data":"Creative AI","floor":6,"key":"SMITH"},{"floor":11,"key":"REST"},{"floor":15,"key":"REST"},{"data":"Echo Form","floor":23,"key":"SMITH"},{"data":"Buffer","floor":25,"key":"SMITH"},{"data":"Aggregate","floor":29,"key":"SMITH"},{"data":"Fission","floor":32,"key":"SMITH"},{"floor":40,"key":"RECALL"},{"floor":46,"key":"REST"},{"data":"White Noise","floor":49,"key":"SMITH"},{"data":"Lockon","floor":52,"key":"SMITH"}],"circlet_count":0,"master_deck":["Defend_B","Defend_B","Defend_B","Zap","Dualcast","Creative AI+1","Blizzard","Hologram","Chill","Coolheaded","Creative AI+1","Conserve Battery","Echo Form+1","Chill","Buffer+1","Go for the Eyes+1","Skim+1","Auto Shields+1","Glacier+1","Stack","White Noise+1","Aggregate+1","Self Repair","Fission+1","Thunder Strike","Ball Lightning","Thunder Strike","Cold Snap+1","Lockon+1","Skim+1","Meteor Strike","Skim+1","Hello World","Doom and Gloom+1","Steam+1"],"relics":["Cracked Core","Mummified Hand","Golden Idol","DollysMirror","Bottled Flame","Pantograph","Art of War","Astrolabe","Dead Branch","Ice Cream","Calipers","Runic Dome","Bag of Preparation","WarpedTongs","Lee\u0027s Waffle","Incense Burner"],"acts_visited":["Exordium","TheCity","TheBeyond","TheEnding"],"potions_floor_usage":[4,4,22,24,27,30,37,41,50,50],"damage_taken":[{"damage":7,"enemies":"Small Slimes","floor":1,"turns":3},{"damage":17,"enemies":"Jaw Worm","floor":2,"turns":4},{"damage":13,"enemies":"Cultist","floor":3,"turns":5},{"damage":0,"enemies":"Gremlin Gang","floor":4,"turns":4},{"damage":4,"enemies":"3 Louse","floor":10,"turns":6},{"damage":13,"enemies":"Lots of Slimes","floor":13,"turns":5},{"damage":38,"enemies":"Gremlin Nob","floor":14,"turns":5},{"damage":30,"enemies":"The Guardian","floor":16,"turns":7},{"damage":3,"enemies":"Chosen","floor":18,"turns":5},{"damage":0,"enemies":"Shell Parasite","floor":20,"turns":6},{"damage":5,"enemies":"Cultist and Chosen","floor":22,"turns":5},{"damage":3,"enemies":"Slavers","floor":24,"turns":6},{"damage":0,"enemies":"Snake Plant","floor":27,"turns":6},{"damage":3,"enemies":"Chosen and Byrds","floor":30,"turns":6},{"damage":0,"enemies":"Champ","floor":33,"turns":8},{"damage":10,"enemies":"Orb Walker","floor":35,"turns":4},{"damage":0,"enemies":"3 Shapes","floor":37,"turns":4},{"damage":12,"enemies":"Jaw Worm Horde","floor":38,"turns":3},{"damage":0,"enemies":"Maw","floor":39,"turns":8},{"damage":43,"enemies":"Reptomancer","floor":41,"turns":4},{"damage":13,"enemies":"Spire Growth","floor":44,"turns":5},{"damage":18,"enemies":"Jaw Worm Horde","floor":47,"turns":4},{"damage":0,"enemies":"4 Shapes","floor":48,"turns":3},{"damage":0,"enemies":"Time Eater","floor":50,"turns":6},{"damage":10,"enemies":"Shield and Spear","floor":54,"turns":5},{"damage":90,"enemies":"The Heart","floor":55,"turns":3}],"seed_played":"-3560298784067054108","potions_obtained":[{"floor":2,"key":"ColorlessPotion"},{"floor":4,"key":"Fruit Juice"},{"floor":10,"key":"FairyPotion"},{"floor":16,"key":"SneckoOil"},{"floor":18,"key":"Swift Potion"},{"floor":20,"key":"LiquidMemories"},{"floor":22,"key":"Block Potion"},{"floor":35,"key":"Energy Potion"},{"floor":37,"key":"DuplicationPotion"},{"floor":39,"key":"PowerPotion"},{"floor":48,"key":"Fire Potion"}],"is_trial":false,"path_per_floor":["M","M","M","M","?","R","?","$","T","M","R","T","M","E","R","B",null,"M","?","M","$","M","R","E","R","T","M","$","R","M","$","R","B",null,"M","$","M","M","M","R","E","?","T","M","?","R","M","M","R","B",null,"R","$","E","B"],"character_chosen":"DEFECT","items_purchased":["DollysMirror","Dead Branch","Thunder Strike","Lee\u0027s Waffle"],"campfire_rested":3,"item_purchase_floors":[8,21,36,53],"current_hp_per_floor":[61,44,31,36,29,29,11,11,11,7,28,28,15,7,28,23,73,70,70,70,70,65,65,62,62,62,62,62,62,66,66,66,73,73,70,70,70,65,72,72,36,36,36,33,33,54,36,43,43,73,73,73,80,70,0,0],"gold":73,"neow_bonus":"THREE_RARE_CARDS","is_daily":false,"chose_seed":false,"campfire_upgraded":7,"win_rate":0.0,"timestamp":1608802642,"path_taken":["M","M","M","M","?","R","?","?","T","M","R","?","M","E","R","BOSS","M","?","M","$","?","R","E","R","T","?","$","R","M","$","R","BOSS","M","$","M","M","M","R","E","?","T","?","?","R","?","M","R","BOSS","R","$","E","BOSS"],"items_purchased_type":["Relic","Relic","Card","Relic"],"build_version":"2020-12-13","purchased_purges":2,"victory":false,"max_hp_per_floor":[68,68,68,73,73,73,73,73,73,73,73,73,73,73,73,73,73,73,73,73,73,73,73,73,73,73,73,73,73,73,73,73,73,73,73,73,73,73,73,73,73,73,73,73,73,73,73,73,73,73,73,73,80,80,80,80],"card_choices":[{"not_picked":["Rainbow","Hyperbeam"],"picked":"Creative AI","floor":0},{"not_picked":["Rebound","Leap"],"picked":"Blizzard","floor":1},{"not_picked":["Compile Driver","Sweeping Beam"],"picked":"Hologram","floor":2},{"not_picked":["Barrage","Rip and Tear"],"picked":"Chill","floor":3},{"not_picked":["Go for the Eyes","Cold Snap"],"picked":"Coolheaded","floor":4},{"not_picked":["Redo","Sweeping Beam"],"picked":"Conserve Battery","floor":10},{"not_picked":["Coolheaded","Force Field"],"picked":"Echo Form","floor":13},{"not_picked":["Stack","Compile Driver"],"picked":"Chill","floor":14},{"not_picked":["All For One","Rainbow"],"picked":"Buffer","floor":16},{"not_picked":["Steam Power+1","Chaos"],"picked":"Glacier+1","floor":18},{"not_picked":["Streamline","Redo"],"picked":"Stack","floor":20},{"not_picked":["Tempest","Barrage+1"],"picked":"White Noise","floor":22},{"not_picked":["Hologram","Sweeping Beam"],"picked":"Aggregate","floor":24},{"not_picked":["Turbo","Aggregate+1"],"picked":"Self Repair","floor":27},{"not_picked":["Chill+1","Stack"],"picked":"Fission","floor":30},{"not_picked":["Seek","Electrodynamics"],"picked":"Thunder Strike","floor":33},{"not_picked":["Gash","Leap"],"picked":"Ball Lightning","floor":35},{"not_picked":["Doom and Gloom+1","Fusion"],"picked":"Cold Snap+1","floor":37},{"not_picked":["Streamline","Self Repair"],"picked":"Lockon","floor":38},{"not_picked":["Go for the Eyes","Gash"],"picked":"Skim+1","floor":39},{"not_picked":["Steam","Turbo+1"],"picked":"Meteor Strike","floor":41},{"not_picked":["Turbo","Genetic Algorithm"],"picked":"Skim+1","floor":44},{"not_picked":["Stack+1","FTL+1"],"picked":"Hello World","floor":47},{"not_picked":["Rebound","Redo+1"],"picked":"Doom and Gloom+1","floor":48},{"not_picked":["Gash","Ball Lightning+1"],"picked":"Steam+1","floor":54}],"player_experience":71847,"relics_obtained":[{"floor":9,"key":"Bottled Flame"},{"floor":12,"key":"Pantograph"},{"floor":14,"key":"Art of War"},{"floor":24,"key":"Ice Cream"},{"floor":26,"key":"Calipers"},{"floor":41,"key":"Bag of Preparation"},{"floor":54,"key":"Incense Burner"}],"event_choices":[{"damage_healed":0,"gold_gain":0,"player_choice":"Success","damage_taken":7,"relics_obtained":["Mummified Hand"],"max_hp_gain":0,"max_hp_loss":0,"event_name":"Scrap Ooze","floor":5,"gold_loss":0},{"damage_healed":0,"gold_gain":0,"player_choice":"Take Damage","damage_taken":18,"relics_obtained":["Golden Idol"],"max_hp_gain":0,"max_hp_loss":0,"event_name":"Golden Idol","floor":7,"gold_loss":0},{"damage_healed":0,"gold_gain":100,"player_choice":"Pray","damage_taken":0,"max_hp_gain":0,"max_hp_loss":0,"event_name":"Golden Shrine","floor":19,"gold_loss":0},{"damage_healed":0,"gold_gain":0,"player_choice":"Rummage","damage_taken":0,"relics_obtained":["WarpedTongs"],"max_hp_gain":0,"max_hp_loss":0,"event_name":"Accursed Blacksmith","floor":42,"gold_loss":0,"cards_obtained":["Pain"]},{"cards_removed":["Pain"],"damage_healed":0,"gold_gain":0,"player_choice":"Purged","damage_taken":0,"max_hp_gain":0,"max_hp_loss":0,"event_name":"Purifier","floor":45,"gold_loss":0}],"is_beta":false,"boss_relics":[{"not_picked":["Tiny House","SacredBark"],"picked":"Astrolabe"},{"not_picked":["FrozenCore","Calling Bell"],"picked":"Runic Dome"}],"items_purged_floors":[21,28],"is_endless":false,"potions_floor_spawned":[2,4,10,16,18,20,22,35,37,39,48],"killed_by":"The Heart","ascension_level":1}}