{"host":"3ghjvsatr2fxka2l","time":1608786082,"event":{"mods":["2.2 Compatiblity","AchievementEnabler","Act Like it!","Aspiration","BaseMod","Better Third Choice","Better Vampires","BetterRewards","Clawfect","Colored Powertips","Conspire","Curses Come First","Defuse TimeMaze Blight","Displayed Cursed Tome","Energized Spire","Gold Saver","Grow up Mod","Hubris","Infinite Spire","Marked Mod","Minty Spire (QoL Compilation)","Permanent Neow","Quick Restart","Replay The Spire","SacredBarkPlus","StSLib","The Blue Laboratory","Transform Curses","Uncapped","Waifu the Spire","Wandering Minibosses","[IsaacMod]????","vexMod","??????REMEMod"],"gold_per_floor":[119,119,119,119,119,129,129,144,192,116,216,237,248,248,248,354,354,381,381,381,429,429,429,476,527,527,527,594,624,654,433,433,558,558,590,638,638,389,441,547,547,610,610,610,666,703,683,729,729,855,855,861,861,861,860,860,953,953,684,684,684,282,293,370,386,386,447,447],"floor_reached":67,"playtime":4127,"items_purged":["Strike_P","Strike_P","Strike_P","Strike_P"],"score":817,"play_id":"98cf2bc1-3d3a-48d9-9b0b-fa9477249412","local_time":"20201223210122","is_ascension_mode":false,"campfire_choices":[{"data":"EpicFetus","floor":7,"key":"SMITH"},{"data":"MarkedMod:PinPointDefense","floor":15,"key":"SMITH"},{"floor":23,"key":"REST"},{"data":"PathToVictory","floor":32,"key":"SMITH"},{"data":"MarkedMod:ChiBlock","floor":41,"key":"SMITH"},{"floor":49,"key":"DIG"},{"data":"MarkedMod:GracefulMovements","floor":66,"key":"SMITH"}],"circlet_count":0,"master_deck":["Defend_P","Defend_P","Defend_P","Defend_P","Eruption+1","Vigilance+1","EpicFetus+1","MarkedMod:Acupuncture+1","MarkedMod:Acupuncture+1","MarkedMod:PinPointDefense+1","REME_Repentance+1","REME_Repentance+1","PathToVictory+1","MarkedMod:PinPointDefense","MarkedMod:ChiBlock+1","hubris:NaturalOne","ReachHeaven+1","PathToVictory","infinitespire:Collect","REME_Repentance+1","MarkedMod:ChiBlock","MarkedMod:GracefulMovements+1","MarkedMod:Acupuncture","MarkedMod:OneThousandNeedles","MarkedMod:OneThousandNeedles+1","MarkedMod:Acupuncture"],"relics":["REME_ComplimentaryCards","HushsDoor","MoneyPower","Replay:Bronze Core","SalivaCoin","vexMod:ImprovementManual","Gambling Chip","hubris:Icosahedron","conspire:Dentures","hubris:SlimyHat","BelialBook","Coffee Dripper","NineVolt","Centennial Puzzle","Ancient Tea Set","Omamori","BelialBook","hubris:Backtick","Replay:PocketPolymizer","aspiration:ArtOfWarUpgrade","Toy Ornithopter","Oddly Smooth Stone","BranchBurnRelic","Toxic Egg 2","Boot"],"acts_visited":["Exordium","TheCity","TheBeyond","Exordium"],"potions_floor_usage":[16,16,28,33,33,33,42,50,50,67,67,67],"damage_taken":[{"damage":0,"enemies":"Jaw Worm","floor":1,"turns":4},{"damage":0,"enemies":"2 Louse","floor":6,"turns":1},{"damage":0,"enemies":"Cultist","floor":8,"turns":2},{"damage":5,"enemies":"Exordium Thugs","floor":12,"turns":3},{"damage":0,"enemies":"Large Slime","floor":13,"turns":3},{"damage":62,"enemies":"Slime Boss","floor":16,"turns":7},{"damage":17,"enemies":"conspire:FuzzyDice","floor":18,"turns":4},{"damage":39,"enemies":"Shell Parasite","floor":21,"turns":5},{"damage":26,"enemies":"Sentry and Sphere","floor":24,"turns":6},{"damage":18,"enemies":"Snake Plant","floor":25,"turns":5},{"damage":18,"enemies":"Replay:Snechameleon","floor":28,"turns":5},{"damage":10,"enemies":"Cultist and Chosen","floor":29,"turns":4},{"damage":13,"enemies":"Shelled Parasite and Fungi","floor":30,"turns":3},{"damage":33,"enemies":"conspire:MysteriousRune","floor":33,"turns":8},{"damage":6,"enemies":"3 Darklings","floor":35,"turns":6},{"damage":29,"enemies":"3 Shapes","floor":36,"turns":4},{"damage":42,"enemies":"Sphere and 2 Shapes","floor":39,"turns":4},{"damage":162,"enemies":"Reptomancer","floor":40,"turns":9},{"damage":27,"enemies":"Nightmare","floor":42,"turns":5},{"damage":77,"enemies":"4 Shapes","floor":45,"turns":5},{"damage":8,"enemies":"Writhing Mass","floor":46,"turns":5},{"damage":34,"enemies":"3 Darklings","floor":48,"turns":4},{"damage":28,"enemies":"infinitespire:MassOfShapes","floor":50,"turns":8},{"damage":0,"enemies":"Small Slimes","floor":52,"turns":3},{"damage":0,"enemies":"Cultist","floor":55,"turns":3},{"damage":393,"enemies":"Nightmare","floor":57,"turns":8},{"damage":0,"enemies":"2 Louse","floor":63,"turns":2},{"damage":16,"enemies":"Gremlin Gang","floor":65,"turns":3},{"damage":398,"enemies":"Delirium","floor":67,"turns":7}],"seed_played":"-6702507513989497058","potions_obtained":[{"floor":6,"key":"blueLaboratory:FrostheartPotion"},{"floor":8,"key":"Languid Potion"},{"floor":13,"key":"SteroidPotion"},{"floor":16,"key":"blueLaboratory:FruitPunch"},{"floor":18,"key":"BottledMiracle"},{"floor":30,"key":"blueLaboratory:FruitPunch"},{"floor":33,"key":"blueLaboratory:PhilterOfMotion"},{"floor":40,"key":"blueLaboratory:LouseDecoction"},{"floor":45,"key":"blueLaboratory:HummingbirdPotion"},{"floor":47,"key":"DistilledChaos"},{"floor":48,"key":"Fire Potion"},{"floor":50,"key":"blueLaboratory:HorrorPotion"},{"floor":52,"key":"LifebloodPotion"},{"floor":63,"key":"blueLaboratory:LouseDecoction"}],"is_trial":false,"path_per_floor":["M","?","$","$","?","M","R","M","T","$","?","M","M","?","R","B",null,"M","?","?","M","?","R","M","M","T","?","E","M","M","$","R","B",null,"M","M","AVR","$","M","E","R","NM","T","?","M","M","?","M","R","B",null,"M","?","?","M","?","NM","R","$","T","R","$","M","?","M","R","B"],"character_chosen":"WATCHER","items_purchased":["MarkedMod:PinPointDefense","hubris:SlimyHat","NineVolt","Oddly Smooth Stone","Toxic Egg 2"],"campfire_rested":1,"item_purchase_floors":[10,31,38,59,62],"current_hp_per_floor":[92,102,112,122,132,142,152,162,172,182,192,197,207,232,242,190,262,255,265,275,246,256,322,306,298,308,318,312,312,309,319,329,308,436,440,421,431,441,409,257,267,250,260,270,203,205,215,191,201,183,606,616,626,636,646,656,273,283,293,303,313,323,338,348,342,352,0,0],"gold":447,"neow_bonus":"BOSS_RELIC","is_daily":false,"chose_seed":false,"campfire_upgraded":5,"win_rate":0.0,"timestamp":1608786082,"path_taken":["M","?","?","$","?","M","R","M","T","$","?","M","?","?","R","BOSS","M","?","?","M","?","R","M","M","T","?","E","?","M","$","R","BOSS","M","?","AVR","?","M","E","R","NM","T","?","M","M","?","M","R","BOSS","M","?","?","M","?","NM","R","?","T","R","$","M","?","M","R","BOSS"],"items_purchased_type":["Card","Relic","Relic","Relic","Relic"],"build_version":"2020-12-22","purchased_purges":4,"victory":false,"max_hp_per_floor":[92,102,112,122,132,142,152,162,172,182,192,202,212,232,242,252,262,272,282,292,302,312,322,332,342,352,362,374,384,394,404,414,426,436,446,456,466,476,486,496,506,516,526,536,546,556,566,576,586,596,606,616,626,636,646,656,666,676,686,696,706,716,726,736,746,756,756,756],"card_choices":[{"not_picked":[],"picked":"EpicFetus","floor":0},{"not_picked":["Protect","Swivel"],"picked":"Bomb","floor":1},{"not_picked":["EmptyMind","EmptyBody"],"picked":"MarkedMod:Acupuncture","floor":6},{"not_picked":["EmptyMind","FollowUp"],"picked":"MarkedMod:Acupuncture","floor":8},{"not_picked":["Replay:Vibes","Replay:ManipulateFuture"],"picked":"REME_Repentance","floor":11},{"not_picked":["Crescendo","MarkedMod:FirstStrike","ClearTheMind"],"picked":"SKIP","floor":12},{"not_picked":["Replay:Vibes","Halt"],"picked":"REME_Repentance","floor":13},{"not_picked":["Halt","Evaluate+1","Wireheading"],"picked":"SKIP","floor":18},{"not_picked":["JustLucky+1","FollowUp","Replay:Vibes"],"picked":"SKIP","floor":21},{"not_picked":["Replay:Hum","BowlingBash","FlyingSleeves"],"picked":"SKIP","floor":24},{"not_picked":["FollowUp","DeceiveReality"],"picked":"PathToVictory","floor":25},{"not_picked":["Worship+1","EmptyBody+1","Consecrate"],"picked":"SKIP","floor":28},{"not_picked":["Conclude","MentalFortress+1","FearNoEvil"],"picked":"SKIP","floor":29},{"not_picked":["ClearTheMind","JustLucky+1"],"picked":"MarkedMod:PinPointDefense","floor":30},{"not_picked":["Blasphemy","REME_CRH"],"picked":"MarkedMod:ChiBlock","floor":33},{"not_picked":["Worship","Study+1","Nirvana"],"picked":"SKIP","floor":35},{"not_picked":["Consecrate+1","CrushJoints+1"],"picked":"ReachHeaven+1","floor":36},{"not_picked":["CutThroughFate","Replay:AtTheReady+1","WheelKick"],"picked":"SKIP","floor":39},{"not_picked":["LessonLearned","CutThroughFate+1","FearNoEvil+1"],"picked":"SKIP","floor":40},{"not_picked":["FlurryOfBlows+1","JustLucky"],"picked":"PathToVictory","floor":42},{"not_picked":["infinitespire:Menacing","hubris:Fate"],"picked":"infinitespire:Collect","floor":42},{"not_picked":["MarkedMod:FirstStrike","Worship"],"picked":"REME_Repentance+1","floor":45},{"not_picked":["MarkedMod:SlowDance","EmptyMind","REME_MusicOfDeath+1"],"picked":"SKIP","floor":46},{"not_picked":["EmptyBody","Wallop","ForeignInfluence"],"picked":"SKIP","floor":48},{"not_picked":["MarkedMod:SlowDance","REME_EmptyShield"],"picked":"MarkedMod:ChiBlock","floor":50},{"not_picked":["Protect","ThirdEye"],"picked":"MarkedMod:GracefulMovements","floor":52},{"not_picked":["MarkedMod:GentlePulse","Protect"],"picked":"MarkedMod:Acupuncture","floor":55},{"not_picked":["SignatureMove","MarkedMod:NorthStar"],"picked":"MarkedMod:OneThousandNeedles","floor":57},{"not_picked":["EmptyBody+1","EmptyMind+1"],"picked":"MarkedMod:OneThousandNeedles+1","floor":63},{"not_picked":["SashWhip","Tantrum"],"picked":"MarkedMod:Acupuncture","floor":64},{"not_picked":["Halt+1","Consecrate","Swivel+1"],"picked":"SKIP","floor":65}],"player_experience":257693,"relics_obtained":[{"floor":9,"key":"SalivaCoin"},{"floor":26,"key":"Gambling Chip"},{"floor":28,"key":"conspire:Dentures"},{"floor":40,"key":"Centennial Puzzle"},{"floor":42,"key":"Ancient Tea Set"},{"floor":43,"key":"Omamori"},{"floor":49,"key":"BelialBook"},{"floor":57,"key":"Toy Ornithopter"},{"floor":60,"key":"Dead Branch"},{"floor":64,"key":"Boot"}],"event_choices":[{"damage_healed":0,"gold_gain":0,"player_choice":"Grow","damage_taken":0,"max_hp_gain":0,"max_hp_loss":0,"event_name":"Living Wall","floor":2,"gold_loss":0,"cards_upgraded":["Eruption"]},{"damage_healed":0,"gold_gain":0,"player_choice":"Ignored","damage_taken":119,"max_hp_gain":0,"max_hp_loss":0,"event_name":"betterThird:BetterSerpent","floor":5,"gold_loss":0},{"cards_removed":["Establishment"],"damage_healed":5,"gold_gain":0,"player_choice":"Offered Rare","damage_taken":0,"max_hp_gain":10,"max_hp_loss":0,"event_name":"Bonfire Elementals","floor":14,"gold_loss":0},{"damage_healed":0,"gold_gain":0,"player_choice":"Ignored","damage_taken":0,"max_hp_gain":0,"max_hp_loss":0,"event_name":"Vampires","floor":20,"gold_loss":0},{"damage_healed":0,"gold_gain":0,"player_choice":"Ignored","damage_taken":0,"max_hp_gain":0,"max_hp_loss":0,"event_name":"Ghosts","floor":22,"gold_loss":0},{"damage_healed":0,"gold_gain":0,"player_choice":"Leave","damage_taken":0,"max_hp_gain":0,"max_hp_loss":0,"event_name":"conspire:Investor","floor":44,"gold_loss":0},{"damage_healed":0,"gold_gain":0,"player_choice":"Bought 1 Potion","damage_taken":0,"max_hp_gain":0,"max_hp_loss":0,"event_name":"The Woman in Blue","floor":47,"gold_loss":0},{"damage_healed":0,"gold_gain":0,"player_choice":"Disagree","damage_taken":0,"max_hp_gain":0,"max_hp_loss":0,"event_name":"conspire:LoneGhost","floor":53,"gold_loss":0},{"damage_healed":0,"gold_gain":0,"player_choice":"Full Heal","damage_taken":0,"max_hp_gain":0,"max_hp_loss":0,"event_name":"Wheel of Change","floor":54,"gold_loss":0},{"damage_healed":0,"gold_gain":0,"player_choice":"Gave Potion","damage_taken":0,"relics_obtained":["Art of War"],"max_hp_gain":0,"max_hp_loss":0,"event_name":"WeMeetAgain","floor":56,"gold_loss":0}],"is_beta":false,"boss_relics":[{"not_picked":["aspiration:IroncladSkillbook","Fusion Hammer"],"picked":"vexMod:ImprovementManual"},{"not_picked":[]},{"not_picked":["energizedSpire:RedRose","aspiration:RunicSpoon","hubris:TerracottaHorce"]},{"not_picked":["energizedSpire:DeadBattery","Velvet Choker"],"picked":"hubris:Backtick"},{"not_picked":[]}],"items_purged_floors":[31,38,59,62],"is_endless":true,"potions_floor_spawned":[6,8,13,16,18,25,28,30,33,40,45,48,50,52,63,65],"killed_by":"Delirium","ascension_level":0}}