{"host":"4qin5krp9hszysdc","time":1608785353,"event":{"mods":["AchievementEnabler","BaseMod","BetterRewards","Infinite Spire","Minty Spire (QoL Compilation)","Quick Restart","StSLib"],"gold_per_floor":[118,129,129,143,159,159,185,199,199,226,291,48,61,91,91,188,188,199,199,210,224,249,284,284,317,317,317,328,29,29,40,40,142,142,162,182,232,232,242,273,273,291,315,315,335,335,367,378,378,480,480,497,521,530,480,477,500,500,527,552,552,566,581,596,596,596,692,692,704,704,704,720,645,645,655,663,663,664,692,692,723,742,742,826,826,833,833,833,851,857,888,905,930,930,930,955,960,968,991,991,1074,1101,1110,1133,1133,1146,1146,1146,1146,1183,1228,1228,1228,1240,1265,1299,1299,1409,1409,1444,1468,1480,1492,174,174,213,213,213,243,250,259,259,380,380,509,572,586,586,586,598,612,641,228,238,238,275,291,326,337,368,368,454,454,454,377,407,479],"floor_reached":158,"playtime":4492,"items_purged":["Strike_R","Strike_R","Defend_R","Shrug It Off","Berserk+1","Flex+1","infinitespire:NeuralNetwork+1"],"score":6989,"play_id":"ecb6010f-b4af-4c07-93a2-a6474880f805","local_time":"20201223234913","is_ascension_mode":true,"campfire_choices":[{"data":"1","floor":6.0,"key":"LIFT"},{"data":"Flex","floor":15.0,"key":"SMITH"},{"data":"Fire Breathing","floor":24.0,"key":"SMITH"},{"data":"Evolve","floor":27.0,"key":"SMITH"},{"data":"Metallicize","floor":30.0,"key":"SMITH"},{"data":"2","floor":32.0,"key":"LIFT"},{"data":"3","floor":41.0,"key":"LIFT"},{"floor":49.0,"key":"DIG"},{"floor":58.0,"key":"DIG"},{"data":"True Grit","floor":61.0,"key":"SMITH"},{"data":"Limit Break","floor":66.0,"key":"SMITH"},{"data":"Whirlwind","floor":74.0,"key":"SMITH"},{"floor":83.0,"key":"DIG"},{"floor":100.0,"key":"DIG"},{"floor":108.0,"key":"DIG"},{"data":"Exhume","floor":113.0,"key":"SMITH"},{"floor":117,"key":"DIG"},{"floor":125,"key":"DIG"},{"floor":127,"key":"DIG"},{"floor":134,"key":"DIG"},{"floor":151,"key":"DIG"},{"floor":154,"key":"DIG"}],"circlet_count":0,"master_deck":["AscendersBane","Bash+1","Evolve+1","Whirlwind+1","Battle Trance+1","Shockwave+1","Fire Breathing+1","Fiend Fire+1","Pommel Strike+1","Shrug It Off+1","Pommel Strike+1","Exhume+1","Heavy Blade+1","Offering","Feel No Pain+1","Limit Break+1","Reaper+1","True Grit+1","infinitespire:Gouge+1","infinitespire:OneForAll+1","Wild Strike+1","infinitespire:SevenWalls+1","Barricade+1","Body Slam+1"],"relics":["Burning Blood","PreservedInsect","Gambling Chip","infinitespire:Golems Mask","Tiny Chest","Bag of Preparation","OrangePellets","Torii","Girya","infinitespire:WardingShard","Gremlin Horn","The Courier","Mummified Hand","Lee\u0027s Waffle","Molten Egg 2","infinitespire:Burning Sword","Smiling Mask","Centennial Puzzle","Self Forming Clay","Incense Burner","Charon\u0027s Ashes","Mark of Pain","Shovel","Singing Bowl","Orichalcum","ClockworkSouvenir","Empty Cage","Omamori","Ornamental Fan","Philosopher\u0027s Stone","Bronze Scales","Juzu Bracelet","infinitespire:Lucky Rock","Pear","Potion Belt","Bag of Marbles","infinitespire:Eraser","SlaversCollar","infinitespire:BottledMercury","Dead Branch","StrikeDummy","MutagenicStrength","Vajra","Boot","Runic Pyramid","Calipers","Bottled Lightning","CeramicFish","infinitespire:Satchel","Strawberry","Oddly Smooth Stone","infinitespire:Beetle Shell","Astrolabe","Anchor","FaceOfCleric","MealTicket","War Paint","Golden Idol","Red Skull","Blood Vial","infinitespire:Bottled Soul","Odd Mushroom","Nunchaku","HornCleat","Calling Bell","MawBank","Paper Frog","StoneCalendar","Chemical X","Kunai","infinitespire:ShieldingShard","Eternal Feather","Whetstone","Bottled Flame","Akabeko","Toy Ornithopter","Lantern","Bottled Tornado","infinitespire:PuzzleCube","TungstenRod","Turnip","infinitespire:EmpoweringShard","Art of War","infinitespire:CursedDice","White Beast Statue","Pen Nib","Tiny House","Happy Flower","HandDrill","Mango","InkBottle","Frozen Egg 2","Matryoshka","Blue Candle","Ginger","Fusion Hammer","Letter Opener","Meat on the Bone"],"acts_visited":["Exordium","TheCity","TheBeyond","Exordium","TheCity","TheBeyond","Exordium","TheCity","TheBeyond","TheEnding"],"potions_floor_usage":[152,157,157,157,157],"damage_taken":[{"damage":1.0,"enemies":"Cultist","floor":1.0,"turns":3.0},{"damage":7.0,"enemies":"Small Slimes","floor":2.0,"turns":4.0},{"damage":0.0,"enemies":"2 Louse","floor":4.0,"turns":4.0},{"damage":7.0,"enemies":"Gremlin Gang","floor":5.0,"turns":7.0},{"damage":6.0,"enemies":"Gremlin Nob","floor":7.0,"turns":3.0},{"damage":10.0,"enemies":"Large Slime","floor":8.0,"turns":5.0},{"damage":22.0,"enemies":"Lagavulin","floor":10.0,"turns":6.0},{"damage":2.0,"enemies":"3 Sentries","floor":11.0,"turns":3.0},{"damage":1.0,"enemies":"Looter","floor":13.0,"turns":3.0},{"damage":7.0,"enemies":"3 Sentries","floor":14.0,"turns":3.0},{"damage":1.0,"enemies":"The Guardian","floor":16.0,"turns":7.0},{"damage":0.0,"enemies":"Spheric Guardian","floor":18.0,"turns":1.0},{"damage":2.0,"enemies":"3 Byrds","floor":20.0,"turns":3.0},{"damage":0.0,"enemies":"Sentry and Sphere","floor":21.0,"turns":2.0},{"damage":10.0,"enemies":"Slavers","floor":23.0,"turns":2.0},{"damage":0.0,"enemies":"Gremlin Leader","floor":25.0,"turns":2.0},{"damage":0.0,"enemies":"Cultist and Chosen","floor":28.0,"turns":2.0},{"damage":2.0,"enemies":"Shelled Parasite and Fungi","floor":31.0,"turns":2.0},{"damage":0.0,"enemies":"Champ","floor":33.0,"turns":4.0},{"damage":0.0,"enemies":"Orb Walker","floor":35.0,"turns":1.0},{"damage":0.0,"enemies":"3 Shapes","floor":36.0,"turns":1.0},{"damage":2.0,"enemies":"Mind Bloom Boss Battle","floor":37.0,"turns":3.0},{"damage":8.0,"enemies":"Sphere and 2 Shapes","floor":39.0,"turns":2.0},{"damage":6.0,"enemies":"Nightmare","floor":40.0,"turns":3.0},{"damage":0.0,"enemies":"Jaw Worm Horde","floor":42.0,"turns":2.0},{"damage":0.0,"enemies":"3 Darklings","floor":45.0,"turns":1.0},{"damage":7.0,"enemies":"Giant Head","floor":47.0,"turns":2.0},{"damage":1.0,"enemies":"4 Shapes","floor":48.0,"turns":2.0},{"damage":14.0,"enemies":"Donu and Deca","floor":50.0,"turns":4.0},{"damage":0.0,"enemies":"Small Slimes","floor":52.0,"turns":1.0},{"damage":0.0,"enemies":"Cultist","floor":54.0,"turns":1.0},{"damage":6.0,"enemies":"Jaw Worm","floor":56.0,"turns":1.0},{"damage":6.0,"enemies":"3 Sentries","floor":57.0,"turns":1.0},{"damage":0.0,"enemies":"Gremlin Nob","floor":59.0,"turns":2.0},{"damage":0.0,"enemies":"Large Slime","floor":62.0,"turns":1.0},{"damage":6.0,"enemies":"Nightmare","floor":63.0,"turns":2.0},{"damage":0.0,"enemies":"3 Louse","floor":64.0,"turns":1.0},{"damage":0.0,"enemies":"Hexaghost","floor":67.0,"turns":2.0},{"damage":0.0,"enemies":"3 Byrds","floor":69.0,"turns":1.0},{"damage":0.0,"enemies":"Chosen","floor":72.0,"turns":1.0},{"damage":0.0,"enemies":"Snake Plant","floor":75.0,"turns":1.0},{"damage":0.0,"enemies":"Shelled Parasite and Fungi","floor":76.0,"turns":1.0},{"damage":6.0,"enemies":"Snecko","floor":78.0,"turns":2.0},{"damage":0.0,"enemies":"Slavers","floor":79.0,"turns":1.0},{"damage":0.0,"enemies":"Gremlin Leader","floor":81.0,"turns":1.0},{"damage":0.0,"enemies":"Cultist and Chosen","floor":82.0,"turns":1.0},{"damage":6.0,"enemies":"Automaton","floor":84.0,"turns":3.0},{"damage":0.0,"enemies":"Orb Walker","floor":86.0,"turns":1.0},{"damage":0.0,"enemies":"3 Darklings","floor":87.0,"turns":1.0},{"damage":0.0,"enemies":"Spire Growth","floor":89.0,"turns":1.0},{"damage":6.0,"enemies":"Jaw Worm Horde","floor":90.0,"turns":1.0},{"damage":0.0,"enemies":"Nightmare","floor":91.0,"turns":1.0},{"damage":0.0,"enemies":"Sphere and 2 Shapes","floor":92.0,"turns":1.0},{"damage":0.0,"enemies":"Reptomancer","floor":93.0,"turns":1.0},{"damage":6.0,"enemies":"Giant Head","floor":96.0,"turns":1.0},{"damage":22.0,"enemies":"4 Shapes","floor":97.0,"turns":1.0},{"damage":0.0,"enemies":"Spire Growth","floor":98.0,"turns":1.0},{"damage":0.0,"enemies":"Nemesis","floor":99.0,"turns":1.0},{"damage":27.0,"enemies":"infinitespire:MassOfShapes","floor":101.0,"turns":2.0},{"damage":0.0,"enemies":"Cultist","floor":103.0,"turns":1.0},{"damage":0.0,"enemies":"Jaw Worm","floor":106.0,"turns":1.0},{"damage":6.0,"enemies":"Nightmare","floor":110.0,"turns":1.0},{"damage":0.0,"enemies":"Small Slimes","floor":114.0,"turns":1.0},{"damage":0,"enemies":"The Mushroom Lair","floor":115,"turns":1},{"damage":0,"enemies":"Gremlin Nob","floor":116,"turns":1},{"damage":0,"enemies":"The Guardian","floor":118,"turns":2},{"damage":0,"enemies":"Chosen","floor":120,"turns":1},{"damage":0,"enemies":"Spheric Guardian","floor":121,"turns":1},{"damage":0,"enemies":"Gremlin Leader","floor":126,"turns":1},{"damage":0,"enemies":"Nightmare","floor":129,"turns":1},{"damage":0,"enemies":"Centurion and Healer","floor":130,"turns":1},{"damage":0,"enemies":"Colosseum Slavers","floor":133,"turns":1},{"damage":0,"enemies":"Colosseum Nobs","floor":133,"turns":1},{"damage":0,"enemies":"infinitespire:LordOfFortification","floor":135,"turns":1},{"damage":0,"enemies":"Orb Walker","floor":137,"turns":1},{"damage":0,"enemies":"3 Darklings","floor":140,"turns":1},{"damage":0,"enemies":"4 Shapes","floor":141,"turns":1},{"damage":0,"enemies":"Nemesis","floor":142,"turns":1},{"damage":0,"enemies":"Jaw Worm Horde","floor":144,"turns":1},{"damage":0,"enemies":"Reptomancer","floor":146,"turns":1},{"damage":0,"enemies":"Sphere and 2 Shapes","floor":147,"turns":1},{"damage":0,"enemies":"Giant Head","floor":148,"turns":1},{"damage":0,"enemies":"Writhing Mass","floor":149,"turns":1},{"damage":0,"enemies":"Reptomancer","floor":150,"turns":1},{"damage":0,"enemies":"infinitespire:LordOfFortification","floor":152,"turns":5},{"damage":0,"enemies":"Shield and Spear","floor":156,"turns":1},{"damage":6,"enemies":"The Heart","floor":157,"turns":6}],"seed_played":"8150098196486041759","potions_obtained":[{"floor":4.0,"key":"ColorlessPotion"},{"floor":5.0,"key":"Weak Potion"},{"floor":7.0,"key":"GamblersBrew"},{"floor":8.0,"key":"SteroidPotion"},{"floor":11.0,"key":"ElixirPotion"},{"floor":20.0,"key":"Block Potion"},{"floor":21.0,"key":"CultistPotion"},{"floor":50.0,"key":"Ancient Potion"},{"floor":57.0,"key":"PowerPotion"},{"floor":64.0,"key":"FearPotion"},{"floor":67.0,"key":"EssenceOfSteel"},{"floor":91.0,"key":"Regen Potion"},{"floor":114.0,"key":"Weak Potion"},{"floor":152,"key":"Dexterity Potion"},{"floor":157,"key":"GamblersBrew"}],"is_trial":false,"path_per_floor":["M","M","?","M","M","R","E","M","T","E","?","$","M","E","R","B",null,"M","?","M","M","T","E","R","E","T","R","M","$","R","M","R","B",null,"M","M","?","?","M","NM","R","M","T","?","M","AVR","E","M","R","B",null,"M","T","M","?","M","E","R","E","T","R","M","NM","M","T","R","B",null,"M","?","T","M","?","R","M","M","T","M","E","?","E","M","R","B",null,"M","M","AVR","M","M","NM","M","E","T","?","E","M","M","E","R","B",null,"M","T","?","M","?","R","?","NM","T","T","R","M","?","E","R","B",null,"M","M","?","?","$","R","E","R","T","NM","M","AVR","T","?","R","B",null,"M","?","?","M","M","E","$","M","T","E","M","E","M","E","R","B",null,"R","$","E","B",null],"character_chosen":"IRONCLAD","items_purchased":["PreservedInsect","Tiny Chest","Bag of Preparation","OrangePellets","Torii","Metallicize","Lee\u0027s Waffle","infinitespire:BlackPotion","Charon\u0027s Ashes","Chemical X","Kunai","infinitespire:ShieldingShard","Eternal Feather","Whetstone","Bottled Flame","Akabeko","Toy Ornithopter","HandDrill","Mango","Body Slam+1"],"campfire_rested":0,"item_purchase_floors":[0,0,0,0,0,0,12,12,29,124,124,124,124,124,124,124,124,143,143,155],"current_hp_per_floor":[29,28,28,34,33,33,33,29,29,13,17,87,87,86,86,87,87,87,87,87,87,87,83,83,87,87,87,87,87,87,87,87,87,87,87,87,87,87,85,85,85,87,87,83,85,85,86,87,87,79,85,89,89,91,91,93,95,95,105,105,105,107,109,111,111,111,113,113,115,115,115,117,117,117,119,121,121,123,125,125,127,129,129,131,131,131,133,133,135,137,139,141,143,143,139,148,134,142,150,150,145,161,168,168,168,171,171,171,129,132,132,132,132,143,154,165,165,176,184,189,192,192,192,192,192,195,195,195,198,201,201,201,205,205,208,215,218,218,218,221,224,227,241,244,244,247,250,253,256,259,259,260,260,260,260,263,266],"gold":479,"neow_bonus":"","is_daily":false,"chose_seed":false,"campfire_upgraded":8,"win_rate":0.0,"timestamp":1608785353,"path_taken":["M","M","?","M","M","R","E","M","T","E","?","$","M","E","R","BOSS","M","?","M","M","?","E","R","E","T","R","M","$","R","M","R","BOSS","M","M","?","?","M","NM","R","M","T","?","M","AVR","E","M","R","BOSS","M","?","M","?","M","E","R","E","T","R","M","NM","M","?","R","BOSS","M","?","?","M","?","R","M","M","T","M","E","?","E","M","R","BOSS","M","M","AVR","M","M","NM","M","E","T","?","E","M","M","E","R","BOSS","M","?","?","M","?","R","?","NM","T","?","R","M","?","E","R","BOSS","M","M","?","?","$","R","E","R","T","NM","M","AVR","?","?","R","BOSS","M","?","?","M","M","E","$","M","T","E","M","E","M","E","R","BOSS","R","$","E","BOSS"],"items_purchased_type":["Relic","Relic","Relic","Relic","Relic","Card","Relic","Potion","Relic","Relic","Relic","Relic","Relic","Relic","Relic","Relic","Relic","Relic","Relic","Card"],"build_version":"2020-12-22","purchased_purges":7,"victory":true,"max_hp_per_floor":[80,80,80,80,80,80,80,80,80,80,80,87,87,87,87,87,87,87,87,87,87,87,87,87,87,87,87,87,87,87,87,87,87,87,87,87,87,87,87,87,87,87,87,83,85,85,87,87,87,87,87,89,89,91,91,93,95,95,105,105,105,107,109,111,111,111,113,113,115,115,115,117,117,117,119,121,121,123,125,125,127,129,129,131,131,131,133,133,135,137,139,141,143,143,149,158,160,162,164,164,166,166,168,168,168,171,171,171,171,174,174,174,174,177,180,183,183,186,186,189,192,192,192,192,192,195,195,195,198,201,201,201,205,205,208,215,218,218,218,221,224,227,241,244,244,247,250,253,256,259,259,260,260,260,260,263,266],"card_choices":[{"not_picked":["Armaments","infinitespire:OneForAll"],"picked":"Wild Strike","floor":1.0},{"not_picked":["Infernal Blade","Clothesline"],"picked":"Evolve","floor":2.0},{"not_picked":["Perfected Strike","Corruption","Twin Strike"],"picked":"SKIP","floor":4.0},{"not_picked":["Searing Blow","Headbutt"],"picked":"Whirlwind","floor":5.0},{"not_picked":["Dual Wield","Havoc"],"picked":"Flex","floor":7.0},{"not_picked":["Flex","Wild Strike"],"picked":"Battle Trance","floor":8.0},{"not_picked":["Battle Trance","Berserk"],"picked":"Shockwave","floor":10.0},{"not_picked":["Pommel Strike","Body Slam"],"picked":"Fire Breathing","floor":13.0},{"not_picked":["Anger+1","Headbutt+1"],"picked":"Shrug It Off","floor":14.0},{"not_picked":["Bludgeon+1","Offering"],"picked":"Fiend Fire+1","floor":16.0},{"not_picked":["Disarm","Headbutt+1"],"picked":"Pommel Strike+1","floor":18.0},{"not_picked":["Sword Boomerang+1","Body Slam+1"],"picked":"Shrug It Off+1","floor":20.0},{"not_picked":["Heavy Blade+1","Infernal Blade"],"picked":"Pommel Strike+1","floor":21.0},{"not_picked":["Clash+1","Thunderclap+1"],"picked":"Exhume","floor":23.0},{"not_picked":["Double Tap","Exhume","Searing Blow+1"],"picked":"SKIP","floor":25.0},{"not_picked":["Warcry+1","Pommel Strike+1"],"picked":"Heavy Blade+1","floor":28.0},{"not_picked":["Carnage+1","Anger+1","Evolve"],"picked":"SKIP","floor":31.0},{"not_picked":["Berserk","Demon Form"],"picked":"Offering","floor":33.0},{"not_picked":["Flex","Heavy Blade+1","Wild Strike+1"],"picked":"SKIP","floor":35.0},{"not_picked":["Twin Strike+1","Dropkick+1","Clothesline+1"],"picked":"SKIP","floor":36.0},{"not_picked":["Headbutt+1","Perfected Strike+1","Reckless Charge+1"],"picked":"SKIP","floor":39.0},{"not_picked":["Blood for Blood+1","Reckless Charge+1"],"picked":"Feel No Pain+1","floor":40.0},{"not_picked":["Havoc","Iron Wave+1"],"picked":"Limit Break","floor":42.0},{"not_picked":["Evolve+1","Warcry+1","Power Through+1"],"picked":"Singing Bowl","floor":45.0},{"not_picked":["Seeing Red","Entrench+1","Sword Boomerang+1"],"picked":"Singing Bowl","floor":47.0},{"not_picked":["Heavy Blade+1","Ghostly Armor+1"],"picked":"Juggernaut","floor":48.0},{"not_picked":["Exhume","Double Tap"],"picked":"Reaper+1","floor":50.0},{"not_picked":["Body Slam+1","Perfected Strike+1","Infernal Blade"],"picked":"Singing Bowl","floor":52.0},{"not_picked":["Cleave+1","Feel No Pain","Spot Weakness"],"picked":"Singing Bowl","floor":54.0},{"not_picked":["Iron Wave+1","Havoc","Anger+1"],"picked":"Singing Bowl","floor":56.0},{"not_picked":["Metallicize","Power Through","Warcry"],"picked":"Singing Bowl","floor":57.0},{"not_picked":["Intimidate","Reaper+1"],"picked":"True Grit","floor":59.0},{"not_picked":["Searing Blow+1","Heavy Blade+1","Spot Weakness"],"picked":"Singing Bowl","floor":62.0},{"not_picked":["Entrench","Pummel+1","Perfected Strike+1"],"picked":"Singing Bowl","floor":63.0},{"not_picked":["Cleave+1","Pommel Strike+1","Pummel+1"],"picked":"Singing Bowl","floor":64.0},{"not_picked":["Demon Form","Reaper+1","Double Tap"],"picked":"Singing Bowl","floor":67.0},{"not_picked":["Wild Strike+1","Heavy Blade+1","Shockwave"],"picked":"Singing Bowl","floor":69.0},{"not_picked":["Flex","Carnage+1","Clash+1"],"picked":"Singing Bowl","floor":72.0},{"not_picked":["Entrench","Cleave+1","Iron Wave+1"],"picked":"Singing Bowl","floor":75.0},{"not_picked":["Whirlwind+1","Thunderclap+1","Entrench"],"picked":"Singing Bowl","floor":76.0},{"not_picked":["Armaments+1","Headbutt+1","Perfected Strike+1"],"picked":"Singing Bowl","floor":78.0},{"not_picked":["Feel No Pain","Brutality","Rage+1"],"picked":"Singing Bowl","floor":79.0},{"not_picked":["Clothesline+1","Metallicize+1","Anger+1"],"picked":"Singing Bowl","floor":81.0},{"not_picked":["Cleave+1","Headbutt+1","Clothesline+1"],"picked":"Singing Bowl","floor":82.0},{"not_picked":["Offering","Berserk","Reaper+1"],"picked":"Singing Bowl","floor":84.0},{"not_picked":["infinitespire:Punishment","infinitespire:FinalStrike"],"picked":"infinitespire:Gouge","floor":85.0},{"not_picked":["Havoc+1","Headbutt+1"],"picked":"infinitespire:OneForAll+1","floor":86.0},{"not_picked":["Wild Strike+1","Body Slam+1","Demon Form"],"picked":"Singing Bowl","floor":87.0},{"not_picked":["Clothesline+1","Thunderclap+1","Flex+1"],"picked":"Singing Bowl","floor":89.0},{"not_picked":["Rampage+1","Fire Breathing","Wild Strike+1"],"picked":"Singing Bowl","floor":90.0},{"not_picked":["Power Through+1","Metallicize","Perfected Strike+1"],"picked":"Singing Bowl","floor":91.0},{"not_picked":["Armaments","Juggernaut","Heavy Blade+1"],"picked":"Singing Bowl","floor":92.0},{"not_picked":["Wild Strike+1","Flex","Twin Strike+1"],"picked":"Singing Bowl","floor":93.0},{"not_picked":["Trip","Forethought","Transmutation"],"picked":"Singing Bowl","floor":95.0},{"not_picked":["Mind Blast+1","Dramatic Entrance+1","Metamorphosis"],"picked":"Singing Bowl","floor":95.0},{"not_picked":["Blind","HandOfGreed+1","Bandage Up"],"picked":"Singing Bowl","floor":95.0},{"not_picked":["Iron Wave+1","Twin Strike+1","Pommel Strike+1"],"picked":"Singing Bowl","floor":96.0},{"not_picked":["Uppercut+1","Spot Weakness+1","Clash+1"],"picked":"Singing Bowl","floor":97.0},{"not_picked":["Uppercut+1","Shrug It Off+1","Reaper+1"],"picked":"Singing Bowl","floor":98.0},{"not_picked":["Warcry+1","Perfected Strike+1","Sever Soul+1"],"picked":"Singing Bowl","floor":99.0},{"not_picked":["Bludgeon+1","Demon Form","Limit Break"],"picked":"Singing Bowl","floor":101.0},{"not_picked":["Uppercut+1","Sword Boomerang+1","Shrug It Off"],"picked":"Singing Bowl","floor":103.0},{"not_picked":["Armaments","Blood for Blood+1","Warcry"],"picked":"Singing Bowl","floor":106.0},{"not_picked":["infinitespire:Fortify","infinitespire:FinalStrike"],"picked":"infinitespire:SevenWalls","floor":110.0},{"not_picked":["Perfected Strike+1","Body Slam+1","Double Tap"],"picked":"Singing Bowl","floor":110.0},{"not_picked":["Ghostly Armor","Sentinel","Shockwave"],"picked":"Singing Bowl","floor":114.0},{"not_picked":["Shrug It Off","Dark Embrace","Anger+1"],"picked":"Singing Bowl","floor":115},{"not_picked":["Cleave+1","Burning Pact","Shrug It Off"],"picked":"Singing Bowl","floor":116},{"not_picked":["Offering","Exhume","Corruption"],"picked":"Singing Bowl","floor":118},{"not_picked":["Fire Breathing+1","Uppercut+1","Sever Soul+1"],"picked":"Singing Bowl","floor":120},{"not_picked":["Twin Strike+1","Wild Strike+1","Warcry"],"picked":"Singing Bowl","floor":121},{"not_picked":["Spot Weakness","Warcry","Iron Wave+1"],"picked":"Singing Bowl","floor":126},{"not_picked":["Clash+1","Pommel Strike+1","Reaper+1"],"picked":"Singing Bowl","floor":129},{"not_picked":["Shrug It Off","Combust+1","Heavy Blade+1"],"picked":"Singing Bowl","floor":130},{"not_picked":["Thunderclap+1","Flex","Dark Embrace+1"],"picked":"Singing Bowl","floor":133},{"not_picked":["Offering","Double Tap","Brutality"],"picked":"Singing Bowl","floor":135},{"not_picked":["Sword Boomerang+1","True Grit+1","Combust+1"],"picked":"Singing Bowl","floor":136},{"not_picked":["Clash+1","Anger+1","Thunderclap+1"],"picked":"Singing Bowl","floor":137},{"not_picked":["Iron Wave+1","Metallicize+1","Searing Blow+1"],"picked":"Singing Bowl","floor":140},{"not_picked":["Twin Strike+1","Armaments+1","Dropkick+1"],"picked":"Singing Bowl","floor":141},{"not_picked":["Armaments+1","Rupture","Seeing Red"],"picked":"Singing Bowl","floor":142},{"not_picked":["Exhume","Body Slam+1","Fire Breathing"],"picked":"Singing Bowl","floor":144},{"not_picked":["Heavy Blade+1","Battle Trance+1","Shockwave+1"],"picked":"Singing Bowl","floor":146},{"not_picked":["Sword Boomerang+1","Infernal Blade","Warcry"],"picked":"Singing Bowl","floor":147},{"not_picked":["Spot Weakness","Whirlwind+1","Warcry+1"],"picked":"Singing Bowl","floor":148},{"not_picked":["Clash+1","Wild Strike+1","Body Slam+1"],"picked":"Singing Bowl","floor":149},{"not_picked":["Iron Wave+1","Entrench","Armaments"],"picked":"Singing Bowl","floor":150},{"not_picked":["Berserk+1","Fiend Fire+1"],"picked":"Barricade+1","floor":152},{"not_picked":["Warcry+1","Iron Wave+1","Shrug It Off"],"picked":"Singing Bowl","floor":156},{"not_picked":["Bludgeon+1","Barricade+1","Fiend Fire+1"],"picked":"Singing Bowl","floor":157}],"player_experience":2720881,"relics_obtained":[{"floor":7.0,"key":"infinitespire:WardingShard"},{"floor":9.0,"key":"Gremlin Horn"},{"floor":10.0,"key":"The Courier"},{"floor":14.0,"key":"Molten Egg 2"},{"floor":22.0,"key":"Centennial Puzzle"},{"floor":23.0,"key":"Self Forming Clay"},{"floor":25.0,"key":"Incense Burner"},{"floor":37.0,"key":"Shovel"},{"floor":40.0,"key":"Singing Bowl"},{"floor":43.0,"key":"Orichalcum"},{"floor":47.0,"key":"Omamori"},{"floor":49.0,"key":"Ornamental Fan"},{"floor":53.0,"key":"Bronze Scales"},{"floor":57.0,"key":"Juzu Bracelet"},{"floor":58.0,"key":"infinitespire:Lucky Rock"},{"floor":59.0,"key":"Pear"},{"floor":60.0,"key":"Potion Belt"},{"floor":63.0,"key":"Bag of Marbles"},{"floor":65.0,"key":"infinitespire:Eraser"},{"floor":71.0,"key":"infinitespire:BottledMercury"},{"floor":77.0,"key":"Dead Branch"},{"floor":79.0,"key":"StrikeDummy"},{"floor":81.0,"key":"Vajra"},{"floor":83.0,"key":"Boot"},{"floor":91.0,"key":"Bottled Lightning"},{"floor":93.0,"key":"CeramicFish"},{"floor":94.0,"key":"infinitespire:Satchel"},{"floor":96.0,"key":"Strawberry"},{"floor":99.0,"key":"Oddly Smooth Stone"},{"floor":100.0,"key":"infinitespire:Beetle Shell"},{"floor":104.0,"key":"Anchor"},{"floor":108.0,"key":"War Paint"},{"floor":110.0,"key":"Red Skull"},{"floor":111.0,"key":"Blood Vial"},{"floor":112.0,"key":"infinitespire:Bottled Soul"},{"floor":115,"key":"Odd Mushroom"},{"floor":116,"key":"Nunchaku"},{"floor":117,"key":"HornCleat"},{"floor":119,"key":"MawBank"},{"floor":119,"key":"Paper Frog"},{"floor":119,"key":"StoneCalendar"},{"floor":125,"key":"Lantern"},{"floor":126,"key":"Bottled Tornado"},{"floor":127,"key":"infinitespire:PuzzleCube"},{"floor":128,"key":"TungstenRod"},{"floor":129,"key":"Turnip"},{"floor":132,"key":"Art of War"},{"floor":133,"key":"infinitespire:CursedDice"},{"floor":133,"key":"White Beast Statue"},{"floor":134,"key":"Pen Nib"},{"floor":142,"key":"Happy Flower"},{"floor":145,"key":"InkBottle"},{"floor":146,"key":"Frozen Egg 2"},{"floor":148,"key":"Matryoshka"},{"floor":150,"key":"Blue Candle"},{"floor":151,"key":"Ginger"},{"floor":154,"key":"Letter Opener"},{"floor":156,"key":"Meat on the Bone"}],"event_choices":[{"damage_healed":0.0,"max_hp_gain":0.0,"max_hp_loss":0.0,"gold_gain":0.0,"event_name":"Dead Adventurer","player_choice":"Searched \u00273\u0027 times","floor":11.0,"gold_loss":0.0,"damage_taken":0.0,"relics_obtained":["Mummified Hand"]},{"damage_healed":0.0,"max_hp_gain":0.0,"max_hp_loss":0.0,"gold_gain":0.0,"event_name":"WeMeetAgain","player_choice":"Gave Potion","floor":19.0,"gold_loss":0.0,"damage_taken":0.0,"relics_obtained":["Smiling Mask"]},{"damage_healed":0.0,"max_hp_gain":0.0,"max_hp_loss":0.0,"gold_gain":0.0,"event_name":"MindBloom","player_choice":"Fight","floor":37.0,"gold_loss":0.0,"damage_taken":0.0},{"damage_healed":0.0,"max_hp_gain":0.0,"max_hp_loss":0.0,"gold_gain":0.0,"event_name":"Tomb of Lord Red Mask","player_choice":"Ignored","floor":38.0,"gold_loss":0.0,"damage_taken":0.0},{"damage_healed":0.0,"max_hp_gain":0.0,"max_hp_loss":4.0,"gold_gain":0.0,"event_name":"Winding Halls","player_choice":"Max HP","floor":44.0,"gold_loss":0.0,"damage_taken":0.0},{"cards_removed":["Strike_R"],"damage_healed":0.0,"max_hp_gain":0.0,"max_hp_loss":0.0,"gold_gain":0.0,"event_name":"The Cleric","player_choice":"Card Removal","floor":55.0,"gold_loss":50.0,"damage_taken":0.0},{"damage_healed":0.0,"max_hp_gain":0.0,"max_hp_loss":0.0,"gold_gain":0.0,"event_name":"The Woman in Blue","player_choice":"Bought 0 Potions","floor":70.0,"gold_loss":0.0,"damage_taken":0.0},{"cards_removed":["Strike_R"],"damage_healed":0.0,"max_hp_gain":0.0,"max_hp_loss":0.0,"gold_gain":0.0,"event_name":"Beggar","player_choice":"Gave Gold","floor":73.0,"gold_loss":75.0,"damage_taken":0.0},{"damage_healed":0.0,"max_hp_gain":0.0,"max_hp_loss":0.0,"gold_gain":0.0,"event_name":"Drug Dealer","player_choice":"Inject Mutagens","floor":80.0,"gold_loss":0.0,"damage_taken":0.0,"relics_obtained":["MutagenicStrength"]},{"damage_healed":0.0,"max_hp_gain":0.0,"max_hp_loss":0.0,"gold_gain":0.0,"event_name":"SensoryStone","player_choice":"Memory 3","floor":95.0,"gold_loss":0.0,"damage_taken":10.0},{"damage_healed":0.0,"max_hp_gain":0.0,"max_hp_loss":0.0,"gold_gain":0.0,"event_name":"FaceTrader","player_choice":"Trade","floor":105.0,"gold_loss":0.0,"damage_taken":0.0,"relics_obtained":["FaceOfCleric"]},{"damage_healed":0.0,"max_hp_gain":0.0,"max_hp_loss":0.0,"gold_gain":0.0,"event_name":"WeMeetAgain","player_choice":"Gave Potion","floor":107.0,"gold_loss":0.0,"damage_taken":0.0,"relics_obtained":["MealTicket"]},{"damage_healed":0.0,"max_hp_gain":0.0,"max_hp_loss":0.0,"gold_gain":0.0,"event_name":"Golden Idol","player_choice":"Take Damage","floor":109.0,"gold_loss":0.0,"damage_taken":42.0,"relics_obtained":["Golden Idol"]},{"damage_healed":0,"gold_gain":0,"player_choice":"Fought Mushrooms","damage_taken":0,"max_hp_gain":0,"max_hp_loss":0,"event_name":"Mushrooms","floor":115,"gold_loss":0},{"damage_healed":0,"gold_gain":0,"player_choice":"Ignored","damage_taken":0,"max_hp_gain":0,"max_hp_loss":0,"event_name":"Vampires","floor":122,"gold_loss":0},{"cards_removed":["Juggernaut"],"damage_healed":0,"gold_gain":0,"player_choice":"Elegance","damage_taken":0,"max_hp_gain":0,"max_hp_loss":0,"event_name":"Back to Basics","floor":123,"gold_loss":0},{"damage_healed":0,"gold_gain":0,"player_choice":"Fight","damage_taken":0,"max_hp_gain":0,"max_hp_loss":0,"event_name":"Colosseum","floor":133,"gold_loss":0},{"damage_healed":0,"gold_gain":0,"player_choice":"Fought Nobs","damage_taken":0,"max_hp_gain":0,"max_hp_loss":0,"event_name":"Colosseum","floor":133,"gold_loss":0},{"cards_removed":["Metallicize"],"damage_healed":0,"gold_gain":0,"player_choice":"Removed Power","damage_taken":0,"max_hp_gain":0,"max_hp_loss":0,"event_name":"Falling","floor":138,"gold_loss":0},{"cards_removed":["Uppercut"],"damage_healed":0,"gold_gain":0,"player_choice":"Offered Uncommon","damage_taken":0,"max_hp_gain":0,"max_hp_loss":0,"event_name":"Bonfire Elementals","floor":139,"gold_loss":0}],"is_beta":false,"boss_relics":[{"not_picked":["Fusion Hammer","Busted Crown"],"picked":"infinitespire:Burning Sword"},{"not_picked":["Black Blood","Runic Dome"],"picked":"Mark of Pain"},{"not_picked":["Astrolabe","Velvet Choker"],"picked":"Philosopher\u0027s Stone"},{"not_picked":["Runic Cube","Sozu"],"picked":"SlaversCollar"},{"not_picked":["Tiny House","Fusion Hammer"],"picked":"Runic Pyramid"},{"not_picked":["Cursed Key","Pandora\u0027s Box"],"picked":"Astrolabe"},{"not_picked":["Coffee Dripper","Runic Dome"],"picked":"Calling Bell"},{"not_picked":["Pandora\u0027s Box","Velvet Choker"],"picked":"Tiny House"},{"not_picked":["SacredBark","infinitespire:Cupcake"],"picked":"Fusion Hammer"}],"items_purged_floors":[29,46,88,124,131,143,155],"is_endless":true,"potions_floor_spawned":[4,5,7,8,11,20,21,25,28,36,40,42,45,50,57,64,67,76,81,84,91,93,96,98,99,103,114,116,121,129,133,135,137,140,141,142,144,146,147,148,149,150,152,156,157],"ascension_level":10}}