{"host":"sufkhx3gqml4n92r","time":1608816009,"event":{"mods":["ATMod(阿瑾Mod)","Act Like it!","BaseMod","Colored Powertips","Conspire","Friendly Minions","Highlight Path","KinomotoSakuraMod(木之本樱)","Minty Spire (QoL Compilation)","MostiFishMod","Pale of the Ancients","Relic Stats","Remilia（蕾米莉亚）","Replay The Spire","RumiaBox-露米娅的神秘盒子","Spicy Shops","Spire Birthday Party","StSLib","TestMod","The Alterego","Waifu the Spire","WarShipGirlsR/战舰少女R mod","noobMod","vexMod","【遗物卡牌】REMEMod"],"gold_per_floor":[115,90,65,100,120,155,170,198,225,245,265,278,295,309,309,412,412,428,353,368,73,73,104,104,116,116,116,126,126,126,141,141,243,243,258,258,258,273,289,289,304,354,354,354,354,400,418,428,428,428],"floor_reached":51,"playtime":3988,"items_purged":[],"score":808,"play_id":"df44f6c5-b11a-4f55-b4df-e6643ef28ea8","local_time":"20201224212009","is_ascension_mode":false,"campfire_choices":[{"floor":15,"key":"REST"},{"floor":24,"key":"REST"},{"data":"SpellCardSeal","floor":30,"key":"SMITH"},{"data":"AT_FamilyPortrait","floor":32,"key":"SMITH"},{"data":"ClowCardThePower","floor":44,"key":"SMITH"},{"data":"ClowCardTheFight","floor":49,"key":"SMITH"}],"circlet_count":0,"master_deck":["SakuraCardTheMove+","SakuraCardTheErase+","SakuraCardTheDream+","ClowCardTheSword","ClowCardTheSword","ClowCardTheSword","ClowCardTheSword","ClowCardTheShield","ClowCardTheShield","ClowCardTheShield","ClowCardTheShield","SpellCardSeal+1","SpellCardRelease","AT_FamilyPortrait+1","ClowCardTheJump","ClowCardTheShot","ClowCardTheWood","ClowCardTheMove","ClowCardTheDash","ClowCardTheShot","ClowCardTheTwin","ClowCardTheMirror","ClowCardTheShadow","ClowCardTheRain","ClowCardTheSweet","ClowCardTheSong+1","AT_FamilyPortrait+1","ClowCardThePower+1","ClowCardTheLight","ClowCardTheFirey","ClowCardTheMove","ClowCardTheDash","ClowCardTheLoop","ClowCardTheSnow","ClowCardTheFight+1","ClowCardTheGlow","ClowCardTheGlow+1","ClowCardTheIllusion+1","ClowCardTheMist","ClowCardTheFly","Madness","Madness","SakuraCardTheHope+","ClowCardTheIllusion","ClowCardTheDark","ClowCardTheLibra","ClowCardTheShot","ClowCardTheMist+1"],"relics":["KSMOD_SealedBook","KSMOD_SealedWand","ice","REME_ComplimentaryCards","DaveBox","AT_ATBox","Nloth\u0027s Gift","testmod-EqualTreatment","SynthV:TestCard","vexMod:MemoryStick","Omamori","AT_ArcaneBoots","Ccalipers","Black Star","testmod-IndustrialRevolution","Civilization","AT_ChloranthyRing","ReplayTheSpireMod:TigerMarble","GodSword4","SacredBark","Juzu Bracelet","Prayer Wheel","testmod-BlackFramedGlasses","Simple Rune"],"acts_visited":["Exordium","TheCity","TheBeyond"],"potions_floor_usage":[6,46],"damage_taken":[{"damage":0,"enemies":"2 Louse","floor":1,"turns":2},{"damage":0,"enemies":"Small Slimes","floor":5,"turns":2},{"damage":18,"enemies":"Lagavulin","floor":6,"turns":7},{"damage":0,"enemies":"Cultist","floor":7,"turns":1},{"damage":0,"enemies":"3 Sentries","floor":8,"turns":4},{"damage":0,"enemies":"Gremlin Gang","floor":10,"turns":1},{"damage":0,"enemies":"Lots of Slimes","floor":11,"turns":1},{"damage":0,"enemies":"Large Slime","floor":12,"turns":4},{"damage":0,"enemies":"2 Fungi Beasts","floor":13,"turns":2},{"damage":0,"enemies":"Looter","floor":14,"turns":2},{"damage":1,"enemies":"Fading Forest","floor":16,"turns":11},{"damage":0,"enemies":"Shell Parasite","floor":18,"turns":4},{"damage":29,"enemies":"Chosen","floor":20,"turns":6},{"damage":42,"enemies":"conspire:Head Lice","floor":23,"turns":5},{"damage":0,"enemies":"3 Cultists","floor":25,"turns":2},{"damage":0,"enemies":"Snake Plant","floor":28,"turns":1},{"damage":8,"enemies":"Snecko","floor":31,"turns":3},{"damage":18,"enemies":"Champ","floor":33,"turns":10},{"damage":0,"enemies":"3 Darklings","floor":35,"turns":1},{"damage":0,"enemies":"Orb Walker","floor":38,"turns":1},{"damage":0,"enemies":"Jaw Worm Horde","floor":39,"turns":1},{"damage":0,"enemies":"Transient","floor":41,"turns":3},{"damage":6,"enemies":"Mind Bloom Boss Battle","floor":42,"turns":3},{"damage":0,"enemies":"KSMOD_TheNothingMonster","floor":46,"turns":1},{"damage":0,"enemies":"Maw","floor":47,"turns":4},{"damage":20,"enemies":"Jaw Worm Horde","floor":48,"turns":2},{"damage":28,"enemies":"Awakened One","floor":50,"turns":5}],"seed_played":"-6326922089617517772","potions_obtained":[{"floor":4,"key":"CultistPotion"},{"floor":5,"key":"PowerPotion"},{"floor":7,"key":"Milkshake"},{"floor":8,"key":"Venom Potion"},{"floor":12,"key":"Flashbang"},{"floor":14,"key":"LifebloodPotion"},{"floor":46,"key":"Fruit Juice"},{"floor":47,"key":"SkillPotion"}],"is_trial":false,"path_per_floor":["M","?","$","?","M","E","M","E","T","M","M","M","M","M","R","B",null,"M","?","M","$","?","E","R","M","T","?","M","?","R","M","R","B",null,"M","?","?","M","M","?","M","?","T","R","?","?","M","M","R","B",null],"character_chosen":"KINOMOTOSAKURA","items_purchased":["ClowCardTheShot","Civilization"],"campfire_rested":2,"item_purchase_floors":[3,21],"current_hp_per_floor":[77,77,77,47,47,29,29,29,29,29,29,29,29,29,52,66,77,77,77,53,53,53,21,45,53,53,53,62,62,62,71,71,55,120,137,137,137,155,176,176,198,215,215,215,187,222,251,266,266,281],"gold":428,"neow_bonus":"TEN_PERCENT_HP_BONUS","is_daily":false,"chose_seed":false,"campfire_upgraded":4,"win_rate":0.0,"timestamp":1608816009,"path_taken":["M","?","$","?","M","E","M","E","T","M","M","?","?","?","R","BOSS","M","?","M","$","?","E","R","M","T","?","?","?","R","M","R","BOSS","M","?","?","M","M","?","M","?","T","R","?","?","M","M","R","BOSS"],"items_purchased_type":["Card","Relic"],"build_version":"2020-12-22","purchased_purges":0,"victory":true,"max_hp_per_floor":[77,77,77,77,77,77,77,77,77,77,77,77,77,77,77,77,77,77,77,77,77,77,82,82,90,90,90,99,99,99,109,109,120,120,137,137,137,155,176,176,198,221,221,221,221,255,280,308,308,341],"relic_stats":{"counters":[27,89],"Prayer Wheel":3,"Nloth\u0027s Gift":14,"Black Star":1,"Juzu Bracelet":1,"obtain_stats":[{"vexMod:MemoryStick":4,"AT_ATBox":0,"DaveBox":0,"SacredBark":34,"testmod-EqualTreatment":0,"AT_ArcaneBoots":20,"ice":0,"Juzu Bracelet":40,"testmod-BlackFramedGlasses":42,"Civilization":21,"Ccalipers":9,"Prayer Wheel":41,"KSMOD_SealedWand":0,"AT_ChloranthyRing":23,"testmod-TestBox":0,"KSMOD_SealedBook":0,"Omamori":6,"testmod-IndustrialRevolution":20,"AT_SpeedBoots":8,"SynthV:TestCard":1,"Simple Rune":43,"Nloth\u0027s Gift":0,"Black Star":17,"ReplayTheSpireMod:TigerMarble":23,"GodSword4":26,"REME_ComplimentaryCards":0},{"vexMod:MemoryStick":1,"AT_ATBox":0,"DaveBox":0,"SacredBark":18,"testmod-EqualTreatment":0,"AT_ArcaneBoots":13,"ice":0,"Juzu Bracelet":21,"testmod-BlackFramedGlasses":23,"Civilization":13,"Ccalipers":5,"Prayer Wheel":22,"KSMOD_SealedWand":0,"AT_ChloranthyRing":14,"testmod-TestBox":0,"KSMOD_SealedBook":0,"Omamori":3,"testmod-IndustrialRevolution":13,"AT_SpeedBoots":5,"SynthV:TestCard":1,"Simple Rune":23,"Nloth\u0027s Gift":0,"Black Star":11,"ReplayTheSpireMod:TigerMarble":14,"GodSword4":15,"REME_ComplimentaryCards":0},{"vexMod:MemoryStick":2,"AT_ATBox":0,"DaveBox":0,"SacredBark":68,"testmod-EqualTreatment":0,"AT_ArcaneBoots":46,"ice":0,"Juzu Bracelet":71,"testmod-BlackFramedGlasses":77,"Civilization":47,"Ccalipers":16,"Prayer Wheel":72,"KSMOD_SealedWand":0,"AT_ChloranthyRing":52,"testmod-TestBox":0,"KSMOD_SealedBook":0,"Omamori":11,"testmod-IndustrialRevolution":47,"AT_SpeedBoots":16,"SynthV:TestCard":2,"Simple Rune":77,"Nloth\u0027s Gift":0,"Black Star":37,"ReplayTheSpireMod:TigerMarble":52,"GodSword4":54,"REME_ComplimentaryCards":0}]},"card_choices":[{"not_picked":["ClowCardTheArrow","ClowCardTheWindy"],"picked":"ClowCardTheJump","floor":1},{"not_picked":["ClowCardTheSilent","ClowCardTheFly","ClowCardTheThunder","ClowCardTheChange"],"picked":"ClowCardTheWood","floor":4},{"not_picked":["ClowCardTheArrow","ClowCardThePower","ClowCardTheLoop","ClowCardTheLittle"],"picked":"ClowCardTheMove","floor":4},{"not_picked":["ClowCardTheArrow","ClowCardTheSleep","ClowCardTheLock","ClowCardTheCloud"],"picked":"ClowCardTheDash","floor":5},{"not_picked":["ClowCardTheLibra","ClowCardTheSilent","ClowCardTheTime","ClowCardThePower"],"picked":"ClowCardTheDream","floor":6},{"not_picked":["ClowCardTheSilent","ClowCardTheMaze","ClowCardTheTime","ClowCardTheDream"],"picked":"ClowCardTheShot","floor":7},{"not_picked":["ClowCardTheDash","ClowCardTheMaze","ClowCardTheWindy","ClowCardTheJump"],"picked":"ClowCardTheTwin","floor":8},{"not_picked":["ClowCardTheWave","ClowCardTheMaze","ClowCardTheLock","ClowCardTheShadow"],"picked":"ClowCardTheErase","floor":10},{"not_picked":["ClowCardTheMove","ClowCardTheMaze","ClowCardTheFreeze","ClowCardTheWindy"],"picked":"ClowCardTheMirror","floor":11},{"not_picked":["ClowCardTheSilent","ClowCardTheFly","ClowCardTheArrow","ClowCardTheWatery"],"picked":"ClowCardTheShadow","floor":12},{"not_picked":["ClowCardTheDash","ClowCardTheVoice","ClowCardTheJump","ClowCardTheMaze"],"picked":"ClowCardTheRain","floor":13},{"not_picked":["ClowCardTheFirey","ClowCardTheVoice","ClowCardTheWave","ClowCardTheWatery"],"picked":"ClowCardTheSweet","floor":14},{"not_picked":["ClowCardTheDark","ClowCardTheThrough","ClowCardTheTwin","ClowCardTheLight"],"picked":"ClowCardTheCreate","floor":16},{"not_picked":["ClowCardTheShadow","ClowCardTheFreeze","ClowCardTheWatery","ClowCardTheSleep"],"picked":"ClowCardTheSong+1","floor":18},{"not_picked":["ClowCardTheMist","ClowCardTheFirey+1","ClowCardTheDream","ClowCardTheBig"],"picked":"ClowCardThePower","floor":20},{"not_picked":["ClowCardTheWood","ClowCardTheReturn","ClowCardTheLoop","ClowCardTheMirror"],"picked":"ClowCardTheLight","floor":23},{"not_picked":["ClowCardTheFly","ClowCardTheWatery+1","ClowCardTheLibra","ClowCardTheJump"],"picked":"ClowCardTheFirey","floor":25},{"not_picked":["ClowCardTheChange","ClowCardTheLibra","ClowCardTheThunder","ClowCardTheJump"],"picked":"ClowCardTheLoop","floor":28},{"not_picked":["ClowCardTheSong","ClowCardTheLoop+1","ClowCardTheJump","ClowCardTheWood"],"picked":"ClowCardTheSnow","floor":31},{"not_picked":["ClowCardTheThrough","ClowCardTheTime","ClowCardTheThunder","ClowCardTheCreate"],"picked":"ClowCardTheFight","floor":33},{"not_picked":["ClowCardThePower+1","ClowCardTheEarthy+1","ClowCardTheMaze+1","ClowCardTheThrough"],"picked":"ClowCardTheGlow","floor":35},{"not_picked":["ClowCardTheCreate","ClowCardTheMirror+1","ClowCardTheVoice","ClowCardTheLibra+1"],"picked":"ClowCardTheGlow+1","floor":38},{"not_picked":["ClowCardTheCreate","ClowCardTheMaze","ClowCardTheShot+1","ClowCardTheVoice+1"],"picked":"ClowCardTheIllusion+1","floor":39},{"not_picked":["ClowCardTheThrough","ClowCardTheFloat+1","ClowCardTheWood","ClowCardTheIllusion+1"],"picked":"ClowCardTheMist","floor":41},{"not_picked":["ClowCardTheCloud","ClowCardTheMirror+1","ClowCardTheFlower","ClowCardTheShadow"],"picked":"ClowCardTheFly","floor":41},{"not_picked":["ClowCardTheReturn","ClowCardTheIllusion+1","ClowCardTheRain+1","ClowCardTheFlower"],"picked":"ClowCardTheMove","floor":42},{"not_picked":["ClowCardTheLibra","ClowCardTheMist+1","ClowCardTheWood+1","ClowCardTheErase+1"],"picked":"ClowCardTheIllusion","floor":46},{"not_picked":["ClowCardTheDream+1","ClowCardTheErase","ClowCardTheMirror+1","ClowCardTheLibra+1"],"picked":"ClowCardTheDark","floor":47},{"not_picked":["ClowCardTheRain","ClowCardTheSnow+1","ClowCardTheGlow","ClowCardTheMist+1"],"picked":"ClowCardTheLibra","floor":47},{"not_picked":["ClowCardTheLibra+1","ClowCardTheThunder","ClowCardTheRain+1","ClowCardTheChange+1"],"picked":"ClowCardTheShot","floor":48},{"not_picked":["ClowCardTheDark","ClowCardTheCloud","ClowCardTheSleep","ClowCardTheLibra+1"],"picked":"ClowCardTheMist+1","floor":48}],"player_experience":78001,"relics_obtained":[{"floor":1,"key":"SynthV:TestCard"},{"floor":4,"key":"vexMod:MemoryStick"},{"floor":6,"key":"Omamori"},{"floor":8,"key":"AT_SpeedBoots"},{"floor":9,"key":"Ccalipers"},{"floor":20,"key":"testmod-IndustrialRevolution"},{"floor":23,"key":"AT_ChloranthyRing"},{"floor":23,"key":"ReplayTheSpireMod:TigerMarble"},{"floor":26,"key":"GodSword4"},{"floor":42,"key":"testmod-BlackFramedGlasses"},{"floor":43,"key":"Simple Rune"}],"event_choices":[{"damage_healed":0,"gold_gain":0,"player_choice":"2 cards matched","damage_taken":0,"max_hp_gain":0,"max_hp_loss":0,"event_name":"Match and Keep!","floor":27,"gold_loss":0,"cards_obtained":["ClowCardTheMove","ClowCardTheDash"]},{"damage_healed":0,"gold_gain":0,"player_choice":"Leave","damage_taken":0,"max_hp_gain":0,"max_hp_loss":0,"event_name":"conspire:Investor","floor":29,"gold_loss":0},{"damage_healed":0,"gold_gain":0,"player_choice":"Ignored","damage_taken":0,"max_hp_gain":0,"max_hp_loss":0,"event_name":"Tomb of Lord Red Mask","floor":36,"gold_loss":0},{"damage_healed":0,"gold_gain":0,"player_choice":"Swap Relic","damage_taken":0,"relics_obtained":["Juzu Bracelet"],"max_hp_gain":0,"max_hp_loss":0,"event_name":"给自己的盒子","floor":40,"relics_lost":["testmod-TestBox"],"gold_loss":0},{"damage_healed":0,"gold_gain":0,"player_choice":"Fight","damage_taken":0,"max_hp_gain":0,"max_hp_loss":0,"event_name":"MindBloom","floor":42,"gold_loss":0},{"damage_healed":0,"gold_gain":0,"player_choice":"Embrace Madness","damage_taken":28,"max_hp_gain":0,"max_hp_loss":0,"event_name":"Winding Halls","floor":45,"gold_loss":0,"cards_obtained":["Madness","Madness"]}],"is_beta":false,"boss_relics":[{"not_picked":["testmod-DreamHouse","testmod-Temperance"],"picked":"Black Star"},{"not_picked":["testmod-EnergyCheck","AT_MortalBlade"],"picked":"SacredBark"}],"items_purged_floors":[],"is_endless":false,"potions_floor_spawned":[5,7,8,12,14,28,31,38,46,47,48],"ascension_level":0}}