{"host":"7pe9xwx78c6nlay8","time":1608806263,"event":{"mods":["BaseMod","Minty Spire (QoL Compilation)"],"gold_per_floor":[109,119,119,119,133,133,171,96,143,178,178,193,237,258,258,354,354,369,394,418,71,94,137,137,171,171,187,200,215,251,265,265,359,359,377,400,431,431,447,481,506,547,547,590,590,614,2,45,45,45],"floor_reached":51,"playtime":3169,"items_purged":["Defend_P","Strike_P","Defend_P"],"score":1622,"play_id":"c87a8714-b257-4437-9a61-3866c1776fac","local_time":"20201224183743","is_ascension_mode":true,"campfire_choices":[{"data":"Apotheosis","floor":6.0,"key":"SMITH"},{"floor":11.0,"key":"REST"},{"data":"BattleHymn","floor":15.0,"key":"SMITH"},{"floor":32.0,"key":"REST"},{"floor":45,"key":"REST"},{"floor":49,"key":"REST"}],"circlet_count":0,"master_deck":["AscendersBane","Strike_P","Strike_P","Defend_P","Eruption","Vigilance","Apotheosis+1","Protect","Evaluate","Prostrate","ThirdEye","PathToVictory","ReachHeaven","BattleHymn+1","TalkToTheHand","CutThroughFate","Weave","CutThroughFate","JustLucky","WindmillStrike","ThirdEye","PathToVictory","Nirvana","Judgement","PathToVictory","ThirdEye","CutThroughFate","Weave","Prostrate+1","Mayhem","Wireheading"],"relics":["HolyWater","Golden Idol","Orichalcum","Art of War","Nunchaku","Mercury Hourglass","Strawberry","Damaru","PreservedInsect","FossilizedHelix","Mango","Vajra","Empty Cage","Bird Faced Urn","Lantern","Du-Vu Doll","StrikeDummy","Turnip","CloakClasp","GoldenEye"],"acts_visited":["Exordium","TheCity","TheBeyond"],"potions_floor_usage":[41,50,50],"damage_taken":[{"damage":7.0,"enemies":"Jaw Worm","floor":1.0,"turns":4.0},{"damage":0.0,"enemies":"Cultist","floor":2.0,"turns":3.0},{"damage":1.0,"enemies":"Small Slimes","floor":5.0,"turns":4.0},{"damage":4.0,"enemies":"Lagavulin","floor":7.0,"turns":9.0},{"damage":0.0,"enemies":"3 Sentries","floor":10.0,"turns":10.0},{"damage":0.0,"enemies":"Looter","floor":12.0,"turns":4.0},{"damage":0.0,"enemies":"Lagavulin","floor":13.0,"turns":6.0},{"damage":4.0,"enemies":"Exordium Thugs","floor":14.0,"turns":3.0},{"damage":0.0,"enemies":"Slime Boss","floor":16.0,"turns":4.0},{"damage":0.0,"enemies":"Spheric Guardian","floor":18.0,"turns":2.0},{"damage":3.0,"enemies":"3 Byrds","floor":19.0,"turns":4.0},{"damage":6.0,"enemies":"Snecko","floor":20.0,"turns":5.0},{"damage":0.0,"enemies":"Centurion and Healer","floor":22.0,"turns":4.0},{"damage":13.0,"enemies":"Gremlin Leader","floor":23.0,"turns":5.0},{"damage":12.0,"enemies":"Shelled Parasite and Fungi","floor":24.0,"turns":3.0},{"damage":6.0,"enemies":"Book of Stabbing","floor":25.0,"turns":5.0},{"damage":0.0,"enemies":"Cultist and Chosen","floor":27.0,"turns":3.0},{"damage":0.0,"enemies":"Snake Plant","floor":28.0,"turns":3.0},{"damage":0.0,"enemies":"Sentry and Sphere","floor":29.0,"turns":2.0},{"damage":21.0,"enemies":"Slavers","floor":30.0,"turns":4.0},{"damage":13.0,"enemies":"Shelled Parasite and Fungi","floor":31.0,"turns":2.0},{"damage":12.0,"enemies":"Champ","floor":33.0,"turns":9.0},{"damage":24.0,"enemies":"3 Darklings","floor":35.0,"turns":4.0},{"damage":0.0,"enemies":"3 Shapes","floor":36.0,"turns":3.0},{"damage":0.0,"enemies":"Mind Bloom Boss Battle","floor":37.0,"turns":5.0},{"damage":13.0,"enemies":"3 Darklings","floor":39.0,"turns":6.0},{"damage":19,"enemies":"Reptomancer","floor":40,"turns":6},{"damage":0,"enemies":"Maw","floor":41,"turns":6},{"damage":6,"enemies":"Nemesis","floor":42,"turns":5},{"damage":0,"enemies":"Giant Head","floor":44,"turns":5},{"damage":0,"enemies":"Transient","floor":46,"turns":5},{"damage":0,"enemies":"Nemesis","floor":48,"turns":5},{"damage":64,"enemies":"Time Eater","floor":50,"turns":10}],"seed_played":"-1704782633824984882","potions_obtained":[{"floor":2.0,"key":"Swift Potion"},{"floor":7.0,"key":"EssenceOfSteel"},{"floor":12.0,"key":"DuplicationPotion"},{"floor":16.0,"key":"AttackPotion"},{"floor":20.0,"key":"SmokeBomb"},{"floor":27.0,"key":"AttackPotion"},{"floor":28.0,"key":"SmokeBomb"},{"floor":29.0,"key":"LiquidMemories"},{"floor":30.0,"key":"SmokeBomb"},{"floor":36.0,"key":"ColorlessPotion"},{"floor":40,"key":"Block Potion"},{"floor":44,"key":"Regen Potion"},{"floor":48,"key":"ColorlessPotion"}],"is_trial":false,"path_per_floor":["M","M","?","T","M","R","E","$","T","E","R","M","E","M","R","B",null,"M","M","M","$","M","E","M","E","T","M","M","M","E","M","R","B",null,"M","M","?","?","M","E","M","E","T","E","R","M","$","E","R","B",null],"character_chosen":"WATCHER","items_purchased":["Damaru","Weave","CutThroughFate","CloakClasp","Mayhem"],"campfire_rested":4,"item_purchase_floors":[21,21,21,47,47],"current_hp_per_floor":[58,58,42,42,41,41,37,37,37,37,56,56,63,59,59,59,69,69,66,60,60,60,47,35,29,43,43,43,43,22,9,34,22,70,46,46,46,46,37,22,26,24,24,26,51,55,55,61,86,41],"gold":45,"neow_bonus":"RANDOM_COLORLESS_2","is_daily":false,"chose_seed":false,"campfire_upgraded":2,"win_rate":0.0,"timestamp":1608806263,"path_taken":["M","M","?","?","M","R","E","$","T","E","R","M","E","M","R","BOSS","M","M","M","$","?","E","M","E","T","M","M","M","E","M","R","BOSS","M","M","?","?","?","E","M","E","T","E","R","M","$","E","R","BOSS"],"items_purchased_type":["Relic","Card","Card","Relic","Card"],"build_version":"2020-12-22","purchased_purges":3,"victory":true,"max_hp_per_floor":[65,65,65,65,65,65,65,65,65,65,65,65,72,72,72,72,72,72,72,72,72,72,72,72,72,86,86,86,86,86,86,86,86,86,86,86,86,86,86,86,86,86,86,86,86,86,86,86,86,86],"card_choices":[{"not_picked":["Secret Weapon","Mayhem"],"picked":"Apotheosis","floor":0.0},{"not_picked":["Consecrate","Collect"],"picked":"Protect","floor":1.0},{"not_picked":["BowlingBash","Halt"],"picked":"Evaluate","floor":2.0},{"not_picked":["ClearTheMind","ForeignInfluence"],"picked":"Prostrate","floor":5.0},{"not_picked":["ClearTheMind","Protect","FlurryOfBlows"],"picked":"SKIP","floor":7.0},{"not_picked":["Ragnarok","DeceiveReality"],"picked":"ThirdEye","floor":10.0},{"not_picked":["EmptyBody","Pray"],"picked":"PathToVictory","floor":12.0},{"not_picked":["ThirdEye","ClearTheMind"],"picked":"ReachHeaven","floor":13.0},{"not_picked":["Consecrate","EmptyBody"],"picked":"BattleHymn","floor":14.0},{"not_picked":["Conclude","FollowUp","Protect"],"picked":"SKIP","floor":18.0},{"not_picked":["Fasting2","Protect"],"picked":"TalkToTheHand","floor":19.0},{"not_picked":["Halt","Crescendo+1"],"picked":"CutThroughFate","floor":20.0},{"not_picked":["ClearTheMind","BattleHymn","Halt+1"],"picked":"SKIP","floor":22.0},{"not_picked":["EmptyFist","Prostrate"],"picked":"JustLucky","floor":23.0},{"not_picked":["DeusExMachina","Prostrate"],"picked":"WindmillStrike","floor":25.0},{"not_picked":["CrushJoints","FlyingSleeves"],"picked":"ThirdEye","floor":27.0},{"not_picked":["Halt+1","Sanctity"],"picked":"PathToVictory","floor":28.0},{"not_picked":["ForeignInfluence","InnerPeace","Vengeance"],"picked":"SKIP","floor":29.0},{"not_picked":["Worship+1","ReachHeaven","SashWhip"],"picked":"SKIP","floor":30.0},{"not_picked":["Consecrate","ClearTheMind"],"picked":"Nirvana","floor":31.0},{"not_picked":["Ragnarok","Wish"],"picked":"Judgement","floor":33.0},{"not_picked":["Crescendo","EmptyBody","FlyingSleeves"],"picked":"SKIP","floor":35.0},{"not_picked":["EmptyFist","Pray"],"picked":"PathToVictory","floor":36.0},{"not_picked":["Crescendo","FlurryOfBlows"],"picked":"ThirdEye","floor":37.0},{"not_picked":["Protect","ForeignInfluence+1"],"picked":"CutThroughFate","floor":39.0},{"not_picked":["Omniscience","TalkToTheHand+1"],"picked":"Weave","floor":40},{"not_picked":["Crescendo","CutThroughFate+1","LikeWater+1"],"picked":"SKIP","floor":41},{"not_picked":["ClearTheMind+1","Indignation"],"picked":"Prostrate+1","floor":42},{"not_picked":["Halt","Evaluate","SashWhip"],"picked":"SKIP","floor":44},{"not_picked":["Sanctity","MentalFortress","CutThroughFate"],"picked":"SKIP","floor":46},{"not_picked":["FollowUp","FlurryOfBlows+1"],"picked":"Wireheading","floor":48}],"player_experience":1561624,"relics_obtained":[{"floor":4.0,"key":"Orichalcum"},{"floor":7.0,"key":"Art of War"},{"floor":9.0,"key":"Nunchaku"},{"floor":10.0,"key":"Mercury Hourglass"},{"floor":13.0,"key":"Strawberry"},{"floor":23.0,"key":"PreservedInsect"},{"floor":25.0,"key":"FossilizedHelix"},{"floor":26.0,"key":"Mango"},{"floor":30.0,"key":"Vajra"},{"floor":37.0,"key":"Bird Faced Urn"},{"floor":40,"key":"Lantern"},{"floor":42,"key":"Du-Vu Doll"},{"floor":43,"key":"StrikeDummy"},{"floor":44,"key":"Turnip"},{"floor":48,"key":"GoldenEye"}],"event_choices":[{"damage_healed":0.0,"max_hp_gain":0.0,"max_hp_loss":0.0,"gold_gain":0.0,"event_name":"Golden Idol","player_choice":"Take Damage","floor":3.0,"gold_loss":0.0,"damage_taken":16.0,"relics_obtained":["Golden Idol"]},{"damage_healed":0.0,"max_hp_gain":0.0,"max_hp_loss":0.0,"gold_gain":0.0,"event_name":"MindBloom","player_choice":"Fight","floor":37.0,"gold_loss":0.0,"damage_taken":0.0},{"damage_healed":0.0,"max_hp_gain":0.0,"max_hp_loss":0.0,"gold_gain":0.0,"event_name":"Tomb of Lord Red Mask","player_choice":"Ignored","floor":38.0,"gold_loss":0.0,"damage_taken":0.0}],"is_beta":false,"boss_relics":[{"not_picked":["Cursed Key","SlaversCollar"],"picked":"HolyWater"},{"not_picked":["Runic Dome","Calling Bell"],"picked":"Empty Cage"}],"items_purged_floors":[8,21,47],"is_endless":false,"potions_floor_spawned":[2,7,12,16,18,20,27,28,29,30,36,40,44,48],"ascension_level":13}}