{"host":"j0a1jfichhxu8b8p","time":1608786680,"event":{"mods":["BaseMod","Colored Map","DeckTracker","Keyboard Shortcuts","Minty Spire (QoL Compilation)","Permanent Neow","StSLib","The Dragon Tamer"],"gold_per_floor":[112,126,126,145,70,97,97,123,123,23,43,61,74,108,108,212,212,225,225,237,257,257,257,257,267,339,339,339,339,339,357,357,357,357],"floor_reached":33,"playtime":1186,"items_purged":["Strike_B","Strike_B"],"score":426,"play_id":"7cda3d0e-737c-49d0-b04b-a97c8c8327fe","local_time":"20201224141120","is_ascension_mode":true,"campfire_choices":[{"floor":15,"key":"DIG"},{"floor":23,"key":"DIG"},{"floor":27,"key":"REST"},{"floor":28,"key":"DIG"},{"floor":30,"key":"DIG"},{"floor":32,"key":"REST"}],"circlet_count":0,"master_deck":["AscendersBane","Strike_B","Defend_B","Defend_B","Defend_B","Defend_B","Zap","Dualcast","Conserve Battery","Doom and Gloom","Doom and Gloom","Hyperbeam","Steam","Conserve Battery","Sunder","Gash","Reboot","Beam Cell","Barrage","Defragment","Defragment","Multi-Cast","Sweeping Beam","Stack","Compile Driver+1","Decay","Chill","Ghostly","Ghostly","Ghostly","Ghostly","Ghostly"],"relics":["Cracked Core","WingedGreaves","Blue Candle","Unceasing Top","Torii","Shovel","Turnip","Nuclear Battery","Potion Belt","Matryoshka","Peace Pipe","Centennial Puzzle"],"acts_visited":["Exordium","TheCity"],"potions_floor_usage":[6,16,16,33,33],"damage_taken":[{"damage":12.0,"enemies":"Jaw Worm","floor":1.0,"turns":3.0},{"damage":1.0,"enemies":"Cultist","floor":2.0,"turns":3.0},{"damage":1,"enemies":"2 Louse","floor":4,"turns":2},{"damage":12,"enemies":"Gremlin Nob","floor":6,"turns":3},{"damage":7,"enemies":"3 Sentries","floor":8,"turns":3},{"damage":0,"enemies":"Red Slaver","floor":11,"turns":3},{"damage":0,"enemies":"Blue Slaver","floor":12,"turns":3},{"damage":6,"enemies":"Looter","floor":13,"turns":2},{"damage":9,"enemies":"Lagavulin","floor":14,"turns":5},{"damage":13,"enemies":"The Guardian","floor":16,"turns":10},{"damage":14,"enemies":"Spheric Guardian","floor":18,"turns":4},{"damage":12,"enemies":"2 Thieves","floor":20,"turns":4},{"damage":13,"enemies":"Snecko","floor":21,"turns":4},{"damage":13,"enemies":"Centurion and Healer","floor":25,"turns":7},{"damage":5,"enemies":"Shelled Parasite and Fungi","floor":31,"turns":6},{"damage":46,"enemies":"Collector","floor":33,"turns":8}],"seed_played":"5530407733695089348","potions_obtained":[{"floor":4,"key":"AttackPotion"},{"floor":13,"key":"DistilledChaos"},{"floor":14,"key":"EssenceOfSteel"},{"floor":16,"key":"LiquidMemories"},{"floor":20,"key":"AttackPotion"},{"floor":21,"key":"ColorlessPotion"},{"floor":25,"key":"Explosive Potion"},{"floor":31,"key":"Explosive Potion"}],"is_trial":false,"path_per_floor":["M","M","?","M","$","E","?","E","T","$","M","M","M","E","R","B",null,"M","?","M","M","?","R","?","M","T","R","R","?","R","M","R","B"],"character_chosen":"DEFECT","items_purchased":[],"campfire_rested":2,"item_purchase_floors":[],"current_hp_per_floor":[56,55,55,54,54,42,42,35,35,35,35,35,29,20,20,7,53,39,39,27,14,14,14,14,1,1,21,21,21,21,16,26,0,0],"gold":357,"neow_bonus":"ONE_RARE_RELIC","is_daily":false,"chose_seed":false,"campfire_upgraded":0,"win_rate":0.0,"timestamp":1608786680,"path_taken":["M","M","?","M","?","E","?","E","T","$","M","?","M","E","R","BOSS","M","?","M","M","?","R","?","M","T","R","R","?","R","?","R","BOSS"],"items_purchased_type":[],"build_version":"2020-12-22","purchased_purges":2,"victory":false,"max_hp_per_floor":[68,68,68,68,68,68,68,68,68,68,68,68,68,68,68,68,68,68,68,68,68,68,68,68,68,68,68,68,34,34,34,34,34,34],"card_choices":[{"not_picked":["Beam Cell","Rebound"],"picked":"Conserve Battery","floor":1.0},{"not_picked":["Reprogram","Hologram"],"picked":"Doom and Gloom","floor":2.0},{"not_picked":["Sweeping Beam","Barrage"],"picked":"Conserve Battery","floor":4},{"not_picked":["Ball Lightning","Auto Shields"],"picked":"Sunder","floor":6},{"not_picked":["Capacitor","Fission"],"picked":"Reboot","floor":8},{"not_picked":["Glacier","Doom and Gloom"],"picked":"Beam Cell","floor":11},{"not_picked":["Conserve Battery","Beam Cell"],"picked":"Barrage","floor":12},{"not_picked":["Barrage","Sweeping Beam"],"picked":"Defragment","floor":13},{"not_picked":["Ball Lightning","Biased Cognition"],"picked":"Defragment","floor":14},{"not_picked":["Biased Cognition","Thunder Strike"],"picked":"Multi-Cast","floor":16},{"not_picked":["Tempest+1","Beam Cell"],"picked":"Sweeping Beam","floor":18},{"not_picked":["Steam Power+1","Beam Cell"],"picked":"Stack","floor":20},{"not_picked":["Capacitor+1","Reprogram+1"],"picked":"Compile Driver+1","floor":21},{"not_picked":["Heatsinks","Undo"],"picked":"Chill","floor":25},{"not_picked":["Reprogram","Barrage","Beam Cell"],"picked":"SKIP","floor":31}],"player_experience":344875,"relics_obtained":[{"floor":6,"key":"Blue Candle"},{"floor":8,"key":"Unceasing Top"},{"floor":9,"key":"Torii"},{"floor":14,"key":"Shovel"},{"floor":15,"key":"Turnip"},{"floor":23,"key":"Potion Belt"},{"floor":26,"key":"Matryoshka"},{"floor":28,"key":"Peace Pipe"},{"floor":30,"key":"Centennial Puzzle"}],"event_choices":[{"damage_healed":0,"gold_gain":0,"player_choice":"3 cards matched","damage_taken":0,"max_hp_gain":0,"max_hp_loss":0,"event_name":"Match and Keep!","floor":3,"gold_loss":0,"cards_obtained":["Doom and Gloom","Hyperbeam","Steam"]},{"damage_healed":0,"gold_gain":0,"cards_transformed":["Strike_B"],"player_choice":"Transformed","damage_taken":0,"max_hp_gain":0,"max_hp_loss":0,"event_name":"Transmorgrifier","floor":7,"gold_loss":0,"cards_obtained":["Gash"]},{"damage_healed":0,"gold_gain":0,"player_choice":"Ignored","damage_taken":0,"max_hp_gain":0,"max_hp_loss":0,"event_name":"Cursed Tome","floor":19,"gold_loss":0},{"damage_healed":0,"gold_gain":0,"player_choice":"Ignored","damage_taken":0,"max_hp_gain":0,"max_hp_loss":0,"event_name":"Vampires","floor":22,"gold_loss":0},{"damage_healed":0,"gold_gain":0,"player_choice":"Smashed Altar","damage_taken":0,"max_hp_gain":0,"max_hp_loss":0,"event_name":"Forgotten Altar","floor":24,"gold_loss":0,"cards_obtained":["Decay"]},{"damage_healed":0,"gold_gain":0,"player_choice":"Became a Ghost","damage_taken":0,"max_hp_gain":0,"max_hp_loss":34,"event_name":"Ghosts","floor":29,"gold_loss":0,"cards_obtained":["Ghostly","Ghostly","Ghostly","Ghostly","Ghostly"]}],"is_beta":false,"boss_relics":[{"not_picked":["Cursed Key","Calling Bell"],"picked":"Nuclear Battery"}],"items_purged_floors":[5,10],"is_endless":false,"potions_floor_spawned":[4,13,14,16,20,21,25,31],"killed_by":"Collector","ascension_level":10}}