{"host":"9nt1zhl3k8mtcf72","time":1608787604,"event":{"mods":["Aspiration","BaseMod","BetterRewards","Conjunction","Conspire","Downfall","Energized Spire","Friendly Minions","GifTheSpireLib","Halation","Hubris","Infinite Spire","Jedi Mod","Mimic Mod","Minty Spire (QoL Compilation)","RatMod","Replay The Spire","Spikes Relics","StSLib","Stuff the Spire","Trackpad","Useless Jewels Mod","Wandering Minibosses","vexMod"],"gold_per_floor":[99,99,99,374,374,374,400,400,17,31,61,74,74,90,107,107,107,107],"floor_reached":16,"playtime":490,"items_purged":[],"score":98,"play_id":"76833cb2-962b-49a6-9777-360f293e96c3","local_time":"20201224002644","is_ascension_mode":false,"campfire_choices":[{"floor":1,"key":"RECALL"},{"floor":13,"key":"REST"}],"circlet_count":0,"master_deck":["hexamod:Strike","hexamod:Strike","hexamod:Strike","hexamod:Strike+1","hexamod:Defend","hexamod:Defend","hexamod:Defend","hexamod:Defend","hexamod:Sear","hexamod:Float","Regret","Regret","hexamod:Firestarter","hexamod:RainOfEmbers","hexamod:GhostflameBarrier","hexamod:ThermalTransfer","hexamod:EmpoweredFlame","hexamod:HeatCrush","hexamod:RadiantFlame","hexamod:HeatShield","hexamod:ExtraCrispy"],"relics":["hexamod:SpiritBrand","downfall:HeartsMalice","jedi:archwizardhat","PreservedInsect","Durian","StoneCalendar"],"acts_visited":["Exordium"],"potions_floor_usage":[15,16],"damage_taken":[{"damage":0,"enemies":"2 Louse","floor":5,"turns":1},{"damage":0,"enemies":"Small Slimes","floor":6,"turns":1},{"damage":0,"enemies":"downfall:FleeingMerchant","floor":9,"turns":1},{"damage":0,"enemies":"Cultist","floor":10,"turns":3},{"damage":41,"enemies":"3 Sentries","floor":11,"turns":9},{"damage":7,"enemies":"2 Fungi Beasts","floor":12,"turns":3},{"damage":27,"enemies":"Exordium Thugs","floor":14,"turns":4},{"damage":4,"enemies":"Lots of Slimes","floor":15,"turns":3},{"damage":21,"enemies":"downfall:Ironclad","floor":16,"turns":5}],"seed_played":"-513788740333863629","potions_obtained":[{"floor":10,"key":"Reflective Coating"},{"floor":12,"key":"Fire Potion"},{"floor":14,"key":"Explosive Potion"}],"is_trial":false,"path_per_floor":["R","?","?","?","M","M","T","?","$","M","E","M","R","M","M","B"],"character_chosen":"THE_SPIRIT","items_purchased":["Durian","hexamod:EmpoweredFlame"],"campfire_rested":1,"item_purchase_floors":[9,9],"current_hp_per_floor":[70,70,70,70,70,70,70,70,75,75,34,27,49,22,18,0,0,0],"gold":107,"neow_bonus":"THREE_ENEMY_KILL","is_daily":false,"chose_seed":false,"campfire_upgraded":0,"win_rate":0.0,"timestamp":1608787604,"path_taken":["R","?","?","?","M","?","T","?","$","?","E","?","R","M","M","BOSS"],"items_purchased_type":["Relic","Card"],"build_version":"2020-12-22","purchased_purges":0,"victory":false,"max_hp_per_floor":[70,70,70,70,70,70,70,70,75,75,75,75,75,75,75,75,75,75],"card_choices":[{"not_picked":["hexamod:NecessarySacrifice","hexamod:Haunt"],"picked":"hexamod:Firestarter","floor":5},{"not_picked":["hexamod:NightmareStrike","hexamod:InspiringFlames"],"picked":"hexamod:RainOfEmbers","floor":6},{"not_picked":["hexamod:BacktrackSmack","hexamod:SwordOfDarkness"],"picked":"hexamod:ThermalTransfer","floor":9},{"not_picked":["hexamod:BurningTouch","hexamod:HauntingEcho"],"picked":"hexamod:HeatCrush","floor":10},{"not_picked":["hexamod:NightmareGuise","hexamod:InspiringFlames"],"picked":"hexamod:RadiantFlame","floor":11},{"not_picked":["hexamod:Haunt","hexamod:ShieldOfDarkness"],"picked":"hexamod:HeatShield","floor":12},{"not_picked":["hexamod:BacktrackSmack","hexamod:HauntingEcho"],"picked":"hexamod:ExtraCrispy","floor":14},{"not_picked":["hexamod:GhostOfSpireFuture","hexamod:ShieldOfDarkness","hexamod:SkipABeat"],"picked":"SKIP","floor":15}],"player_experience":454032,"relics_obtained":[{"floor":7,"key":"PreservedInsect"},{"floor":11,"key":"StoneCalendar"}],"event_choices":[{"damage_healed":0,"gold_gain":0,"player_choice":"Box","damage_taken":0,"relics_obtained":["jedi:archwizardhat"],"max_hp_gain":0,"max_hp_loss":0,"event_name":"Big Fish","floor":3,"gold_loss":0,"cards_obtained":["Regret"]}],"is_beta":false,"boss_relics":[],"items_purged_floors":[],"is_endless":false,"potions_floor_spawned":[10,12,14],"killed_by":"downfall:Ironclad","ascension_level":0}}