{"host":"xodzlm10r37577ou","time":1608819571,"event":{"mods":["Act Like it!","BaseMod","Gensokyo","Koishi","Marisa（F雨　魔理沙）","Minty Spire (QoL Compilation)","Reimu（博丽灵梦）","Replay The Spire","StSLib","【东方二次创作】八云紫mod"],"gold_per_floor":[117,11,29,109,122,122,291,291,345,377,644,664,524,544,544,647,647,667,684,694,712,730,730,747,747,747,316,335,335,352,96,96,199,199,214,228,71,91,91,91,118,118,118,118,118,118,144,144,144,144],"floor_reached":51,"playtime":3088,"items_purged":["Koishi:BasicStrike","Koishi:BasicStrike"],"score":1116,"play_id":"fdf550c9-035a-439f-aa9b-5f2025d7ef65","local_time":"20201224221931","is_ascension_mode":true,"campfire_choices":[{"data":"Koishi:HauntingSlash","floor":6.0,"key":"SMITH"},{"data":"Koishi:UnconsciousUrges","floor":15.0,"key":"SMITH"},{"floor":23.0,"key":"REST"},{"data":"Koishi:ReleaseOfTheId","floor":25.0,"key":"SMITH"},{"data":"Koishi:SubconsciousSweep","floor":29.0,"key":"SMITH"},{"data":"Koishi:FadingMemory","floor":32.0,"key":"SMITH"},{"data":"Koishi:HeartAttack","floor":40,"key":"SMITH"},{"data":"Koishi:FadingMemory","floor":44,"key":"SMITH"},{"data":"Koishi:RoseHell","floor":46,"key":"SMITH"},{"data":"Koishi:SubterraneanRose","floor":49,"key":"SMITH"}],"circlet_count":0,"master_deck":["Koishi:BasicStrike","Koishi:BasicDefend","Koishi:Provoke+1","Koishi:HauntingSlash+1","Koishi:FadingMemory+1","Koishi:HeartfeltFancy","Koishi:DNAsFlaw+1","Koishi:SubterraneanRose","Koishi:HeartfeltFancy","Koishi:FadingMemory+1","Koishi:ReflexRadar","Koishi:UnconsciousUrges+1","Koishi:RoseHell+1","Koishi:SubconsciousSweep+1","Koishi:SubterraneanRose+1","Koishi:ReleaseOfTheId+1","Koishi:Ego+1","Koishi:LastRemote+1","Koishi:RorschachInDanmaku+1","Koishi:FadingMemory+1","Amnesia","ReplayTheSpireMod:Splinters","ReplayTheSpireMod:Restless Dread","Koishi:IdleWhim+1"],"relics":["Koishi:ImaginaryFriend","Nunchaku","ReplayTheSpireMod:Ring of Collecting","ReplayTheSpireMod:Ring of Challenge","Ring of Hypnosis","Anchor","Mummified Hand","Ice Cream","Replay:Drink Me","Ring of Searing","InkBottle","Pen Nib","Strange Spoon","Bronze Scales","Replay:Ancient Bell","PreservedInsect","Koishi:LettersToReimu","Koishi:ImperfectMetamorphosis","Guide Book","Lantern","Ring of Panic","HornCleat","War Paint"],"acts_visited":["Gensokyo:Gensokyo","TheCity","Gensokyo:Gensokyoest"],"potions_floor_usage":[50,50],"damage_taken":[{"damage":4.0,"enemies":"Gensokyo:2_Kodama","floor":1.0,"turns":6.0},{"damage":12.0,"enemies":"Gensokyo:Gryphon","floor":3.0,"turns":5.0},{"damage":12.0,"enemies":"Gensokyo:3_Fairies","floor":5.0,"turns":7.0},{"damage":5.0,"enemies":"Gensokyo:CorruptedTreant","floor":7.0,"turns":7.0},{"damage":0.0,"enemies":"Gensokyo:Mamizou","floor":10.0,"turns":11.0},{"damage":15.0,"enemies":"Gensokyo:Kitsune","floor":11.0,"turns":7.0},{"damage":5.0,"enemies":"Gensokyo:VengefulSpirit","floor":12.0,"turns":8.0},{"damage":0.0,"enemies":"Gensokyo:5_Fairies","floor":14.0,"turns":6.0},{"damage":10.0,"enemies":"Gensokyo:Reimu","floor":16.0,"turns":12.0},{"damage":1.0,"enemies":"Chosen","floor":18.0,"turns":5.0},{"damage":7.0,"enemies":"2 Thieves","floor":19.0,"turns":3.0},{"damage":14.0,"enemies":"Centurion and Healer","floor":20.0,"turns":16.0},{"damage":26.0,"enemies":"Snake Plant","floor":21.0,"turns":6.0},{"damage":6.0,"enemies":"3 Cultists","floor":22.0,"turns":4.0},{"damage":0.0,"enemies":"Centurion and Healer","floor":24.0,"turns":4.0},{"damage":3.0,"enemies":"Snecko","floor":28.0,"turns":4.0},{"damage":0.0,"enemies":"Snake Plant","floor":30.0,"turns":2.0},{"damage":12.0,"enemies":"Automaton","floor":33.0,"turns":5.0},{"damage":5,"enemies":"Gensokyo:3_Boulders","floor":35,"turns":3},{"damage":5,"enemies":"Gensokyo:3_Bats","floor":36,"turns":2},{"damage":0,"enemies":"Gensokyo:SeedOfUnknown","floor":38,"turns":3},{"damage":0,"enemies":"Gensokyo:Kasen","floor":41,"turns":3},{"damage":0,"enemies":"Gensokyo:Doremy","floor":47,"turns":4},{"damage":0,"enemies":"Gensokyo:Scarlet_Devils","floor":50,"turns":7}],"seed_played":"4579467133452583848","potions_obtained":[{"floor":3.0,"key":"Fire Potion"},{"floor":7.0,"key":"Strength Potion"},{"floor":10.0,"key":"Cursed Concoction"},{"floor":18.0,"key":"CultistPotion"},{"floor":24.0,"key":"FearPotion"},{"floor":28.0,"key":"LifebloodPotion"},{"floor":38,"key":"ColorlessPotion"},{"floor":47,"key":"ColorlessPotion"}],"is_trial":false,"path_per_floor":["M","COS","M","?","M","R","M","?","T","E","M","M","?","M","R","B",null,"M","M","M","M","M","R","M","R","T","$","M","R","M","$","R","B",null,"M","M","$","M","?","R","E","?","T","R","?","R","E","COS","R","B",null],"character_chosen":"KOISHI","items_purchased":["Koishi:LastRemote+1","Pen Nib","Strange Spoon","Bronze Scales","Guide Book"],"campfire_rested":1,"item_purchase_floors":[27,27,27,31,37],"current_hp_per_floor":[53,53,43,43,34,34,37,37,37,47,34,39,39,41,41,43,45,45,40,32,12,8,21,21,21,21,21,22,22,22,22,22,10,36,31,26,26,26,26,26,26,26,26,26,26,26,32,32,32,36],"gold":144,"neow_bonus":"ONE_RANDOM_RARE_CARD","is_daily":false,"chose_seed":false,"campfire_upgraded":9,"win_rate":0.0,"timestamp":1608819571,"path_taken":["M","COS","M","?","M","R","M","?","T","E","M","?","?","M","R","BOSS","M","M","?","?","M","R","M","R","T","$","M","R","M","$","R","BOSS","M","M","$","M","?","R","E","?","T","R","?","R","E","COS","R","BOSS"],"items_purchased_type":["Card","Relic","Relic","Relic","Relic"],"build_version":"2020-12-22","purchased_purges":2,"victory":true,"max_hp_per_floor":[60,60,60,60,60,60,60,60,60,60,60,60,60,60,60,60,45,45,45,45,45,45,45,45,45,45,45,45,45,45,45,45,45,45,45,45,45,45,45,45,45,45,45,45,45,45,45,45,45,45],"card_choices":[{"not_picked":["Koishi:DreadfulBlow","Koishi:MindNumbingTerror"],"picked":"Koishi:HeartfeltFancy","floor":1.0},{"not_picked":["Koishi:TremblingHands","Koishi:Catatonia"],"picked":"Koishi:DNAsFlaw","floor":3.0},{"not_picked":["Koishi:UnconsciousUprising","Koishi:GhostParty"],"picked":"Koishi:SubterraneanRose","floor":5.0},{"not_picked":["Koishi:YoukaiPolygraph","Koishi:BloodcurdlingScream"],"picked":"Koishi:HeartfeltFancy","floor":7.0},{"not_picked":["Koishi:PredatoryInstincts","Koishi:EmbersOfLove"],"picked":"Koishi:FadingMemory","floor":10.0},{"not_picked":["Koishi:HeartfeltFancy","Koishi:CatchAndRose"],"picked":"Koishi:ReflexRadar","floor":11.0},{"not_picked":["Koishi:Vanish","Koishi:PhantomStrike","Koishi:PhantomBarrier"],"picked":"SKIP","floor":12.0},{"not_picked":["Koishi:BloodcurdlingScream","Koishi:SubterraneanRose"],"picked":"Koishi:UnconsciousUrges","floor":14.0},{"not_picked":["Koishi:HeartStoppingHorror","Koishi:SuperEgo"],"picked":"Koishi:RoseHell","floor":16.0},{"not_picked":["Koishi:Possession","Koishi:UnansweredLove+1"],"picked":"Koishi:SubconsciousSweep","floor":18.0},{"not_picked":["Koishi:Jaunt","Koishi:PhantomBarrier","Koishi:GhostParty"],"picked":"SKIP","floor":19.0},{"not_picked":["Koishi:StingingMind+1","Koishi:PhilosophyOfTheDespised"],"picked":"Koishi:SubterraneanRose","floor":20.0},{"not_picked":["Koishi:StingingMind","Koishi:Bloodlust"],"picked":"Koishi:ReleaseOfTheId","floor":21.0},{"not_picked":["Koishi:PhantomBarrier","Koishi:DNAsFlaw+1","Koishi:CatchAndRose+1"],"picked":"SKIP","floor":22.0},{"not_picked":["Koishi:DNAsFlaw","Koishi:Prune+1"],"picked":"Koishi:Ego","floor":24.0},{"not_picked":["Koishi:EmbersOfLove","Koishi:UnconsciousUprising","Koishi:DreadfulBlow+1"],"picked":"SKIP","floor":28.0},{"not_picked":["Koishi:Untouchable+1","Koishi:Prune"],"picked":"Koishi:RorschachInDanmaku+1","floor":30.0},{"not_picked":["Languid","Parasite"],"picked":"Amnesia","floor":34.0},{"not_picked":["Normality","Doubt"],"picked":"ReplayTheSpireMod:Splinters","floor":34.0},{"not_picked":["Writhe","Gensokyo:ImpossibleRequest"],"picked":"ReplayTheSpireMod:Restless Dread","floor":34.0},{"not_picked":["Koishi:TremblingHands+1","Koishi:YoukaiPolygraph+1","Koishi:ApparitionsStalkTheNight"],"picked":"SKIP","floor":35},{"not_picked":["Koishi:Prune","Koishi:RacingHeart+1","Koishi:UnseenTerror"],"picked":"SKIP","floor":36},{"not_picked":["Koishi:CatchAndRose+1","Koishi:JumpScare","Koishi:PhantomBarrier"],"picked":"SKIP","floor":38},{"not_picked":["Koishi:RacingHeart","Koishi:TremblingHands+1","Koishi:EmbryosDream"],"picked":"SKIP","floor":41},{"not_picked":["Koishi:PhilosophyOfTheDespised+1","Koishi:SpiritedAway"],"picked":"Koishi:IdleWhim+1","floor":47}],"player_experience":589215,"relics_obtained":[{"floor":8.0,"key":"ReplayTheSpireMod:Ring of Collecting"},{"floor":8.0,"key":"ReplayTheSpireMod:Ring of Challenge"},{"floor":9.0,"key":"Ring of Hypnosis"},{"floor":9.0,"key":"Anchor"},{"floor":10.0,"key":"Mummified Hand"},{"floor":26.0,"key":"Ring of Searing"},{"floor":26.0,"key":"InkBottle"},{"floor":41,"key":"Lantern"},{"floor":43,"key":"Ring of Panic"},{"floor":43,"key":"HornCleat"},{"floor":47,"key":"War Paint"}],"event_choices":[],"is_beta":false,"boss_relics":[{"not_picked":["Replay:Wanted Poster","ReplayTheSpireMod:DimensionalGlitch"],"picked":"Replay:Drink Me"},{"not_picked":["Fusion Hammer","SlaversCollar"],"picked":"Replay:Ancient Bell"},{"not_picked":["MealTicket","Replay:Bandana"],"picked":"PreservedInsect"},{"not_picked":["White Beast Statue","Sundial"],"picked":"Koishi:LettersToReimu"},{"not_picked":["Gambling Chip","Turnip"],"picked":"Koishi:ImperfectMetamorphosis"}],"items_purged_floors":[27,31],"is_endless":false,"potions_floor_spawned":[3,7,10,18,24,28,38,47],"ascension_level":6}}