{"host":"7khtwbkyze7y134w","time":1608846656,"event":{"mods":["AchievementEnabler","BaseMod","Bestiary","Colored Map","Colored Powertips","Highlight Path","Minty Spire (QoL Compilation)","Quick Restart","Relic Stats","Slay-I","StSLib","SuperFastMode"],"gold_per_floor":[113,113,60,30,41,41,74,85,85,260,260,260,290,305,305,409,409,427,342,342,302,58,85,85,105,105,123,123,123,123],"floor_reached":29,"playtime":5313,"items_purged":[],"score":324,"play_id":"d0f3eb34-036c-486e-924a-3caac877ca4f","local_time":"20201224215056","is_ascension_mode":false,"campfire_choices":[{"data":"Eruption","floor":6,"key":"SMITH"},{"floor":12,"key":"REST"},{"floor":15,"key":"DIG"},{"floor":24,"key":"DIG"}],"circlet_count":0,"master_deck":["Strike_P","Strike_P+1","Strike_P","Strike_P","Defend_P","Defend_P","Defend_P+1","Defend_P","Eruption+1","Vigilance","EmptyFist","ClearTheMind","Fasting2","EmptyMind","FlurryOfBlows+1","Doubt","Crescendo","FearNoEvil+1","MentalFortress"],"relics":["PureWater","NeowsBlessing","Shovel","CaptainsWheel","Ornamental Fan","Strawberry","Lantern","Busted Crown","Kunai","White Beast Statue","Ancient Tea Set","Gambling Chip","Letter Opener"],"acts_visited":["Exordium","TheCity"],"potions_floor_usage":[13,13,16,23,27,29],"damage_taken":[{"damage":0,"enemies":"Jaw Worm","floor":1,"turns":1},{"damage":0,"enemies":"Small Slimes","floor":5,"turns":1},{"damage":0,"enemies":"Gremlin Nob","floor":7,"turns":1},{"damage":6,"enemies":"Cultist","floor":8,"turns":3},{"damage":2,"enemies":"Lagavulin","floor":13,"turns":5},{"damage":0,"enemies":"3 Louse","floor":14,"turns":3},{"damage":0,"enemies":"Slime Boss","floor":16,"turns":5},{"damage":0,"enemies":"Chosen","floor":18,"turns":4},{"damage":33,"enemies":"Gremlin Leader","floor":23,"turns":7},{"damage":18,"enemies":"Shell Parasite","floor":25,"turns":4},{"damage":2,"enemies":"Shelled Parasite and Fungi","floor":27,"turns":2},{"damage":18,"enemies":"Snake Plant","floor":29,"turns":2}],"seed_played":"2402796830215263782","potions_obtained":[{"floor":1,"key":"Strength Potion"},{"floor":4,"key":"LiquidMemories"},{"floor":4,"key":"Block Potion"},{"floor":18,"key":"ColorlessPotion"},{"floor":23,"key":"Strength Potion"},{"floor":25,"key":"Regen Potion"},{"floor":27,"key":"BottledMiracle"}],"is_trial":false,"path_per_floor":["M","?","$","?","M","R","E","M","T","?","?","R","E","M","R","B",null,"M","?","?","?","$","E","R","M","T","M","?","M"],"character_chosen":"WATCHER","items_purchased":["ClearTheMind","White Beast Statue"],"campfire_rested":1,"item_purchase_floors":[3,22],"current_hp_per_floor":[72,58,58,58,58,58,58,52,52,52,27,48,53,53,53,53,79,79,79,79,79,79,46,46,28,28,31,16,0,0],"gold":123,"neow_bonus":"THREE_ENEMY_KILL","is_daily":false,"chose_seed":false,"campfire_upgraded":1,"win_rate":0.0,"timestamp":1608846656,"path_taken":["M","?","$","?","M","R","E","?","T","?","?","R","E","M","R","BOSS","M","?","?","?","$","E","R","?","T","M","?","M"],"items_purchased_type":["Card","Relic"],"build_version":"2020-12-22","purchased_purges":0,"victory":false,"max_hp_per_floor":[72,72,72,72,72,72,72,72,72,72,72,72,79,79,79,79,79,79,79,79,79,79,79,79,79,79,79,84,84,84],"relic_stats":{"Shovel":2,"Busted Crown":8,"counters":[12,38],"Ornamental Fan":[76],"Gambling Chip":[11],"Kunai":[12],"Letter Opener":[5],"obtain_stats":[{"Lantern":15,"NeowsBlessing":0,"Letter Opener":26,"Ancient Tea Set":23,"White Beast Statue":22,"CaptainsWheel":9,"Shovel":7,"Busted Crown":17,"Ornamental Fan":11,"Strawberry":13,"Gambling Chip":24,"Kunai":19,"PureWater":0},{"Lantern":6,"NeowsBlessing":0,"Letter Opener":10,"Ancient Tea Set":9,"White Beast Statue":8,"CaptainsWheel":4,"Shovel":3,"Busted Crown":7,"Ornamental Fan":4,"Strawberry":5,"Gambling Chip":9,"Kunai":8,"PureWater":0},{"Lantern":14,"NeowsBlessing":0,"Letter Opener":34,"Ancient Tea Set":30,"White Beast Statue":23,"CaptainsWheel":6,"Shovel":3,"Busted Crown":19,"Ornamental Fan":6,"Strawberry":11,"Gambling Chip":30,"Kunai":23,"PureWater":0}]},"card_choices":[{"not_picked":["Halt","EmptyBody"],"picked":"EmptyFist","floor":1},{"not_picked":["ThirdEye","JustLucky"],"picked":"Fasting2","floor":5},{"not_picked":["SashWhip","PathToVictory"],"picked":"EmptyMind","floor":7},{"not_picked":["Tantrum","WreathOfFlame"],"picked":"FlurryOfBlows","floor":8},{"not_picked":["ForeignInfluence","Nirvana","Weave"],"picked":"SKIP","floor":13},{"not_picked":["CrushJoints","ClearTheMind"],"picked":"Crescendo","floor":14},{"not_picked":[],"picked":"FearNoEvil+1","floor":18},{"not_picked":["SashWhip"],"picked":"SKIP","floor":23},{"not_picked":["CutThroughFate"],"picked":"SKIP","floor":25},{"not_picked":["BowlingBash"],"picked":"SKIP","floor":27}],"player_experience":45867,"relics_obtained":[{"floor":7,"key":"Shovel"},{"floor":9,"key":"CaptainsWheel"},{"floor":13,"key":"Strawberry"},{"floor":15,"key":"Lantern"},{"floor":23,"key":"Ancient Tea Set"},{"floor":24,"key":"Gambling Chip"},{"floor":26,"key":"Letter Opener"}],"event_choices":[{"damage_healed":0,"gold_gain":0,"player_choice":"Entered Light","damage_taken":14,"max_hp_gain":0,"max_hp_loss":0,"event_name":"Shining Light","floor":2,"gold_loss":0,"cards_upgraded":["Strike_P","Defend_P"]},{"damage_healed":0,"gold_gain":0,"player_choice":"Bought 2 Potions","damage_taken":0,"max_hp_gain":0,"max_hp_loss":0,"event_name":"The Woman in Blue","floor":4,"gold_loss":0},{"damage_healed":0,"gold_gain":175,"player_choice":"AGREE","damage_taken":0,"max_hp_gain":0,"max_hp_loss":0,"event_name":"Liars Game","floor":10,"gold_loss":0,"cards_obtained":["Doubt"]},{"damage_healed":0,"gold_gain":0,"player_choice":"Success","damage_taken":25,"relics_obtained":["Ornamental Fan"],"max_hp_gain":0,"max_hp_loss":0,"event_name":"Scrap Ooze","floor":11,"gold_loss":0},{"damage_healed":0,"gold_gain":0,"player_choice":"Obtained Relic","damage_taken":0,"relics_obtained":["Kunai"],"max_hp_gain":0,"max_hp_loss":0,"event_name":"Addict","floor":19,"gold_loss":85},{"damage_healed":0,"gold_gain":0,"player_choice":"Read","damage_taken":0,"max_hp_gain":0,"max_hp_loss":0,"event_name":"The Library","floor":20,"gold_loss":0,"cards_obtained":["MentalFortress"]},{"damage_healed":0,"gold_gain":0,"player_choice":"Upgrade","damage_taken":0,"max_hp_gain":0,"max_hp_loss":0,"event_name":"Designer","floor":21,"gold_loss":40,"cards_upgraded":["FlurryOfBlows"]},{"damage_healed":0,"gold_gain":0,"player_choice":"Shed Blood","damage_taken":20,"max_hp_gain":5,"max_hp_loss":0,"event_name":"Forgotten Altar","floor":28,"gold_loss":0}],"is_beta":false,"boss_relics":[{"not_picked":["Snecko Eye","Fusion Hammer"],"picked":"Busted Crown"}],"items_purged_floors":[],"is_endless":false,"potions_floor_spawned":[1,7,18,23,25,27],"killed_by":"Snake Plant","ascension_level":0}}