{"host":"m43qbt7ev7xwh87f","time":1608786889,"event":{"mods":["Act Like it!","BaseMod","Better Third Choice","BetterRewards","Colored Powertips","Conspire","Downfall","Googly Eyes","Hermit","Hubris","Infinite Spire","Minty Spire (QoL Compilation)","Replay The Spire","StSLib","The Jungle"],"gold_per_floor":[113,75,75,75,75,75,100,118,118,149,74,114,114,114,114,234,234,250,169,169,193,216,250,250,270,295,295,338,357,376,376,376,501,501,517,517,161,174,174,174,192,272,295,295,347,347,379,412,412,539,539,551,571,571,588,588,588,575,575],"floor_reached":58,"playtime":1904,"items_purged":["Sickly","Gash+1"],"score":762,"play_id":"ed204047-98c8-420d-b8a9-7d341bcb666d","local_time":"20201224001449","is_ascension_mode":false,"campfire_choices":[{"data":"Dualcast","floor":6,"key":"SMITH"},{"data":"Zap","floor":24,"key":"SMITH"},{"data":"Redo","floor":27,"key":"SMITH"},{"data":"hubris:PowerSurge","floor":32,"key":"SMITH"},{"data":"Thunder Strike","floor":40,"key":"SMITH"},{"data":"Tempest","floor":46,"key":"SMITH"},{"floor":49,"key":"REST"},{"data":"ReplayTheSpireMod:Fabricate Wheel","floor":57,"key":"SMITH"}],"circlet_count":0,"master_deck":["Strike_B+1","Strike_B","Strike_B+1","Defend_B","Defend_B","Defend_B","Defend_B","Zap+1","Dualcast+1","Tempest+1","Biased Cognition+1","Static Discharge","Mirror Shield","Reinforced Body","Thunder Strike+1","hubris:PowerSurge+1","Tempest","Redo+1","hubris:Ukulele","Lockon","Machine Learning","Aggregate+1","FTL+1","FIFO Queue","Ball Lightning","Ball Lightning","Stack+1","Loop","ReplayTheSpireMod:Calculation Training","ReplayTheSpireMod:Fabricate Wheel+1","Apotheosis+1"],"relics":["Cracked Core","NeowsBlessing","betterThird:SlimedRelic","Ring of Hypnosis","Ring of Shattering","Golden Idol","Iron Hammer","conspire:TopHat","Tiny Chest","Regal Pillow","hubris:GrandSneckoEye","Simple Rune","Bronze Scales","Thread and Needle","MealTicket","Astrolabe","hubris:AstralHammer","Vajra","hubris:PeanutButter","Replay:Bandana","infinitespire:ShieldingShard","Philosopher\u0027s Stone"],"acts_visited":["Exordium","Exordium","TheBeyond","Exordium"],"potions_floor_usage":[],"damage_taken":[{"damage":0,"enemies":"conspire:RoseBush","floor":1,"turns":1},{"damage":0,"enemies":"Small Slimes","floor":7,"turns":1},{"damage":0,"enemies":"Cultist","floor":8,"turns":1},{"damage":1,"enemies":"Replay:BlueRogue","floor":10,"turns":4},{"damage":11,"enemies":"Gremlin Nob","floor":12,"turns":3},{"damage":2,"enemies":"The Guardian","floor":16,"turns":12},{"damage":0,"enemies":"theJungle:MUSHROOMGANG","floor":18,"turns":3},{"damage":0,"enemies":"theJungle:Flameango_and_Byrd","floor":21,"turns":6},{"damage":11,"enemies":"theJungle:Cassacara","floor":23,"turns":5},{"damage":0,"enemies":"theJungle:SlimyTreeVines","floor":25,"turns":2},{"damage":19,"enemies":"theJungle:2_Phrogs","floor":28,"turns":3},{"damage":0,"enemies":"Snake Plant","floor":29,"turns":2},{"damage":0,"enemies":"theJungle:2_Snecko_Cultists","floor":30,"turns":3},{"damage":28,"enemies":"theJungle:QueenSpyder","floor":33,"turns":6},{"damage":0,"enemies":"3 Shapes","floor":35,"turns":2},{"damage":9,"enemies":"Orb Walker","floor":38,"turns":2},{"damage":0,"enemies":"3 Darklings","floor":41,"turns":2},{"damage":26,"enemies":"Nightmare","floor":45,"turns":5},{"damage":0,"enemies":"Sphere and 2 Shapes","floor":47,"turns":2},{"damage":12,"enemies":"Writhing Mass","floor":48,"turns":4},{"damage":21,"enemies":"Time Eater","floor":50,"turns":7},{"damage":0,"enemies":"2 Louse","floor":52,"turns":2},{"damage":0,"enemies":"Small Slimes","floor":53,"turns":2},{"damage":0,"enemies":"Cultist","floor":55,"turns":2},{"damage":89,"enemies":"Nightmare","floor":58,"turns":5}],"seed_played":"7893330030543056441","potions_obtained":[{"floor":7,"key":"Energy Potion"},{"floor":10,"key":"Death Potion"},{"floor":12,"key":"ColorlessPotion"},{"floor":18,"key":"Elixir"}],"is_trial":false,"path_per_floor":["M","?","?","?","?","R","M","M","T","E","$","E","?","T","R","B",null,"M","$","?","M","T","E","R","M","T","R","E","M","M","?","R","B",null,"M","T","$","M","?","R","M","T","T","?","NM","R","M","M","R","B",null,"M","M","?","M","AVR","R","NM"],"character_chosen":"DEFECT","items_purchased":["hubris:PowerSurge","Vajra","FIFO Queue","Ball Lightning"],"campfire_rested":1,"item_purchase_floors":[19,37,37,37],"current_hp_per_floor":[75,64,64,46,46,46,46,46,46,45,45,34,39,39,78,76,80,80,80,80,80,80,69,69,69,69,69,50,50,50,50,50,22,80,80,80,80,71,71,71,71,71,71,71,45,45,45,33,70,49,76,76,76,76,76,76,76,0,0],"gold":575,"neow_bonus":"THREE_ENEMY_KILL","is_daily":false,"chose_seed":false,"campfire_upgraded":7,"win_rate":0.0,"timestamp":1608786889,"path_taken":["M","?","?","?","?","R","M","?","T","E","$","E","?","?","R","BOSS","M","$","?","M","?","E","R","?","T","R","E","M","?","?","R","BOSS","M","?","$","?","?","R","?","?","T","?","NM","R","M","M","R","BOSS","M","M","?","M","AVR","R","NM"],"items_purchased_type":["Card","Relic","Card","Card"],"build_version":"2020-12-22","purchased_purges":2,"victory":false,"max_hp_per_floor":[75,75,75,75,75,75,75,75,75,75,75,75,80,80,80,80,80,80,80,80,80,80,80,80,80,80,80,80,80,80,80,80,80,80,80,80,80,80,80,80,80,80,80,76,76,76,76,76,76,76,76,76,76,76,76,76,76,76,76],"card_choices":[{"not_picked":["Panic Button","Steam Power"],"picked":"Tempest","floor":1},{"not_picked":["Go for the Eyes","Cold Snap"],"picked":"Static Discharge","floor":7},{"not_picked":["Barrage","Sweeping Beam"],"picked":"Mirror Shield","floor":8},{"not_picked":["Barrage","Steam","Cold Snap"],"picked":"SKIP","floor":10},{"not_picked":["Leap","Go for the Eyes"],"picked":"Reinforced Body","floor":12},{"not_picked":["Fission","hubris:SpecializedCircuitry"],"picked":"Thunder Strike","floor":16},{"not_picked":["Cold Snap+1","Leap","BasicCrystalCard"],"picked":"SKIP","floor":18},{"not_picked":["Aggregate","ReplayTheSpireMod:Reroute Power"],"picked":"Tempest","floor":21},{"not_picked":["Self Repair","Streamline"],"picked":"Blizzard","floor":23},{"not_picked":["Leap","Hello World"],"picked":"Redo","floor":25},{"not_picked":["Hello World","Compile Driver+1"],"picked":"hubris:Ukulele","floor":28},{"not_picked":["conspire:Rain+1","Conserve Battery","Gash"],"picked":"SKIP","floor":29},{"not_picked":["Panic Button+1","White Noise"],"picked":"Lockon","floor":30},{"not_picked":["Multi-Cast","Mirror Shield"],"picked":"Machine Learning","floor":33},{"not_picked":["Scrape+1","Auto Shields","Go for the Eyes+1"],"picked":"SKIP","floor":35},{"not_picked":["Leap","Capacitor+1"],"picked":"Stack+1","floor":38},{"not_picked":["Aggregate+1","conspire:Rain+1","Loop"],"picked":"SKIP","floor":41},{"not_picked":["Aggregate+1","conspire:Rain+1"],"picked":"Loop","floor":41},{"not_picked":["Compile Driver+1","Redo+1","Sweeping Beam"],"picked":"SKIP","floor":45},{"not_picked":["Panic Button+1","Leap+1","Steam+1"],"picked":"SKIP","floor":47},{"not_picked":["Darkness","ReplayTheSpireMod:Dual Polarity"],"picked":"ReplayTheSpireMod:Calculation Training","floor":48},{"not_picked":["Amplify","Fission"],"picked":"ReplayTheSpireMod:Fabricate Wheel","floor":50},{"not_picked":["Beam Cell","Barrage","Sweeping Beam"],"picked":"SKIP","floor":52},{"not_picked":["Capacitor","Coolheaded","conspire:SharedLibrary"],"picked":"SKIP","floor":53},{"not_picked":["Conserve Battery","Redo","Panic Button"],"picked":"SKIP","floor":55}],"player_experience":141902,"relics_obtained":[{"floor":3,"key":"Ring of Hypnosis"},{"floor":3,"key":"Ring of Shattering"},{"floor":9,"key":"Iron Hammer"},{"floor":10,"key":"conspire:TopHat"},{"floor":12,"key":"Tiny Chest"},{"floor":14,"key":"Regal Pillow"},{"floor":22,"key":"Simple Rune"},{"floor":23,"key":"Bronze Scales"},{"floor":26,"key":"Dream Catcher"},{"floor":28,"key":"Thread and Needle"},{"floor":31,"key":"MealTicket"},{"floor":36,"key":"hubris:AstralHammer"},{"floor":42,"key":"hubris:PeanutButter"},{"floor":43,"key":"Replay:Bandana"},{"floor":45,"key":"infinitespire:ShieldingShard"}],"event_choices":[{"damage_healed":0,"gold_gain":0,"player_choice":"Slimed","damage_taken":11,"max_hp_gain":0,"max_hp_loss":0,"event_name":"betterThird:BetterGoop","floor":2,"gold_loss":38},{"damage_healed":0,"gold_gain":0,"player_choice":"Take Damage","damage_taken":18,"relics_obtained":["Golden Idol"],"max_hp_gain":0,"max_hp_loss":0,"event_name":"Golden Idol","floor":4,"gold_loss":0},{"damage_healed":0,"gold_gain":0,"player_choice":"2 cards matched","damage_taken":0,"max_hp_gain":0,"max_hp_loss":0,"event_name":"Match and Keep!","floor":5,"gold_loss":0,"cards_obtained":["Hello World","Biased Cognition"]},{"damage_healed":0,"gold_gain":0,"player_choice":"Donut","damage_taken":0,"max_hp_gain":5,"max_hp_loss":0,"event_name":"Big Fish","floor":13,"gold_loss":0},{"damage_healed":0,"gold_gain":0,"player_choice":"Relic","damage_taken":0,"max_hp_gain":0,"max_hp_loss":0,"event_name":"Wheel of Change","floor":31,"gold_loss":0},{"damage_healed":0,"gold_gain":0,"player_choice":"0 cards matched","damage_taken":0,"max_hp_gain":0,"max_hp_loss":0,"event_name":"Match and Keep!","floor":39,"gold_loss":0,"cards_obtained":[]},{"damage_healed":0,"gold_gain":0,"player_choice":"Max HP","damage_taken":0,"max_hp_gain":0,"max_hp_loss":4,"event_name":"Winding Halls","floor":44,"gold_loss":0},{"damage_healed":76,"gold_gain":0,"player_choice":"Protect","damage_taken":0,"max_hp_gain":0,"max_hp_loss":76,"event_name":"betterThird:BetterShining","floor":54,"gold_loss":1}],"is_beta":false,"boss_relics":[{"not_picked":["Nuclear Battery","SacredBark"],"picked":"hubris:GrandSneckoEye"},{"not_picked":["infinitespire:Cupcake","hubris:BlackHole"],"picked":"Astrolabe"},{"not_picked":["hubris:RunicObelisk","conspire:SeveredTorchhead"],"picked":"Philosopher\u0027s Stone"}],"items_purged_floors":[11,37],"is_endless":true,"potions_floor_spawned":[7,10,12,18,23,30,33,35],"killed_by":"Nightmare","ascension_level":0}}