{"host":"cij6922spxtbkai3","time":1608840531,"event":{"mods":["2.2 Compatiblity","AchievementEnabler","BaseMod","Colored Map","DeckTracker","Highlight Path","Keyboard Shortcuts","Minty Spire (QoL Compilation)","Permanent Neow","Quick Restart","Rare Cards Sparkle","SuperFastMode","everything is the same but u backflip on backflip"],"gold_per_floor":[111,111,131,131,147,147,164,33,33,50,64,64,75,90,90,186,186,201,218,218,218,218],"floor_reached":21,"playtime":1210,"items_purged":[],"score":200,"play_id":"12542ad6-e10c-4bb9-8820-50c87c5d10c1","local_time":"20201225050851","is_ascension_mode":false,"campfire_choices":[{"data":"Spot Weakness","floor":6,"key":"SMITH"},{"data":"Heavy Blade","floor":15,"key":"SMITH"}],"circlet_count":0,"master_deck":["Strike_R","Strike_R","Strike_R","Defend_R","Defend_R","Defend_R","Bash","Battle Trance+1","Shrug It Off","Spot Weakness+1","Pummel","Flex","Feel No Pain","Demon Form","Heavy Blade+1","Flex","Heavy Blade"],"relics":["Burning Blood","Eternal Feather","Black Star"],"acts_visited":["Exordium","TheCity"],"potions_floor_usage":[16,19,19,21],"damage_taken":[{"damage":6,"enemies":"Jaw Worm","floor":1,"turns":4},{"damage":0,"enemies":"Small Slimes","floor":3,"turns":3},{"damage":0,"enemies":"2 Louse","floor":5,"turns":3},{"damage":21,"enemies":"Exordium Wildlife","floor":7,"turns":4},{"damage":6,"enemies":"3 Louse","floor":10,"turns":3},{"damage":7,"enemies":"2 Fungi Beasts","floor":11,"turns":3},{"damage":12,"enemies":"Looter","floor":13,"turns":3},{"damage":12,"enemies":"Exordium Wildlife","floor":14,"turns":3},{"damage":35,"enemies":"The Guardian","floor":16,"turns":8},{"damage":30,"enemies":"Shell Parasite","floor":18,"turns":6},{"damage":45,"enemies":"Spheric Guardian","floor":19,"turns":8},{"damage":13,"enemies":"Masked Bandits","floor":21,"turns":2}],"seed_played":"2145494533033337006","potions_obtained":[{"floor":1,"key":"Explosive Potion"},{"floor":11,"key":"LiquidBronze"},{"floor":13,"key":"Swift Potion"},{"floor":16,"key":"Dexterity Potion"}],"is_trial":false,"path_per_floor":["M","?","M","?","M","R","M","$","T","M","M","$","M","M","R","B",null,"M","M","?","?"],"character_chosen":"IRONCLAD","items_purchased":["Flex","Feel No Pain"],"campfire_rested":0,"item_purchase_floors":[8,8],"current_hp_per_floor":[72,65,71,71,72,72,57,57,57,57,56,56,50,44,53,24,72,48,9,9,0,0],"gold":218,"neow_bonus":"TRANSFORM_TWO_CARDS","is_daily":false,"chose_seed":false,"campfire_upgraded":2,"win_rate":0.0,"timestamp":1608840531,"path_taken":["M","?","M","?","M","R","M","?","T","M","M","$","M","M","R","BOSS","M","M","?","?"],"items_purchased_type":["Card","Card"],"build_version":"2020-12-22","purchased_purges":0,"victory":false,"max_hp_per_floor":[72,72,72,72,72,72,72,72,72,72,72,72,72,72,72,72,72,72,72,72,72,72],"card_choices":[{"not_picked":["Sword Boomerang","Thunderclap"],"picked":"Spot Weakness","floor":1},{"not_picked":["Perfected Strike","Twin Strike","Metallicize"],"picked":"SKIP","floor":3},{"not_picked":["Warcry","Perfected Strike"],"picked":"Pummel","floor":5},{"not_picked":["True Grit","Hemokinesis","Sword Boomerang"],"picked":"SKIP","floor":7},{"not_picked":["Anger","True Grit","Blood for Blood"],"picked":"SKIP","floor":10},{"not_picked":["Cleave","Warcry"],"picked":"Demon Form","floor":11},{"not_picked":["Rage","Blood for Blood"],"picked":"Heavy Blade","floor":13},{"not_picked":["Armaments","Thunderclap","Reckless Charge"],"picked":"SKIP","floor":14},{"not_picked":["Perfected Strike","True Grit","Twin Strike"],"picked":"SKIP","floor":18},{"not_picked":["Carnage+1","Intimidate"],"picked":"Flex","floor":19}],"player_experience":22456,"relics_obtained":[{"floor":9,"key":"Eternal Feather"}],"event_choices":[{"cards_removed":["Defend_R"],"damage_healed":0,"gold_gain":0,"player_choice":"Card Removal","damage_taken":7,"max_hp_gain":0,"max_hp_loss":0,"event_name":"Golden Wing","floor":2,"gold_loss":0},{"damage_healed":0,"gold_gain":0,"player_choice":"Grow","damage_taken":0,"max_hp_gain":0,"max_hp_loss":0,"event_name":"Living Wall","floor":4,"gold_loss":0,"cards_upgraded":["Battle Trance"]},{"damage_healed":0,"gold_gain":0,"player_choice":"Read","damage_taken":0,"max_hp_gain":0,"max_hp_loss":0,"event_name":"The Library","floor":20,"gold_loss":0,"cards_obtained":["Heavy Blade"]},{"damage_healed":0,"gold_gain":0,"player_choice":"Fought Bandits","damage_taken":0,"max_hp_gain":0,"max_hp_loss":0,"event_name":"Masked Bandits","floor":21,"gold_loss":0}],"is_beta":false,"boss_relics":[{"not_picked":["Astrolabe","Ectoplasm"],"picked":"Black Star"}],"items_purged_floors":[],"is_endless":false,"potions_floor_spawned":[1,11,13,16],"killed_by":"Masked Bandits","ascension_level":0}}