{"host":"Kdaddybrian","time":1608785533,"event":{"mods":["AchievementEnabler","BaseMod","Bestiary","Colored Powertips","Minty Spire (QoL Compilation)","Potion Indicator Mod","Quick Restart","Rare Cards Sparkle","Relic Stats","StSLib","Uncapped"],"gold_per_floor":[128,140,169,199,222,259,271,297,309,321,364,376,452,18,18,120,120,134,144,154,41,67,67,98,98,143,123,148,148,182,193,193,293,293,312,330,347,347,347,381,381,603,674,674,722,314,348,358,358,358,358,358,13,47,47],"floor_reached":56,"playtime":3073,"items_purged":["Anger"],"score":1894,"play_id":"5cb1cc52-c644-4a78-9897-4e839a68b877","local_time":"20201223235213","is_ascension_mode":true,"campfire_choices":[{"floor":10.0,"key":"REST"},{"floor":12.0,"key":"REST"},{"data":"Limit Break","floor":15,"key":"SMITH"},{"floor":23,"key":"REST"},{"floor":25,"key":"REST"},{"data":"Disarm","floor":29,"key":"SMITH"},{"data":"Entrench","floor":32,"key":"SMITH"},{"floor":41,"key":"RECALL"},{"floor":44,"key":"REST"},{"data":"Immolate","floor":49,"key":"SMITH"},{"floor":52,"key":"REST"}],"circlet_count":0,"master_deck":["AscendersBane","Bash+1","Flame Barrier","Armaments","Limit Break+1","Fire Breathing+1","Shrug It Off","Inflame+1","Flame Barrier+1","Headbutt","Corruption+1","Fire Breathing+1","Corruption+1","Berserk+1","Anger","Flex","Thunderclap","True Grit","Twin Strike","Immolate+1","Disarm+1","Cleave","Iron Wave+1","Spot Weakness","Shockwave","Impervious","Barricade+1","Dual Wield","Entrench+1","Impervious","Ghostly Armor+1","True Grit","Exhume+1","Inflame+1","Flex","Brutality+1","Feel No Pain+1","Flame Barrier","Purity","Flex","Body Slam+1"],"relics":["Burning Blood","MawBank","Omamori","Bag of Preparation","Pocketwatch","Frozen Egg 2","Art of War","Incense Burner","Pandora\u0027s Box","Red Mask","Du-Vu Doll","Dead Branch","Calipers","Snecko Eye","Red Skull","Self Forming Clay","Akabeko","Membership Card","Bottled Tornado","Ornamental Fan","Lantern","Nunchaku","War Paint"],"acts_visited":["Exordium","TheCity","TheBeyond","TheEnding"],"potions_floor_usage":[24,30,50,50,54,55,55],"damage_taken":[{"damage":1.0,"enemies":"Cultist","floor":1.0,"turns":3.0},{"damage":9.0,"enemies":"Jaw Worm","floor":3.0,"turns":3.0},{"damage":8.0,"enemies":"2 Louse","floor":4.0,"turns":2.0},{"damage":14.0,"enemies":"Looter","floor":5.0,"turns":3.0},{"damage":28.0,"enemies":"Gremlin Nob","floor":6.0,"turns":4.0},{"damage":23.0,"enemies":"Gremlin Gang","floor":8.0,"turns":6.0},{"damage":22.0,"enemies":"Lagavulin","floor":11.0,"turns":8.0},{"damage":22.0,"enemies":"Gremlin Nob","floor":13.0,"turns":4.0},{"damage":21,"enemies":"The Guardian","floor":16,"turns":11},{"damage":3,"enemies":"Spheric Guardian","floor":18,"turns":3},{"damage":6,"enemies":"3 Byrds","floor":19,"turns":7},{"damage":13,"enemies":"Snecko","floor":20,"turns":4},{"damage":27,"enemies":"Masked Bandits","floor":22,"turns":3},{"damage":46,"enemies":"Slavers","floor":24,"turns":4},{"damage":21,"enemies":"Book of Stabbing","floor":28,"turns":5},{"damage":20,"enemies":"Gremlin Leader","floor":30,"turns":5},{"damage":4,"enemies":"Shelled Parasite and Fungi","floor":31,"turns":4},{"damage":18,"enemies":"Automaton","floor":33,"turns":7},{"damage":1,"enemies":"Orb Walker","floor":35,"turns":2},{"damage":24,"enemies":"3 Shapes","floor":36,"turns":3},{"damage":0,"enemies":"Sphere and 2 Shapes","floor":37,"turns":3},{"damage":6,"enemies":"Reptomancer","floor":40,"turns":2},{"damage":1,"enemies":"Giant Head","floor":47,"turns":3},{"damage":3,"enemies":"Transient","floor":48,"turns":5},{"damage":77,"enemies":"Awakened One","floor":50,"turns":9},{"damage":13,"enemies":"Shield and Spear","floor":54,"turns":8},{"damage":7,"enemies":"The Heart","floor":55,"turns":6}],"seed_played":"-6109681767815309385","potions_obtained":[{"floor":3.0,"key":"SpeedPotion"},{"floor":4.0,"key":"Fruit Juice"},{"floor":6.0,"key":"FearPotion"},{"floor":11.0,"key":"Regen Potion"},{"floor":27,"key":"BlessingOfTheForge"},{"floor":28,"key":"Regen Potion"},{"floor":30,"key":"Dexterity Potion"},{"floor":31,"key":"BloodPotion"},{"floor":33,"key":"Energy Potion"}],"is_trial":false,"path_per_floor":["M","?","M","M","M","E","T","M","T","R","E","R","?","$","R","B",null,"M","M","M","$","?","R","E","R","T","?","E","R","E","M","R","B",null,"M","M","M","?","?","E","R","?","T","R","T","$","E","M","R","B",null,"R","$","E","B",null],"character_chosen":"IRONCLAD","items_purchased":["Inflame+1","Incense Burner","Flame Barrier","Headbutt","Spot Weakness","Membership Card","Exhume","Inflame+1","Bottled Tornado","PowerPotion","Flex","Feel No Pain+1","Flame Barrier","Lantern","Purity","BloodPotion","Energy Potion","Flex","Nunchaku"],"campfire_rested":6,"item_purchase_floors":[14,14,14,14,21,46,46,46,46,46,46,53,53,53,53,53,53,53,53],"current_hp_per_floor":[77,77,74,72,64,42,42,25,25,49,38,63,47,47,47,32,72,75,75,68,68,47,72,46,71,71,71,56,56,56,58,58,46,75,80,62,68,68,68,68,68,68,68,81,81,81,81,81,81,26,67,81,81,74,81],"gold":47,"neow_bonus":"RANDOM_COMMON_RELIC","is_daily":false,"chose_seed":false,"campfire_upgraded":4,"win_rate":0.0,"timestamp":1608785533,"path_taken":["M","?","M","?","M","E","?","M","T","R","E","R","?","$","R","BOSS","M","M","M","$","?","R","E","R","T","?","E","R","E","?","R","BOSS","M","M","M","?","?","E","R","?","T","R","?","$","E","?","R","BOSS","R","$","E","BOSS"],"items_purchased_type":["Card","Relic","Card","Card","Card","Relic","Card","Card","Relic","Potion","Card","Card","Card","Relic","Card","Potion","Potion","Card","Relic"],"build_version":"2020-12-18","purchased_purges":1,"victory":true,"max_hp_per_floor":[80,80,80,80,80,80,80,80,80,80,85,85,85,85,85,85,85,85,85,85,85,85,85,85,85,85,85,85,85,85,85,85,85,85,85,85,85,85,81,81,81,81,81,81,81,81,81,81,81,81,81,81,81,81,81],"relic_stats":{"counters":[27,127],"Self Forming Clay":[66],"Dead Branch":[303],"Bag of Preparation":[44],"War Paint":["Flame Barrier","Exhume"],"MawBank":168,"Burning Blood":154,"Nunchaku":[2],"Ornamental Fan":[36],"Snecko Eye":[72,108,104,96],"Pandora\u0027s Box":["Fire Breathing","Corruption","Berserk","Anger","Flex","Thunderclap","True Grit","Twin Strike","Immolate"],"Art of War":[17],"obtain_stats":[{"Lantern":53,"Calipers":30,"Self Forming Clay":43,"Dead Branch":28,"Omamori":6,"Bag of Preparation":7,"Incense Burner":14,"Frozen Egg 2":11,"Bottled Tornado":46,"War Paint":54,"MawBank":0,"Burning Blood":0,"Akabeko":45,"Du-Vu Doll":24,"Nunchaku":53,"Ornamental Fan":47,"Snecko Eye":34,"Pandora\u0027s Box":17,"Art of War":13,"Red Mask":22,"Membership Card":46,"Red Skull":40,"Pocketwatch":9},{"Lantern":25,"Calipers":16,"Self Forming Clay":22,"Dead Branch":15,"Omamori":5,"Bag of Preparation":5,"Incense Burner":8,"Frozen Egg 2":7,"Bottled Tornado":22,"War Paint":26,"MawBank":0,"Burning Blood":0,"Akabeko":22,"Du-Vu Doll":14,"Nunchaku":25,"Ornamental Fan":23,"Snecko Eye":18,"Pandora\u0027s Box":9,"Art of War":8,"Red Mask":13,"Membership Card":22,"Red Skull":22,"Pocketwatch":6},{"Lantern":113,"Calipers":75,"Self Forming Clay":96,"Dead Branch":70,"Omamori":15,"Bag of Preparation":15,"Incense Burner":33,"Frozen Egg 2":29,"Bottled Tornado":96,"War Paint":121,"MawBank":0,"Burning Blood":0,"Akabeko":96,"Du-Vu Doll":65,"Nunchaku":113,"Ornamental Fan":99,"Snecko Eye":86,"Pandora\u0027s Box":44,"Art of War":33,"Red Mask":61,"Membership Card":96,"Red Skull":96,"Pocketwatch":21}],"Pocketwatch":[105]},"card_choices":[{"not_picked":["Twin Strike","Shrug It Off"],"picked":"Anger","floor":1.0},{"not_picked":["Havoc","Power Through","Rupture"],"picked":"SKIP","floor":3.0},{"not_picked":["Wild Strike","Rampage"],"picked":"Clothesline","floor":4.0},{"not_picked":["True Grit","Rage"],"picked":"Flame Barrier","floor":5.0},{"not_picked":["Rupture","Heavy Blade"],"picked":"Armaments","floor":6.0},{"not_picked":["Sword Boomerang","Perfected Strike"],"picked":"Limit Break","floor":8.0},{"not_picked":["Clash","Dropkick"],"picked":"Fire Breathing+1","floor":11.0},{"not_picked":["Whirlwind","Entrench"],"picked":"Shrug It Off","floor":13.0},{"not_picked":["Barricade+1","Double Tap"],"picked":"Corruption+1","floor":16},{"not_picked":["Reckless Charge+1","Bloodletting+1"],"picked":"Disarm","floor":18},{"not_picked":["Anger","Sentinel"],"picked":"Cleave","floor":19},{"not_picked":["Carnage+1","Wild Strike"],"picked":"Iron Wave+1","floor":20},{"not_picked":["Perfected Strike","Sword Boomerang+1"],"picked":"Shockwave","floor":22},{"not_picked":["Thunderclap","Sentinel"],"picked":"Impervious","floor":24},{"not_picked":["Iron Wave","Armaments+1"],"picked":"Barricade+1","floor":28},{"not_picked":["Twin Strike","Anger"],"picked":"Dual Wield","floor":30},{"not_picked":["Sentinel","Armaments"],"picked":"Entrench","floor":31},{"not_picked":["Juggernaut+1","Demon Form+1"],"picked":"Impervious","floor":33},{"not_picked":["Headbutt","Iron Wave+1"],"picked":"Ghostly Armor+1","floor":35},{"not_picked":["Wild Strike+1","Perfected Strike+1","Pommel Strike"],"picked":"SKIP","floor":36},{"not_picked":["Hemokinesis","Pommel Strike+1"],"picked":"True Grit","floor":37},{"not_picked":["Headbutt","Twin Strike+1","Heavy Blade"],"picked":"SKIP","floor":40},{"not_picked":["Sword Boomerang","Clothesline","Searing Blow+1"],"picked":"SKIP","floor":47},{"not_picked":["Headbutt","Clash+1"],"picked":"Brutality+1","floor":48},{"not_picked":["True Grit+1","Headbutt"],"picked":"Body Slam+1","floor":54}],"player_experience":2908529,"relics_obtained":[{"floor":6.0,"key":"Omamori"},{"floor":7.0,"key":"Bag of Preparation"},{"floor":9.0,"key":"Pocketwatch"},{"floor":11.0,"key":"Frozen Egg 2"},{"floor":13.0,"key":"Art of War"},{"floor":22,"key":"Red Mask"},{"floor":24,"key":"Du-Vu Doll"},{"floor":28,"key":"Dead Branch"},{"floor":30,"key":"Calipers"},{"floor":40,"key":"Red Skull"},{"floor":43,"key":"Self Forming Clay"},{"floor":45,"key":"Akabeko"},{"floor":47,"key":"Ornamental Fan"},{"floor":54,"key":"War Paint"}],"event_choices":[{"damage_healed":0.0,"max_hp_gain":0.0,"max_hp_loss":0.0,"gold_gain":0.0,"event_name":"Upgrade Shrine","player_choice":"Upgraded","floor":2.0,"gold_loss":0.0,"damage_taken":0.0,"cards_upgraded":["Bash"]},{"damage_healed":0.0,"max_hp_gain":0.0,"max_hp_loss":0.0,"gold_gain":0.0,"event_name":"Dead Adventurer","player_choice":"Searched \u00272\u0027 times","floor":13.0,"gold_loss":0.0,"damage_taken":0.0},{"damage_healed":0,"gold_gain":0,"player_choice":"Fought Bandits","damage_taken":0,"max_hp_gain":0,"max_hp_loss":0,"event_name":"Masked Bandits","floor":22,"gold_loss":0},{"damage_healed":0,"gold_gain":0,"player_choice":"Bought 1 Potion","damage_taken":0,"max_hp_gain":0,"max_hp_loss":0,"event_name":"The Woman in Blue","floor":27,"gold_loss":0},{"cards_removed":["Clothesline"],"damage_healed":0,"gold_gain":0,"player_choice":"Removed Attack","damage_taken":0,"max_hp_gain":0,"max_hp_loss":0,"event_name":"Falling","floor":38,"gold_loss":0},{"damage_healed":0,"gold_gain":0,"player_choice":"Max HP","damage_taken":0,"max_hp_gain":0,"max_hp_loss":4,"event_name":"Winding Halls","floor":39,"gold_loss":0},{"damage_healed":0,"gold_gain":222,"player_choice":"Wore Mask","damage_taken":0,"max_hp_gain":0,"max_hp_loss":0,"event_name":"Tomb of Lord Red Mask","floor":42,"gold_loss":0}],"is_beta":true,"boss_relics":[{"not_picked":["Runic Dome","SacredBark"],"picked":"Pandora\u0027s Box"},{"not_picked":["Black Star","Cursed Key"],"picked":"Snecko Eye"}],"items_purged_floors":[21],"is_endless":false,"potions_floor_spawned":[3,4,6,11,16,20,28,30,31,33,36,37,48],"ascension_level":10}}