{"host":"59ckh7bj2z84pzgo","time":1608821490,"event":{"mods":["BaseMod","Better Vampires","Marked Mod","Minty Spire (QoL Compilation)","Replay The Spire","Spicy Shops","StSLib","TestMod","¡¾ÒÅÎï¿¨ÅÆ¡¿REMEMod"],"gold_per_floor":[119,132,148,172,185,185,220,231,255,287,298,298,298,278,278,354,354,371,385,400,413,413,413,413],"floor_reached":23,"playtime":1448,"items_purged":[],"score":460,"play_id":"67af1a17-f39b-4787-8e9a-3ad2c3b3fb60","local_time":"20201224225130","is_ascension_mode":true,"campfire_choices":[{"data":"Ball Lightning","floor":6.0,"key":"SMITH"},{"data":"Recycle","floor":13.0,"key":"SMITH"}],"circlet_count":0,"master_deck":["AscendersBane","Strike_B","Strike_B","Strike_B","Strike_B","Defend_B","Defend_B","Defend_B","Defend_B","Zap","Dualcast","Discovery+1","Skim","Coolheaded+1","Ball Lightning+1","ReplayTheSpireMod:System Scan","Undo+1","Panic Button","Recycle+1","White Noise","Seek","Turbo","Hologram","Capacitor"],"relics":["Cracked Core","REME_ComplimentaryCards","testmod-TestBox","testmod-EqualTreatment","Smiling Mask","testmod-BouquetWithThorns","ReplayTheSpireMod:Lightbulb","Pen Nib","testmod-BloodSacrificeSpiritualization","MutagenicStrength"],"acts_visited":["Exordium","TheCity"],"potions_floor_usage":[23],"damage_taken":[{"damage":0.0,"enemies":"Cultist","floor":1.0,"turns":4.0},{"damage":0.0,"enemies":"2 Louse","floor":2.0,"turns":2.0},{"damage":7.0,"enemies":"Jaw Worm","floor":3.0,"turns":4.0},{"damage":0.0,"enemies":"Gremlin Gang","floor":5.0,"turns":2.0},{"damage":9.0,"enemies":"Replay:BlueRogue","floor":7.0,"turns":6.0},{"damage":8.0,"enemies":"Looter","floor":8.0,"turns":3.0},{"damage":0.0,"enemies":"Gremlin Nob","floor":10.0,"turns":2.0},{"damage":1.0,"enemies":"Blue Slaver","floor":11.0,"turns":3.0},{"damage":41.0,"enemies":"Hexaghost","floor":16.0,"turns":8.0},{"damage":28.0,"enemies":"Shell Parasite","floor":18.0,"turns":5.0},{"damage":3.0,"enemies":"3 Byrds","floor":19.0,"turns":2.0},{"damage":20.0,"enemies":"Snake Plant","floor":20.0,"turns":3.0},{"damage":4.0,"enemies":"Centurion and Healer","floor":21.0,"turns":6.0},{"damage":0,"enemies":"Book of Stabbing","floor":23,"turns":1}],"seed_played":"6404055128912071243","potions_obtained":[{"floor":1.0,"key":"Fire Potion"},{"floor":3.0,"key":"SmokeBomb"},{"floor":5.0,"key":"EssenceOfDarkness"},{"floor":14.0,"key":"Adrenaline Potion"},{"floor":16.0,"key":"Doom Potion"},{"floor":19.0,"key":"Energy Potion"},{"floor":21.0,"key":"GamblersBrew"}],"is_trial":false,"path_per_floor":["M","M","M","T","M","R","E","M","T","E","M","?","R","?","R","B",null,"M","M","M","M","?","E"],"character_chosen":"DEFECT","items_purchased":[],"campfire_rested":0,"item_purchase_floors":[],"current_hp_per_floor":[64,64,57,57,57,57,48,40,40,40,39,39,39,39,60,19,58,30,27,7,3,3,3,3],"gold":413,"neow_bonus":"UPGRADE_CARD","is_daily":false,"chose_seed":false,"campfire_upgraded":2,"win_rate":0.0,"timestamp":1608821490,"path_taken":["M","M","M","?","M","R","E","M","T","E","M","?","R","?","R","BOSS","M","M","M","?","?","E"],"items_purchased_type":[],"build_version":"2020-12-22","purchased_purges":0,"victory":false,"max_hp_per_floor":[71,71,71,71,71,71,71,71,71,71,71,71,71,71,71,71,71,71,71,71,71,71,71,71],"card_choices":[{"not_picked":["ReplaySolidLightProjector","Rebound"],"picked":"Skim","floor":1.0},{"not_picked":["Redo","ReplaySort"],"picked":"Coolheaded","floor":2.0},{"not_picked":["Rebound","ReplayTheSpireMod:Reroute Power"],"picked":"Ball Lightning","floor":3.0},{"not_picked":["ReplayTheSpireMod:GoodbyeWorld","Skim"],"picked":"ReplayTheSpireMod:System Scan","floor":5.0},{"not_picked":["Fusion","Steam"],"picked":"Undo","floor":7.0},{"not_picked":["Streamline","Stack"],"picked":"Panic Button","floor":8.0},{"not_picked":["Panic Button","REME_DataAnalysis"],"picked":"Recycle","floor":10.0},{"not_picked":["Rebound","Streamline"],"picked":"White Noise","floor":11.0},{"not_picked":["Machine Learning","ReplayTheSpireMod:Fabricate Wheel"],"picked":"Seek","floor":16.0},{"not_picked":["Rip and Tear","Tempest"],"picked":"Turbo","floor":18.0},{"not_picked":["ReplayTheSpireMod:GoodbyeWorld","Steam"],"picked":"Hologram","floor":19.0},{"not_picked":["BasicCrystalCard","Redo"],"picked":"Capacitor","floor":20.0},{"not_picked":["Aggregate","Ball Lightning","Steam"],"picked":"SKIP","floor":21.0}],"player_experience":170544,"relics_obtained":[{"floor":4.0,"key":"Smiling Mask"},{"floor":7.0,"key":"testmod-BouquetWithThorns"},{"floor":9.0,"key":"ReplayTheSpireMod:Lightbulb"},{"floor":10.0,"key":"Pen Nib"}],"event_choices":[{"damage_healed":0.0,"max_hp_gain":0.0,"max_hp_loss":0.0,"gold_gain":0.0,"event_name":"The Woman in Blue","player_choice":"Bought 1 Potion","floor":14.0,"gold_loss":0.0,"damage_taken":0.0},{"damage_healed":0,"gold_gain":0,"player_choice":"Inject Mutagens","damage_taken":0,"relics_obtained":["MutagenicStrength"],"max_hp_gain":0,"max_hp_loss":0,"event_name":"Drug Dealer","floor":22,"gold_loss":0}],"is_beta":false,"boss_relics":[{"not_picked":["Runic Dome","Cursed Key"],"picked":"testmod-BloodSacrificeSpiritualization"}],"items_purged_floors":[],"is_endless":false,"potions_floor_spawned":[1,3,5,16,19,21],"killed_by":"Book of Stabbing","ascension_level":20}}