{"host":"kh6fvhxn285ncg0o","time":1608850871,"event":{"mods":["Act Like it!","BaseMod","Colored Map","Friendly Minions","Keyboard Shortcuts","Minty Spire (QoL Compilation)","Quick Restart","Relic Stats","StSLib","SuperFastMode"],"gold_per_floor":[365,382,398,235,254,254,281,281,305,305,305],"floor_reached":10,"playtime":202,"items_purged":["Strike_R"],"score":136,"play_id":"c672a359-0b2f-4a51-9175-4ec34f48e3f3","local_time":"20201225080111","is_ascension_mode":true,"campfire_choices":[{"data":"Bash","floor":6.0,"key":"SMITH"},{"floor":8,"key":"REST"}],"circlet_count":0,"master_deck":["AscendersBane","Strike_R","Strike_R","Strike_R","Strike_R","Defend_R","Defend_R","Defend_R","Defend_R","Bash+1","Inflame","Armaments","Evolve","Fire Breathing","Hemokinesis"],"relics":["Burning Blood","Bag of Marbles","Anchor"],"acts_visited":["Exordium"],"potions_floor_usage":[7,7],"damage_taken":[{"damage":7.0,"enemies":"Cultist","floor":1.0,"turns":4.0},{"damage":11.0,"enemies":"Jaw Worm","floor":2.0,"turns":4.0},{"damage":2.0,"enemies":"Small Slimes","floor":3.0,"turns":5.0},{"damage":23.0,"enemies":"3 Louse","floor":5.0,"turns":7.0},{"damage":46,"enemies":"Gremlin Nob","floor":7,"turns":5},{"damage":27,"enemies":"Lagavulin","floor":10,"turns":5}],"seed_played":"1425598012649672943","potions_obtained":[{"floor":1.0,"key":"SkillPotion"},{"floor":3.0,"key":"DistilledChaos"}],"is_trial":false,"path_per_floor":["M","M","M","$","M","R","E","R","T","E"],"character_chosen":"IRONCLAD","items_purchased":["Fire Breathing"],"campfire_rested":1,"item_purchase_floors":[4],"current_hp_per_floor":[67,62,66,66,49,49,9,29,29,2,2],"gold":305,"neow_bonus":"TWO_FIFTY_GOLD","is_daily":false,"chose_seed":false,"campfire_upgraded":1,"win_rate":0.0,"timestamp":1608850871,"path_taken":["M","M","?","$","M","R","E","R","T","E"],"items_purchased_type":["Card"],"build_version":"2020-12-22","purchased_purges":1,"victory":false,"max_hp_per_floor":[68,68,68,68,68,68,68,68,68,68,68],"relic_stats":{"counters":[6,30],"obtain_stats":[{"Anchor":9,"Bag of Marbles":7,"Burning Blood":0},{"Anchor":5,"Bag of Marbles":5,"Burning Blood":0},{"Anchor":25,"Bag of Marbles":25,"Burning Blood":0}],"Burning Blood":30},"card_choices":[{"not_picked":["Iron Wave","Warcry"],"picked":"Inflame","floor":1.0},{"not_picked":["True Grit","Body Slam"],"picked":"Armaments","floor":2.0},{"not_picked":["Searing Blow","Pummel"],"picked":"Evolve","floor":3.0},{"not_picked":["Clash","Sentinel"],"picked":"Hemokinesis","floor":5.0}],"player_experience":3253683,"relics_obtained":[{"floor":7,"key":"Bag of Marbles"},{"floor":9,"key":"Anchor"}],"event_choices":[],"is_beta":false,"boss_relics":[],"items_purged_floors":[4],"is_endless":false,"potions_floor_spawned":[1,3],"killed_by":"Lagavulin","ascension_level":20}}