{"host":"zh06ha8197vgjo02","time":1608806686,"event":{"mods":["AchievementEnabler","Arknights The Spire","BaseMod","Better Skull","CapriCore","DeckTracker","GifTheSpireLib","Hermit","Koishi","Marisa£¨Ùöéë¡¡Øª×âÞÞ£©","Minty Spire (QoL Compilation)","Reimu£¨ÚÏ???£©","StSLib","SuperFastMode","Td1madao Mod","The Bug Knight","The Cursed","The Dragon Tamer","The Immortal","TheBandit","WarShipGirlsR/??á´Ò³R mod"],"gold_per_floor":[110,110,126,126,141,169,181,221,256,281,293,315,327,415,427,537,549,581,593,605,634,661,706,718,748,760,772,800,812,837,256,256,357,357,372,383,343,362,407,407,407,9,9,25,37,69,88,104,104,104],"floor_reached":51,"playtime":3064,"items_purged":[],"score":838,"play_id":"c8f60360-2313-4f20-9166-54b64450a6eb","local_time":"20201224194446","is_ascension_mode":false,"metric_token":1375,"campfire_choices":[{"data":"DTMod:Training","floor":7,"key":"SMITH"},{"floor":11,"key":"REST"},{"data":"DTMod:SwitchingTactic","floor":13,"key":"SMITH"},{"data":"DTMod:Shift","floor":15,"key":"SMITH"},{"data":"DTMod:Harmonize","floor":24,"key":"SMITH"},{"floor":29,"key":"REST"},{"floor":32,"key":"REST"},{"data":"Apotheosis","floor":40,"key":"SMITH"},{"floor":49,"key":"REST"}],"dtmod_dragon_data":[25,50,3,3,6,2],"circlet_count":0,"master_deck":["DTMod:Strike","DTMod:Strike","DTMod:Strike","DTMod:DoubleHit","DTMod:TargetDefense","DTMod:TargetDefense","DTMod:TargetDefense","DTMod:TargetDefense","DTMod:SwitchingTactic+1","DTMod:Feint","DTMod:Shift+1","DTMod:Dissolve","DTMod:Training+1","DTMod:Overwhelm","DTMod:ComboAttack","DTMod:Harmonize+1","DTMod:FlameSlash","DTMod:ComboAttack","DTMod:Training+1","DTMod:Safeguard+1","DTMod:ComboAttack","DTMod:Training+1","Apotheosis+1","DTMod:DragonDance+1","DTMod:ComboAttack","DTMod:HeadStart","DTMod:WarmUp+1","DTMod:MasterPlan+1","DTMod:WarmUp+1","DTMod:ComboAttack","DTMod:Haste+1","DTMod:ShieldDrain+1"],"relics":["DTMod:PactStone","NeowsBlessing","ats:Originium","MawBank","ats:Originium","Boot","Omamori","Singing Bowl","Calling Bell","Potion Belt","InkBottle","Torii","Frozen Egg 2","Darkstone Periapt","ats:Originium","CaptainsWheel","Letter Opener","Thread and Needle","DTMod:TheChair","Prayer Wheel","Art of War","Cauldron","Smiling Mask","ats:Originium","Bottled Lightning"],"acts_visited":["Exordium","TheCity","TheBeyond"],"potions_floor_usage":[12,23,33,33,33,38,39,39,41,44,46,46,47,48,50,50],"damage_taken":[{"damage":0,"enemies":"2 Louse","floor":1,"turns":1},{"damage":0,"enemies":"Cultist","floor":3,"turns":1},{"damage":0,"enemies":"Small Slimes","floor":5,"turns":2},{"damage":8,"enemies":"Lagavulin","floor":6,"turns":9},{"damage":17,"enemies":"HollowMod:MossKnight","floor":8,"turns":13},{"damage":0,"enemies":"Exordium Wildlife","floor":10,"turns":5},{"damage":0,"enemies":"Lots of Slimes","floor":12,"turns":5},{"damage":30,"enemies":"Slime Boss","floor":16,"turns":18},{"damage":5,"enemies":"Shell Parasite","floor":18,"turns":7},{"damage":1,"enemies":"Chosen","floor":21,"turns":5},{"damage":0,"enemies":"Snake Plant","floor":22,"turns":5},{"damage":5,"enemies":"Gremlin Leader","floor":23,"turns":9},{"damage":1,"enemies":"Cultist and Chosen","floor":25,"turns":5},{"damage":0,"enemies":"3 Cultists","floor":28,"turns":6},{"damage":0,"enemies":"Chosen and Byrds","floor":30,"turns":4},{"damage":36,"enemies":"Automaton","floor":33,"turns":13},{"damage":1,"enemies":"Orb Walker","floor":35,"turns":4},{"damage":0,"enemies":"3 Shapes","floor":36,"turns":4},{"damage":0,"enemies":"Spire Growth","floor":38,"turns":4},{"damage":1,"enemies":"2 Orb Walkers","floor":39,"turns":7},{"damage":0,"enemies":"Jaw Worm Horde","floor":41,"turns":1},{"damage":0,"enemies":"Spire Growth","floor":44,"turns":4},{"damage":0,"enemies":"Writhing Mass","floor":45,"turns":4},{"damage":0,"enemies":"Reptomancer","floor":46,"turns":4},{"damage":0,"enemies":"4 Shapes","floor":47,"turns":5},{"damage":2,"enemies":"Sphere and 2 Shapes","floor":48,"turns":4},{"damage":28,"enemies":"Time Eater","floor":50,"turns":12}],"seed_played":"-4370511797715346892","potions_obtained":[{"floor":5,"key":"Regen Potion"},{"floor":16,"key":"FearPotion"},{"floor":21,"key":"GamblersBrew"},{"floor":22,"key":"Ancient Potion"},{"floor":25,"key":"SmokeBomb"},{"floor":30,"key":"GamblersBrew"},{"floor":37,"key":"SmokeBomb"},{"floor":37,"key":"Weak Potion"},{"floor":37,"key":"DistilledChaos"},{"floor":38,"key":"Weak Potion"},{"floor":42,"key":"MagicPotion:ReiMu"},{"floor":42,"key":"Regen Potion"},{"floor":42,"key":"Weak Potion"},{"floor":42,"key":"PowerPotion"},{"floor":44,"key":"AttackPotion"},{"floor":47,"key":"Dexterity Potion"},{"floor":48,"key":"Weak Potion"}],"is_trial":false,"path_per_floor":["M","?","M","?","M","E","R","E","T","M","R","M","R","T","R","B",null,"M","T","?","M","M","E","R","M","T","?","M","R","M","$","R","B",null,"M","M","?","M","?","R","M","$","T","M","M","E","M","M","R","B",null],"character_chosen":"THE_DT","items_purchased":["Apotheosis","DTMod:DragonDance+1","DTMod:ComboAttack","Thread and Needle","DTMod:WarmUp+1","DTMod:ComboAttack","Art of War","Cauldron"],"campfire_rested":4,"item_purchase_floors":[31,31,31,31,42,42,42,42],"current_hp_per_floor":[45,45,45,38,38,30,30,13,13,13,26,40,40,40,40,10,45,40,40,40,39,41,36,36,37,37,37,37,49,49,49,49,13,49,48,48,48,50,51,51,51,51,51,53,57,59,63,63,67,39],"gold":104,"neow_bonus":"THREE_ENEMY_KILL","is_daily":false,"chose_seed":false,"campfire_upgraded":5,"win_rate":0.0,"timestamp":1608806686,"path_taken":["M","?","?","?","M","E","R","E","T","M","R","M","R","?","R","BOSS","M","?","?","?","?","E","R","M","T","?","M","R","M","$","R","BOSS","M","M","?","?","?","R","M","$","T","M","M","E","M","M","R","BOSS"],"items_purchased_type":["Card","Card","Card","Relic","Card","Card","Relic","Relic"],"build_version":"2020-12-22","purchased_purges":0,"victory":true,"max_hp_per_floor":[45,45,45,45,45,45,45,45,45,45,45,45,45,45,45,45,45,45,45,45,45,47,47,47,49,49,49,49,49,49,49,49,49,49,49,49,49,51,53,53,53,53,53,55,59,61,65,67,67,67],"card_choices":[{"not_picked":["DTMod:Dissolve","DTMod:Threaten"],"picked":"DTMod:Feint","floor":1},{"not_picked":["DTMod:Punisher","DTMod:BreakAttack"],"picked":"DTMod:Shift","floor":3},{"not_picked":["DTMod:CleansingStrike","DTMod:BlazingStrike"],"picked":"DTMod:Dissolve","floor":5},{"not_picked":["DTMod:MagicField","DTMod:Cover"],"picked":"DTMod:Training","floor":6},{"not_picked":["DTMod:BuildUp","DTMod:HeatWave","DTMod:Threaten"],"picked":"SKIP","floor":8},{"not_picked":["DTMod:CalculatedDefense","DTMod:CleansingStrike"],"picked":"DTMod:Overwhelm","floor":10},{"not_picked":["DTMod:MagicField","DTMod:MasterPlan"],"picked":"DTMod:ComboAttack","floor":12},{"not_picked":["DTMod:RepeatStrike","DTMod:HeadStart"],"picked":"DTMod:Harmonize","floor":16},{"not_picked":["DTMod:BurningForce","DTMod:CalculatedDefense"],"picked":"DTMod:FlameSlash","floor":18},{"not_picked":["DTMod:MagicField","DTMod:Punisher+1"],"picked":"DTMod:ComboAttack","floor":21},{"not_picked":["DTMod:Hide+1","DTMod:Punisher","DTMod:LastStand+1"],"picked":"Singing Bowl","floor":22},{"not_picked":["DTMod:TagTeam+1","DTMod:BuildUp"],"picked":"DTMod:Training+1","floor":23},{"not_picked":["DTMod:MagicField","DTMod:BuildUp","DTMod:LastStand"],"picked":"Singing Bowl","floor":25},{"not_picked":["DTMod:QuickFly","DTMod:Punisher+1"],"picked":"DTMod:ComboAttack","floor":28},{"not_picked":["DTMod:Shift","DTMod:Overwhelm"],"picked":"DTMod:Training+1","floor":30},{"not_picked":["DTMod:Outburst","DTMod:Safeguard+1"],"picked":"DTMod:HeadStart","floor":33},{"not_picked":["DTMod:Hide","DTMod:TagTeam"],"picked":"DTMod:WarmUp+1","floor":35},{"not_picked":["DTMod:Punisher","DTMod:BuildUp"],"picked":"DTMod:MasterPlan+1","floor":36},{"not_picked":["DTMod:BizarreTactic","DTMod:MagicField","DTMod:FlameSlash"],"picked":"Singing Bowl","floor":38},{"not_picked":["DTMod:LastStand+1","DTMod:FlameSlash","DTMod:Punisher+1"],"picked":"Singing Bowl","floor":39},{"not_picked":["DTMod:Punisher+1","DTMod:Threaten","DTMod:Conduct+1"],"picked":"Singing Bowl","floor":44},{"not_picked":["DTMod:Adaptation+1","DTMod:BlueScale"],"picked":"DTMod:Haste+1","floor":44},{"not_picked":["DTMod:FierySynthesis","DTMod:BreakAttack+1","DTMod:RunningTactic"],"picked":"Singing Bowl","floor":45},{"not_picked":["DTMod:HeatWave+1","DTMod:MagiciansMark+1","DTMod:Weaken+1"],"picked":"Singing Bowl","floor":45},{"not_picked":["DTMod:BlazingStrike","DTMod:LowKick","DTMod:Punisher"],"picked":"Singing Bowl","floor":46},{"not_picked":["DTMod:HeatWave","DTMod:Hide","DTMod:Conduct+1"],"picked":"Singing Bowl","floor":47},{"not_picked":["DTMod:Feint","DTMod:Cover+1","DTMod:Observe"],"picked":"Singing Bowl","floor":47},{"not_picked":["DTMod:BuildUp+1","DTMod:HeatWave+1","DTMod:Hide+1"],"picked":"Singing Bowl","floor":48},{"not_picked":["DTMod:Weaken+1","DTMod:ShieldDrain+1","DTMod:MasterPlan+1"],"picked":"SKIP","floor":48},{"not_picked":["DTMod:Weaken+1","DTMod:MasterPlan+1"],"picked":"DTMod:ShieldDrain+1","floor":48}],"player_experience":742519,"relics_obtained":[{"floor":6,"key":"ats:Originium"},{"floor":6,"key":"MawBank"},{"floor":8,"key":"ats:Originium"},{"floor":8,"key":"Boot"},{"floor":9,"key":"Omamori"},{"floor":14,"key":"Singing Bowl"},{"floor":17,"key":"Potion Belt"},{"floor":17,"key":"InkBottle"},{"floor":17,"key":"Torii"},{"floor":19,"key":"Frozen Egg 2"},{"floor":23,"key":"ats:Originium"},{"floor":23,"key":"CaptainsWheel"},{"floor":26,"key":"Letter Opener"},{"floor":39,"key":"Prayer Wheel"},{"floor":43,"key":"Smiling Mask"},{"floor":46,"key":"ats:Originium"},{"floor":46,"key":"Bottled Lightning"}],"event_choices":[{"damage_healed":0,"gold_gain":0,"player_choice":"Ignored","damage_taken":0,"max_hp_gain":0,"max_hp_loss":0,"event_name":"NoteForYourself","floor":2,"gold_loss":0},{"cards_removed":["DTMod:Strike"],"damage_healed":0,"gold_gain":0,"player_choice":"Card Removal","damage_taken":7,"max_hp_gain":0,"max_hp_loss":0,"event_name":"Golden Wing","floor":4,"gold_loss":0},{"damage_healed":0,"gold_gain":0,"player_choice":"Opened","damage_taken":0,"relics_obtained":["Darkstone Periapt"],"max_hp_gain":0,"max_hp_loss":0,"event_name":"The Mausoleum","floor":20,"gold_loss":0},{"damage_healed":0,"gold_gain":0,"player_choice":"Read","damage_taken":0,"max_hp_gain":0,"max_hp_loss":0,"event_name":"The Library","floor":27,"gold_loss":0,"cards_obtained":["DTMod:Safeguard"]},{"damage_healed":0,"gold_gain":0,"player_choice":"Bought 3 Potions","damage_taken":0,"max_hp_gain":0,"max_hp_loss":0,"event_name":"The Woman in Blue","floor":37,"gold_loss":0},{"damage_healed":0,"gold_gain":0,"player_choice":"Fight","damage_taken":0,"max_hp_gain":0,"max_hp_loss":0,"event_name":"Mysterious Sphere","floor":39,"gold_loss":0}],"is_beta":false,"boss_relics":[{"not_picked":["Sozu","Velvet Choker"],"picked":"Calling Bell"},{"not_picked":["Philosopher\u0027s Stone","Snecko Eye"],"picked":"DTMod:TheChair"}],"items_purged_floors":[],"is_endless":false,"potions_floor_spawned":[5,16,21,22,25,30,38,41,44,47,48],"ascension_level":0}}