{"host":"6ko66ogg91i6g7xq","time":1608798580,"event":{"mods":["AchievementEnabler","Act Like it!","BaseMod","Colored Map","Colored Powertips","Downfall","Hermit","Minty Spire (QoL Compilation)","Quick Restart","Relic Stats","StSLib","The Jungle","everything is the same but u backflip on backflip"],"gold_per_floor":[119,135,135,61,61,95,95,114,138,168,168,186,62,100,100,205,205,216,80,80,94,108,149,149,192,242,242,286,286,286],"floor_reached":29,"playtime":1028,"items_purged":[],"score":319,"play_id":"af9acd64-0aba-4fb1-bde1-666d51c050ca","local_time":"20201224032940","is_ascension_mode":true,"campfire_choices":[{"floor":7,"key":"RECALL"},{"data":"Noxious Fumes","floor":11,"key":"SMITH"},{"floor":15,"key":"REST"},{"floor":24,"key":"REST"},{"floor":27,"key":"REST"}],"circlet_count":0,"master_deck":["Strike_G","Strike_G","Strike_G","Strike_G","Strike_G","Defend_G","Defend_G","Defend_G","Defend_G","Defend_G","Survivor","Neutralize","Accuracy","Accuracy","Noxious Fumes+1","Blur","Backstab","Cloak And Dagger","Glass Knife","Blade Dance","Phantasmal Killer","Terror","Infinite Blades","Phantasmal Killer","Blade Dance","Die Die Die"],"relics":["Ring of the Snake","NeowsBlessing","Bronze Scales","Ancient Tea Set","Pantograph","CeramicFish","SlaversCollar","MutagenicStrength","Sundial","Paper Crane","Red Mask"],"acts_visited":["Exordium","TheCity"],"potions_floor_usage":[10,16,21,23,25],"damage_taken":[{"damage":0,"enemies":"2 Louse","floor":1,"turns":1},{"damage":0,"enemies":"Jaw Worm","floor":2,"turns":1},{"damage":0,"enemies":"Lagavulin","floor":6,"turns":1},{"damage":0,"enemies":"Small Slimes","floor":8,"turns":4},{"damage":23,"enemies":"3 Sentries","floor":10,"turns":7},{"damage":7,"enemies":"Looter","floor":12,"turns":5},{"damage":16,"enemies":"Gremlin Nob","floor":14,"turns":4},{"damage":18,"enemies":"The Guardian","floor":16,"turns":8},{"damage":19,"enemies":"Chosen","floor":18,"turns":6},{"damage":4,"enemies":"2 Thieves","floor":21,"turns":3},{"damage":28,"enemies":"Sentry and Sphere","floor":22,"turns":5},{"damage":6,"enemies":"Book of Stabbing","floor":23,"turns":2},{"damage":33,"enemies":"Slavers","floor":25,"turns":5},{"damage":9,"enemies":"Masked Bandits","floor":28,"turns":3},{"damage":1,"enemies":"Book of Stabbing","floor":29,"turns":2}],"seed_played":"5096343495231081308","potions_obtained":[{"floor":2,"key":"champ:CounterPotion"},{"floor":8,"key":"Poison Potion"},{"floor":10,"key":"Dexterity Potion"},{"floor":14,"key":"SteroidPotion"},{"floor":18,"key":"SteroidPotion"},{"floor":28,"key":"FearPotion"}],"is_trial":false,"path_per_floor":["M","M","?","$","?","E","R","M","T","E","R","M","$","E","R","B",null,"M","$","?","M","M","E","R","E","T","R","?","E"],"character_chosen":"THE_SILENT","items_purchased":["Noxious Fumes","Cloak And Dagger","Glass Knife","Terror","Infinite Blades"],"campfire_rested":3,"item_purchase_floors":[4,13,13,19,19],"current_hp_per_floor":[70,70,70,70,70,70,70,70,70,47,47,40,40,24,45,52,70,51,51,51,47,19,13,34,1,1,22,13,12,12],"gold":286,"neow_bonus":"THREE_ENEMY_KILL","is_daily":false,"chose_seed":false,"campfire_upgraded":1,"win_rate":0.0,"timestamp":1608798580,"path_taken":["M","M","?","$","?","E","R","M","T","E","R","M","?","E","R","BOSS","M","$","?","M","M","E","R","E","T","R","?","E"],"items_purchased_type":["Card","Card","Card","Card","Card"],"build_version":"2020-12-22","purchased_purges":0,"victory":false,"max_hp_per_floor":[70,70,70,70,70,70,70,70,70,70,70,70,70,70,70,70,70,70,70,70,70,70,70,70,70,70,70,70,70,70],"relic_stats":{"counters":[15,57],"Sundial":[0],"Bronze Scales":[126],"Pantograph":25,"CeramicFish":63,"obtain_stats":[{"SlaversCollar":17,"NeowsBlessing":0,"Sundial":23,"Bronze Scales":6,"Pantograph":10,"CeramicFish":14,"MutagenicStrength":20,"Red Mask":28,"Paper Crane":25,"Ancient Tea Set":9,"Ring of the Snake":0},{"SlaversCollar":8,"NeowsBlessing":0,"Sundial":12,"Bronze Scales":3,"Pantograph":5,"CeramicFish":7,"MutagenicStrength":9,"Red Mask":14,"Paper Crane":13,"Ancient Tea Set":4,"Ring of the Snake":0},{"SlaversCollar":31,"NeowsBlessing":0,"Sundial":47,"Bronze Scales":3,"Pantograph":14,"CeramicFish":23,"MutagenicStrength":37,"Red Mask":55,"Paper Crane":52,"Ancient Tea Set":7,"Ring of the Snake":0}],"Ring of the Snake":[30]},"card_choices":[{"not_picked":["Slice","Deflect"],"picked":"Accuracy","floor":1},{"not_picked":["Dagger Spray","Poisoned Stab"],"picked":"Accuracy","floor":2},{"not_picked":["Quick Slash","Poisoned Stab","A Thousand Cuts"],"picked":"SKIP","floor":6},{"not_picked":["Reflex","Calculated Gamble","Deflect"],"picked":"SKIP","floor":8},{"not_picked":["Dodge and Roll","Prepared"],"picked":"Blur","floor":10},{"not_picked":["Quick Slash","Deflect"],"picked":"Backstab","floor":12},{"not_picked":["Outmaneuver","Finisher"],"picked":"Blade Dance","floor":14},{"not_picked":["Venomology","Burst"],"picked":"Phantasmal Killer","floor":16},{"not_picked":["Flechettes","Slice+1","Quick Slash"],"picked":"SKIP","floor":18},{"not_picked":["Dagger Throw","Deflect","Underhanded Strike"],"picked":"SKIP","floor":21},{"not_picked":["Bane+1","Flying Knee","Deadly Poison"],"picked":"SKIP","floor":22},{"not_picked":["Backflip","Poisoned Stab"],"picked":"Phantasmal Killer","floor":23},{"not_picked":["Flechettes","Heel Hook+1"],"picked":"Blade Dance","floor":25},{"not_picked":["Quick Slash","Sucker Punch"],"picked":"Die Die Die","floor":28}],"player_experience":252842,"relics_obtained":[{"floor":6,"key":"Bronze Scales"},{"floor":9,"key":"Ancient Tea Set"},{"floor":10,"key":"Pantograph"},{"floor":14,"key":"CeramicFish"},{"floor":23,"key":"Sundial"},{"floor":25,"key":"Paper Crane"},{"floor":28,"key":"Red Mask"}],"event_choices":[{"damage_healed":0,"gold_gain":0,"player_choice":"Leave","damage_taken":0,"max_hp_gain":0,"max_hp_loss":0,"event_name":"The Cleric","floor":3,"gold_loss":0},{"damage_healed":0,"gold_gain":0,"player_choice":"Ignored","damage_taken":0,"max_hp_gain":0,"max_hp_loss":0,"event_name":"Golden Wing","floor":5,"gold_loss":0},{"damage_healed":0,"gold_gain":0,"player_choice":"Inject Mutagens","damage_taken":0,"relics_obtained":["MutagenicStrength"],"max_hp_gain":0,"max_hp_loss":0,"event_name":"Drug Dealer","floor":20,"gold_loss":0},{"damage_healed":0,"gold_gain":0,"player_choice":"Fought Bandits","damage_taken":0,"max_hp_gain":0,"max_hp_loss":0,"event_name":"Masked Bandits","floor":28,"gold_loss":0}],"is_beta":false,"boss_relics":[{"not_picked":["Tiny House","Coffee Dripper"],"picked":"SlaversCollar"}],"items_purged_floors":[],"is_endless":false,"potions_floor_spawned":[2,8,10,14,18,28],"killed_by":"Book of Stabbing","ascension_level":1}}