{"host":"d2jar2fx86jc1ekr","time":1608817820,"event":{"mods":["AchievementEnabler","BaseMod","Colored Map","DeckTracker","Minty Spire (QoL Compilation)","StSLib","SuperFastMode","everything is the same but u backflip on backflip"],"gold_per_floor":[216,228,228,153,172,97,97,122,122,138,138,138,152,176,176,176,176],"floor_reached":16,"playtime":288,"items_purged":["Defend_P"],"score":183,"play_id":"2db7179f-ea7f-4476-9663-159220a2c894","local_time":"20201224225020","is_ascension_mode":true,"campfire_choices":[{"data":"Eruption","floor":7.0,"key":"SMITH"},{"data":"Adaptation","floor":11.0,"key":"SMITH"},{"data":"Meditate","floor":15.0,"key":"SMITH"}],"circlet_count":0,"master_deck":["AscendersBane","Strike_P","Strike_P","Strike_P","Defend_P","Defend_P","Eruption+1","Vigilance","EmptyFist","Adaptation+1","Meditate+1","CrushJoints","FearNoEvil","LessonLearned"],"relics":["PureWater","Golden Idol","Bag of Marbles"],"acts_visited":["Exordium"],"potions_floor_usage":[16],"damage_taken":[{"damage":11.0,"enemies":"Small Slimes","floor":1.0,"turns":4.0},{"damage":3.0,"enemies":"2 Louse","floor":2.0,"turns":3.0},{"damage":1.0,"enemies":"Cultist","floor":5.0,"turns":3.0},{"damage":12.0,"enemies":"Exordium Thugs","floor":8.0,"turns":4.0},{"damage":0.0,"enemies":"Large Slime","floor":10.0,"turns":1.0},{"damage":4.0,"enemies":"2 Fungi Beasts","floor":13.0,"turns":2.0},{"damage":5.0,"enemies":"Gremlin Gang","floor":14.0,"turns":3.0},{"damage":25,"enemies":"Hexaghost","floor":16,"turns":7}],"seed_played":"-6512544200471032564","potions_obtained":[{"floor":2.0,"key":"Weak Potion"},{"floor":10.0,"key":"BottledMiracle"}],"is_trial":false,"path_per_floor":["M","M","?","$","M","?","R","M","T","M","R","?","M","M","R","B"],"character_chosen":"WATCHER","items_purchased":[],"campfire_rested":0,"item_purchase_floors":[],"current_hp_per_floor":[50,47,47,47,46,46,46,34,34,34,34,34,30,25,25,0,0],"gold":176,"neow_bonus":"HUNDRED_GOLD","is_daily":false,"chose_seed":false,"campfire_upgraded":3,"win_rate":0.0,"timestamp":1608817820,"path_taken":["M","M","?","$","M","?","R","M","T","M","R","?","M","?","R","BOSS"],"items_purchased_type":[],"build_version":"2020-12-22","purchased_purges":1,"victory":false,"max_hp_per_floor":[68,68,62,62,62,62,62,62,62,62,62,62,62,62,62,62,62],"card_choices":[{"not_picked":["Halt","SashWhip"],"picked":"EmptyFist","floor":1.0},{"not_picked":["PathToVictory","TalkToTheHand"],"picked":"Adaptation","floor":2.0},{"not_picked":["EmptyFist","Prostrate"],"picked":"Meditate","floor":5.0},{"not_picked":["BattleHymn","FlyingSleeves"],"picked":"CrushJoints","floor":8.0},{"not_picked":["Halt","Evaluate","CrushJoints"],"picked":"SKIP","floor":10.0},{"not_picked":["Prostrate","EmptyBody"],"picked":"FearNoEvil","floor":13.0},{"not_picked":["BowlingBash","Consecrate"],"picked":"LessonLearned","floor":14.0}],"player_experience":367403,"relics_obtained":[{"floor":9.0,"key":"Bag of Marbles"}],"event_choices":[{"damage_healed":0.0,"max_hp_gain":0.0,"max_hp_loss":6.0,"gold_gain":0.0,"event_name":"Golden Idol","player_choice":"Lose Max HP","floor":3.0,"gold_loss":0.0,"damage_taken":0.0,"relics_obtained":["Golden Idol"]},{"cards_removed":["Strike_P"],"damage_healed":0.0,"max_hp_gain":0.0,"max_hp_loss":0.0,"gold_gain":0.0,"event_name":"The Cleric","player_choice":"Card Removal","floor":6.0,"gold_loss":75.0,"damage_taken":0.0},{"cards_removed":["Defend_P"],"damage_healed":0.0,"max_hp_gain":0.0,"max_hp_loss":0.0,"gold_gain":0.0,"event_name":"Wheel of Change","player_choice":"Card Removal","floor":12.0,"gold_loss":0.0,"damage_taken":0.0}],"is_beta":false,"boss_relics":[],"items_purged_floors":[4],"is_endless":false,"potions_floor_spawned":[2,10],"killed_by":"Hexaghost","ascension_level":19}}