{"host":"mqhvlr3kpxebko0t","time":1608778282,"event":{"mods":["AchievementEnabler","BaseMod","Colored Map","Keyboard Shortcuts","Minty Spire (QoL Compilation)","StSLib","SuperFastMode"],"gold_per_floor":[110,35,35,46,56,56,56,71,120,120,130,130,161,188,188,260,260,278,278,306,306,130,130,148,72,127,127,127],"floor_reached":27,"playtime":475,"items_purged":["Strike_B","Strike_B"],"score":366,"play_id":"e3c7d089-dd2b-4890-aae1-e170fa787425","local_time":"20201224115122","is_ascension_mode":true,"campfire_choices":[{"data":"Biased Cognition","floor":6.0,"key":"SMITH"},{"data":"Go for the Eyes","floor":10.0,"key":"SMITH"},{"data":"Capacitor","floor":12.0,"key":"SMITH"},{"data":"Recycle","floor":15.0,"key":"SMITH"},{"data":"Static Discharge","floor":23.0,"key":"SMITH"}],"circlet_count":0,"master_deck":["AscendersBane","Defend_B","Defend_B","Defend_B","Defend_B","Zap+1","Dualcast","Cold Snap","Biased Cognition+1","Conserve Battery","Ball Lightning","Go for the Eyes+1","All For One","Capacitor+1","Recycle+1","Thunder Strike","Buffer","Buffer","Static Discharge+1","White Noise","Defragment"],"relics":["FrozenCore","NeowsBlessing","Bag of Preparation","DataDisk","Odd Mushroom","Red Mask","Omamori"],"acts_visited":["Exordium","TheCity"],"potions_floor_usage":[27,27],"damage_taken":[{"damage":0.0,"enemies":"2 Louse","floor":1.0,"turns":1.0},{"damage":0.0,"enemies":"Cultist","floor":4.0,"turns":1.0},{"damage":0.0,"enemies":"Small Slimes","floor":5.0,"turns":1.0},{"damage":11.0,"enemies":"Gremlin Gang","floor":8.0,"turns":4.0},{"damage":6.0,"enemies":"3 Louse","floor":11.0,"turns":2.0},{"damage":19.0,"enemies":"3 Sentries","floor":13.0,"turns":8.0},{"damage":10.0,"enemies":"The Mushroom Lair","floor":14.0,"turns":3.0},{"damage":16.0,"enemies":"Slime Boss","floor":16.0,"turns":9.0},{"damage":4.0,"enemies":"Chosen","floor":18.0,"turns":4.0},{"damage":35.0,"enemies":"Masked Bandits","floor":20.0,"turns":6.0},{"damage":0.0,"enemies":"Shell Parasite","floor":24.0,"turns":6.0},{"damage":28,"enemies":"Gremlin Leader","floor":27,"turns":4}],"seed_played":"8811492298057877901","potions_obtained":[{"floor":5.0,"key":"Regen Potion"},{"floor":8.0,"key":"Swift Potion"},{"floor":13.0,"key":"GamblersBrew"},{"floor":24.0,"key":"Fire Potion"}],"is_trial":false,"path_per_floor":["M","$","?","M","M","R","?","M","T","R","M","R","E","?","R","B",null,"M","?","?","?","$","R","M","$","T","E"],"character_chosen":"DEFECT","items_purchased":["Static Discharge","Defragment"],"campfire_rested":0,"item_purchase_floors":[22,25],"current_hp_per_floor":[64,64,64,64,64,64,64,65,65,65,59,59,40,30,30,14,57,53,53,18,18,18,18,18,18,18,0,0],"gold":127,"neow_bonus":"THREE_ENEMY_KILL","is_daily":false,"chose_seed":false,"campfire_upgraded":5,"win_rate":0.0,"timestamp":1608778282,"path_taken":["M","$","?","?","M","R","?","M","T","R","?","R","E","?","R","BOSS","M","?","?","?","$","R","M","$","T","E"],"items_purchased_type":["Card","Card"],"build_version":"2020-12-22","purchased_purges":2,"victory":false,"max_hp_per_floor":[71,71,71,71,71,71,71,71,71,71,71,71,71,71,71,71,71,71,71,71,71,71,71,71,71,71,71,71],"card_choices":[{"not_picked":["Go for the Eyes","Beam Cell"],"picked":"Cold Snap","floor":1.0},{"not_picked":["Gash","Melter"],"picked":"Ball Lightning","floor":4.0},{"not_picked":["Darkness","Steam"],"picked":"Go for the Eyes","floor":5.0},{"not_picked":["Gash","Steam Power"],"picked":"All For One","floor":8.0},{"not_picked":["Barrage","Steam"],"picked":"Capacitor","floor":11.0},{"not_picked":["Rebound","Melter"],"picked":"Recycle","floor":13.0},{"not_picked":["Hyperbeam","Creative AI"],"picked":"Thunder Strike","floor":16.0},{"not_picked":["Turbo","Cold Snap","Rebound"],"picked":"SKIP","floor":18.0},{"not_picked":["Hologram","Gash"],"picked":"White Noise","floor":24.0}],"player_experience":681049,"relics_obtained":[{"floor":9.0,"key":"Bag of Preparation"},{"floor":13.0,"key":"DataDisk"},{"floor":14.0,"key":"Odd Mushroom"},{"floor":20.0,"key":"Red Mask"},{"floor":26.0,"key":"Omamori"}],"event_choices":[{"damage_healed":0.0,"max_hp_gain":0.0,"max_hp_loss":0.0,"gold_gain":0.0,"event_name":"Match and Keep!","player_choice":"2 cards matched","floor":3.0,"gold_loss":0.0,"damage_taken":0.0,"cards_obtained":["Biased Cognition","Conserve Battery"]},{"damage_healed":0.0,"max_hp_gain":0.0,"max_hp_loss":0.0,"gold_gain":0.0,"event_name":"Accursed Blacksmith","player_choice":"Forge","floor":7.0,"gold_loss":0.0,"damage_taken":0.0,"cards_upgraded":["Zap"]},{"damage_healed":0.0,"max_hp_gain":0.0,"max_hp_loss":0.0,"gold_gain":0.0,"event_name":"Mushrooms","player_choice":"Fought Mushrooms","floor":14.0,"gold_loss":0.0,"damage_taken":0.0},{"damage_healed":0.0,"max_hp_gain":0.0,"max_hp_loss":0.0,"gold_gain":0.0,"cards_transformed":["Strike_B","Strike_B"],"event_name":"Drug Dealer","player_choice":"Became Test Subject","floor":19.0,"gold_loss":0.0,"damage_taken":0.0,"cards_obtained":["Buffer","Buffer"]},{"damage_healed":0.0,"max_hp_gain":0.0,"max_hp_loss":0.0,"gold_gain":0.0,"event_name":"Masked Bandits","player_choice":"Fought Bandits","floor":20.0,"gold_loss":0.0,"damage_taken":0.0},{"damage_healed":0.0,"max_hp_gain":0.0,"max_hp_loss":0.0,"gold_gain":0.0,"event_name":"Ghosts","player_choice":"Ignored","floor":21.0,"gold_loss":0.0,"damage_taken":0.0}],"is_beta":false,"boss_relics":[{"not_picked":["Philosopher\u0027s Stone","Tiny House"],"picked":"FrozenCore"}],"items_purged_floors":[2,22],"is_endless":false,"potions_floor_spawned":[5,8,13,20,24],"killed_by":"Gremlin Leader","ascension_level":15}}