{"host":"63rwe7p34ct1i0qu","time":1608851346,"event":{"mods":["BaseMod","Colored Map","DeckTracker","Minty Spire (QoL Compilation)","Permanent Neow","Quick Restart","StSLib"],"gold_per_floor":[110,185,205,205,205,205,21,21,21,21,21,35,35,56,56,185,185,199,199,218,232,232,232],"floor_reached":22,"playtime":543,"items_purged":["Strike_R"],"score":252,"play_id":"977ed9f8-8c82-404c-ad68-fce9d2ccb28f","local_time":"20201225080906","is_ascension_mode":true,"campfire_choices":[{"data":"Bash","floor":6,"key":"SMITH"},{"floor":8,"key":"REST"},{"data":"Offering","floor":11,"key":"SMITH"},{"data":"Body Slam","floor":15,"key":"SMITH"}],"circlet_count":0,"master_deck":["Strike_R","Strike_R","Strike_R","Strike_R","Defend_R","Defend_R","Defend_R","Defend_R","Bash+1","Offering+1","Shrug It Off","Battle Trance","Body Slam+1","Double Tap","Pommel Strike+1","Headbutt"],"relics":["Burning Blood","Golden Idol","StrikeDummy","Membership Card","Pantograph","Gremlin Horn","SlaversCollar"],"acts_visited":["Exordium","TheCity"],"potions_floor_usage":[16,16],"damage_taken":[{"damage":14,"enemies":"Jaw Worm","floor":1,"turns":2},{"damage":5,"enemies":"2 Louse","floor":3,"turns":4},{"damage":8,"enemies":"Small Slimes","floor":12,"turns":3},{"damage":7,"enemies":"Looter","floor":14,"turns":2},{"damage":44,"enemies":"Slime Boss","floor":16,"turns":7},{"damage":30,"enemies":"3 Byrds","floor":18,"turns":8},{"damage":27,"enemies":"Spheric Guardian","floor":20,"turns":5},{"damage":22,"enemies":"Cultist and Chosen","floor":21,"turns":6}],"seed_played":"-2242365579734527050","potions_obtained":[{"floor":12,"key":"GamblersBrew"},{"floor":14,"key":"Block Potion"},{"floor":21,"key":"ColorlessPotion"}],"is_trial":false,"path_per_floor":["M","?","M","?","?","R","$","R","T","?","R","M","T","M","R","B",null,"M","?","M","M","$"],"character_chosen":"IRONCLAD","items_purchased":["Membership Card"],"campfire_rested":1,"item_purchase_floors":[7],"current_hp_per_floor":[64,53,54,34,22,22,22,46,46,46,46,44,44,43,43,30,68,44,44,23,7,7,7],"gold":232,"neow_bonus":"THREE_RARE_CARDS","is_daily":false,"chose_seed":false,"campfire_upgraded":3,"win_rate":0.0,"timestamp":1608851346,"path_taken":["M","?","M","?","?","R","$","R","T","?","R","M","?","M","R","BOSS","M","?","M","M","$"],"items_purchased_type":["Relic"],"build_version":"2020-12-22","purchased_purges":1,"victory":false,"max_hp_per_floor":[80,80,80,80,80,80,80,80,80,80,80,80,80,80,80,80,80,80,80,80,80,80,80],"card_choices":[{"not_picked":["Double Tap","Limit Break"],"picked":"Offering","floor":0},{"not_picked":["True Grit","Twin Strike","Cleave"],"picked":"SKIP","floor":1},{"not_picked":["Pummel","Combust"],"picked":"Shrug It Off","floor":3},{"not_picked":["Heavy Blade","Headbutt"],"picked":"Battle Trance","floor":12},{"not_picked":["Wild Strike","Flex"],"picked":"Body Slam","floor":14},{"not_picked":["Fiend Fire","Limit Break"],"picked":"Double Tap","floor":16},{"not_picked":["Anger","Flex"],"picked":"Pommel Strike+1","floor":18},{"not_picked":["Twin Strike","Intimidate","Sentinel"],"picked":"SKIP","floor":20},{"not_picked":["Disarm","Offering"],"picked":"Headbutt","floor":21}],"player_experience":811049,"relics_obtained":[{"floor":9,"key":"Pantograph"},{"floor":13,"key":"Gremlin Horn"}],"event_choices":[{"damage_healed":0,"gold_gain":75,"player_choice":"Gather Gold","damage_taken":11,"max_hp_gain":0,"max_hp_loss":0,"event_name":"World of Goop","floor":2,"gold_loss":0},{"damage_healed":0,"gold_gain":0,"player_choice":"Take Damage","damage_taken":20,"relics_obtained":["Golden Idol"],"max_hp_gain":0,"max_hp_loss":0,"event_name":"Golden Idol","floor":4,"gold_loss":0},{"damage_healed":0,"gold_gain":0,"player_choice":"Success","damage_taken":12,"relics_obtained":["StrikeDummy"],"max_hp_gain":0,"max_hp_loss":0,"event_name":"Scrap Ooze","floor":5,"gold_loss":0},{"cards_removed":["Decay"],"damage_healed":0,"gold_gain":0,"player_choice":"Forget","damage_taken":0,"max_hp_gain":0,"max_hp_loss":0,"event_name":"Living Wall","floor":10,"gold_loss":0},{"damage_healed":0,"gold_gain":0,"player_choice":"Ignored","damage_taken":0,"max_hp_gain":0,"max_hp_loss":0,"event_name":"Ghosts","floor":19,"gold_loss":0}],"is_beta":false,"boss_relics":[{"not_picked":["Runic Dome","Philosopher\u0027s Stone"],"picked":"SlaversCollar"}],"items_purged_floors":[7],"is_endless":false,"potions_floor_spawned":[12,14,21],"ascension_level":9}}