{"host":"9d83omykrosjn1d3","time":1608821756,"event":{"mods":["AchievementEnabler","BaseMod","BetterRewards","Card Forge","Downfall","Hubris","MarisaÅiñ∂âJÅ@ñÇóùçπÅj","Minty Spire (QoL Compilation)","Permanent Neow","Shop Mod","StSLib","SuperFastMode","The Administrix","The Construct","The Servant 0.9.4"],"gold_per_floor":[115,65,65,65,92,121,121,155,178,211,238,271,303,333,333,430,430,430,430],"floor_reached":18,"playtime":624,"items_purged":[],"score":437,"play_id":"fe829004-0bf8-4f8e-b2f0-ff6c544b3be3","local_time":"20201224235556","daily_mods":["SealedDeck","Heirloom","Flight","downfall:Lament","DeadlyEvents","Elite Swarm"],"is_ascension_mode":false,"campfire_choices":[{"data":"ReturningBlade","floor":7,"key":"SMITH"},{"data":"ReturningBlade+1","floor":15,"key":"SMITH"}],"circlet_count":0,"master_deck":["ReturningBlade+2","TimeWarp","TimeWarp","Potential","DualDimension","BottledTime","BottledTime","BottledTime","Duplication+1","Initiator","TheWorld+1","TheWorld+1","FloweringNight","FlawlessForm"],"relics":["Uniform","Hammer of Thor","Seething Fire","Anvil of the Gods","NeowsBlessing","TungstenRod","Toxic Egg 2","Eternal Feather","MealTicket","Bag of Marbles","hubris:Metronome","Toy Ornithopter","hexamod:BolsterEngine","Bottled Lightning","Cursed Key"],"acts_visited":["Exordium","TheCity"],"potions_floor_usage":[],"damage_taken":[{"damage":0,"enemies":"Small Slimes","floor":1,"turns":1},{"damage":0,"enemies":"Gremlin Nob","floor":6,"turns":1},{"damage":0,"enemies":"3 Sentries","floor":8,"turns":1},{"damage":0,"enemies":"Gremlin Nob","floor":10,"turns":2},{"damage":0,"enemies":"Lagavulin","floor":11,"turns":1},{"damage":0,"enemies":"3 Sentries","floor":12,"turns":1},{"damage":0,"enemies":"Lagavulin","floor":13,"turns":1},{"damage":0,"enemies":"3 Sentries","floor":14,"turns":2},{"damage":0,"enemies":"Slime Boss","floor":16,"turns":1},{"damage":0,"enemies":"Spheric Guardian","floor":18,"turns":1}],"seed_played":"8452435081930978532","potions_obtained":[{"floor":1,"key":"Dexterity Potion"},{"floor":6,"key":"SteroidPotion"},{"floor":12,"key":"hexamod:EctoCoolerPotion"}],"is_trial":true,"path_per_floor":["M","?","$","?","T","E","R","E","T","E","E","E","E","E","R","B",null,"M"],"character_chosen":"THE_SERVANT","items_purchased":[],"campfire_rested":0,"item_purchase_floors":[],"current_hp_per_floor":[65,65,65,65,65,65,65,65,65,65,65,65,65,65,65,65,65,65,65],"gold":430,"neow_bonus":"","is_daily":false,"chose_seed":false,"campfire_upgraded":2,"win_rate":0.0,"timestamp":1608821756,"path_taken":["M","?","$","?","?","E","R","E","T","E","E","E","E","E","R","BOSS","M"],"items_purchased_type":[],"build_version":"2020-12-22","purchased_purges":0,"victory":false,"max_hp_per_floor":[65,65,65,65,65,65,65,65,65,65,65,65,65,65,65,65,65,65,65],"card_choices":[{"not_picked":["TimeWarp","Rearm","InstantArmor"],"picked":"SKIP","floor":1},{"not_picked":["PendulumOfEternity","LightFlow"],"picked":"Duplication+1","floor":6},{"not_picked":["PendulumOfEternity","ForgedInTime+1"],"picked":"Initiator","floor":8},{"not_picked":["Sunlight","KillingDoll"],"picked":"TheWorld+1","floor":10},{"not_picked":["MurderousAura","PendulumOfEternity"],"picked":"TheWorld+1","floor":11},{"not_picked":["MurderousAura","SilverMatrix"],"picked":"FloweringNight","floor":12},{"not_picked":["FloweringNight","KillingDoll"],"picked":"FlawlessForm","floor":13},{"not_picked":["FlawlessForm","SoulSculpture","TrueSight"],"picked":"SKIP","floor":14}],"player_experience":762044,"relics_obtained":[{"floor":6,"key":"Toxic Egg 2"},{"floor":8,"key":"Eternal Feather"},{"floor":9,"key":"MealTicket"},{"floor":10,"key":"Bag of Marbles"},{"floor":11,"key":"hubris:Metronome"},{"floor":12,"key":"Toy Ornithopter"},{"floor":13,"key":"hexamod:BolsterEngine"},{"floor":14,"key":"Bottled Lightning"}],"event_choices":[{"cards_removed":["Potential"],"damage_healed":0,"gold_gain":0,"player_choice":"Card Removal","damage_taken":0,"max_hp_gain":0,"max_hp_loss":0,"event_name":"The Cleric","floor":2,"gold_loss":50},{"damage_healed":0,"gold_gain":0,"player_choice":"Ignored","damage_taken":0,"max_hp_gain":0,"max_hp_loss":0,"event_name":"Liars Game","floor":4,"gold_loss":0}],"is_beta":false,"boss_relics":[{"not_picked":["hubris:VirtuousBlindfold","hubris:TerracottaHorce"],"picked":"Cursed Key"}],"items_purged_floors":[],"is_endless":false,"potions_floor_spawned":[1,6,12,13],"killed_by":"Spheric Guardian","ascension_level":0}}