{"host":"2i1pijcp2h7bc3zy","time":1608811479,"event":{"mods":["2.2 Compatiblity","Abigail Mod","Aspiration","Bartender","BaseMod","Beaked The Cultist","BetterRewards","CapriCore","Colored Map","Defuse TimeMaze Blight","Friendly Minions","Gold Saver","Hubris","Infinite Spire","Koishi","Magitek Elite","Minty Spire (QoL Compilation)","Permanent Neow","Random Character Button","Relic Filter","Relic Sorter","Remilia??????","Reorder Act Four","Replay The Spire","Shade Mod","Shop Mod","StSLib","The Administrix","The Immortal","The Necromancer","The Senshi","The Servant 0.9.4","The Witch","TheSwordswoman","????"],"gold_per_floor":[1086,1086,1098,1113,1113,1113,1147,1147,1170,1170,1170,1196,1196,1214,1214,1311,1311,1323,1340,1359,1373,1392,1420,1345,1345,1369,1378,1378,1396,1422,1432,1432,1620,1720,1842,1842,1973,2117,2270,2270,2450,2450,2450,2450,2626,2626,2814,3030,3030,3030,3030,2779,2779,2988,2988],"floor_reached":56,"playtime":2597,"items_purged":["Strike_L","Strike_L","Strike_L"],"score":3379,"play_id":"b6b4158b-5e4b-4041-a9d7-1d47bd5ba633","local_time":"20201224050439","is_ascension_mode":true,"campfire_choices":[{"data":"Fire2","floor":6,"key":"SMITH"},{"data":"Fire2","floor":8,"key":"SMITH"},{"floor":10,"key":"DIG"},{"data":"Poisona","floor":15,"key":"SMITH"},{"data":"Ultima","floor":25,"key":"SMITH"},{"data":"Blizzard_P","floor":32,"key":"SMITH"},{"data":"Blizzard_P","floor":40,"key":"SMITH"},{"data":"Deep Breath","floor":42,"key":"SMITH"},{"data":"Icebrand","floor":44,"key":"SMITH"},{"floor":49,"key":"RECALL"},{"floor":53,"key":"DIG"}],"circlet_count":0,"master_deck":["AscendersBane","Defend_L","Defend_L","Fire2+2","Cure","Rune_Blade","Poisona+1","Deep Breath+1","Magnus_Hat","Ultima+1","Drain","Blizzard_P+2","Icebrand+1","Dispel"],"relics":["Pendant","hubris:GlazedTorus","MerchantsRug","Shovel","Incense Burner","Blood Vial","Omamori","Du-Vu Doll","hubris:Reverence","Bag of Preparation","MealTicket","hubris:EvacipatedBox","Mercury Hourglass","aspiration:RandomNobGenerator","infinitespire:Cupcake","beaked:SacredNecklace","Ribbon","Prayer Wheel","Cleaning_Rag","Replay:Baseball","Medical Kit","Oddly Smooth Stone","aspiration:Lifesprig","infinitespire:EvilPickle","Replay:Wanted Poster","aspiration:FrozenJewel","aspiration:HummingbirdHeart","hubris:SlimyHat","Durian","Sundial","Iron Hammer"],"acts_visited":["Exordium","TheCity","TheBeyond","TheEnding"],"potions_floor_usage":[7,55,55],"damage_taken":[{"damage":5,"enemies":"Small Slimes","floor":1,"turns":4},{"damage":0,"enemies":"Cultist","floor":3,"turns":4},{"damage":9,"enemies":"Jaw Worm","floor":4,"turns":5},{"damage":8,"enemies":"Lagavulin","floor":7,"turns":5},{"damage":10,"enemies":"3 Sentries","floor":12,"turns":10},{"damage":13,"enemies":"Exordium Wildlife","floor":14,"turns":3},{"damage":35,"enemies":"Fading Forest","floor":16,"turns":11},{"damage":0,"enemies":"3 Byrds","floor":18,"turns":2},{"damage":25,"enemies":"Chosen","floor":19,"turns":6},{"damage":14,"enemies":"Snake Plant","floor":20,"turns":3},{"damage":0,"enemies":"3 Cultists","floor":21,"turns":2},{"damage":7,"enemies":"Cultist and Chosen","floor":22,"turns":2},{"damage":22,"enemies":"Slavers","floor":23,"turns":2},{"damage":0,"enemies":"Snake Plant","floor":29,"turns":1},{"damage":0,"enemies":"Gremlin Leader","floor":30,"turns":3},{"damage":0,"enemies":"3 Cultists","floor":31,"turns":2},{"damage":0,"enemies":"Pondfish","floor":33,"turns":6},{"damage":20,"enemies":"3 Shapes","floor":35,"turns":4},{"damage":0,"enemies":"Orb Walker","floor":37,"turns":1},{"damage":0,"enemies":"Transient","floor":38,"turns":5},{"damage":0,"enemies":"Jaw Worm Horde","floor":39,"turns":2},{"damage":0,"enemies":"Nightmare","floor":41,"turns":6},{"damage":0,"enemies":"Spire Growth","floor":45,"turns":2},{"damage":0,"enemies":"3 Darklings","floor":47,"turns":1},{"damage":0,"enemies":"Nemesis","floor":48,"turns":5},{"damage":33,"enemies":"hubris:GrandSnecko","floor":50,"turns":5},{"damage":0,"enemies":"Shield and Spear","floor":54,"turns":3},{"damage":0,"enemies":"The Heart","floor":55,"turns":7}],"seed_played":"3742857263201773679","potions_obtained":[{"floor":1,"key":"Block Potion"},{"floor":16,"key":"Death Potion"},{"floor":19,"key":"PowerPotion"}],"is_trial":false,"path_per_floor":["M","?","M","M","?","R","E","R","T","R","$","E","?","M","R","B",null,"M","M","M","M","M","E","?","R","T","$","?","M","E","M","R","B",null,"M","?","M","M","M","R","NM","R","T","R","M","AVR","M","E","R","B",null,"$","R","E","B",null],"character_chosen":"MAGITEKELITE","items_purchased":["hubris:GlazedTorus","Matryoshka","MerchantsRug","Rune_Blade","Blood Vial","BargainBundle","Omamori","Pear","CultistPotion","Elixir","Poisona","Deep Breath","hubris:EvacipatedBox","Medical Kit","Oddly Smooth Stone","Blizzard_P","Durian"],"campfire_rested":0,"item_purchase_floors":[0,0,0,0,0,0,0,0,0,0,0,0,11,27,27,27,52],"current_hp_per_floor":[68,68,70,69,62,62,62,62,62,62,43,41,41,36,36,32,63,72,58,58,66,73,51,51,51,51,66,66,68,73,73,73,73,73,61,61,63,73,73,73,73,73,73,73,73,73,73,73,73,56,69,78,78,78,78],"gold":2988,"neow_bonus":"","is_daily":false,"chose_seed":false,"campfire_upgraded":8,"win_rate":0.0,"timestamp":1608811479,"path_taken":["M","?","?","M","?","R","E","R","T","R","?","E","?","M","R","BOSS","M","M","M","M","?","E","?","R","T","$","?","M","E","M","R","BOSS","M","?","M","?","M","R","NM","R","T","R","M","AVR","M","E","R","BOSS","$","R","E","BOSS"],"items_purchased_type":["Relic","Relic","Relic","Card","Relic","Relic","Relic","Relic","Potion","Potion","Card","Card","Relic","Relic","Relic","Card","Relic"],"build_version":"2020-12-22","purchased_purges":3,"victory":true,"max_hp_per_floor":[73,73,73,73,73,73,73,73,73,73,73,73,73,73,73,73,73,73,73,73,73,73,73,73,73,73,73,73,73,73,73,73,73,73,73,73,73,73,73,73,73,73,73,73,73,73,73,73,73,73,73,78,78,78,78],"card_choices":[{"not_picked":["Heavy_Shield","Meteor","Transfusion"],"picked":"SKIP","floor":1},{"not_picked":["Aero","Mythril_Knife","Throw"],"picked":"SKIP","floor":3},{"not_picked":["Poisona","Thunder_Blade","Haste"],"picked":"SKIP","floor":4},{"not_picked":["Quake","Thunder_P","Thornlet"],"picked":"SKIP","floor":7},{"not_picked":["Cursed_Shield","Dark","Dispel"],"picked":"SKIP","floor":12},{"not_picked":["Wall","Meltdown"],"picked":"Drain","floor":14},{"not_picked":["Gladius+1","Falchion","Flametongue+1"],"picked":"SKIP","floor":18},{"not_picked":["Thunder_Blade","Force_Armor","Heavy_Shield"],"picked":"SKIP","floor":19},{"not_picked":["Thunder_Blade","Force_Armor","Heavy_Shield"],"picked":"SKIP","floor":19},{"not_picked":["Thunder_P","Shell","Flametongue"],"picked":"SKIP","floor":20},{"not_picked":["Magnus_Hat","Thunder_Blade","Flametongue"],"picked":"SKIP","floor":21},{"not_picked":["Transfusion","Esuna","Blood_Hilt"],"picked":"SKIP","floor":22},{"not_picked":["Holy","Enhancer","Shell+1"],"picked":"SKIP","floor":23},{"not_picked":["Dark","Flare+1","Falchion+1"],"picked":"SKIP","floor":29},{"not_picked":["Faith+1","Slow","Tornado"],"picked":"SKIP","floor":29},{"not_picked":["Thornlet","Flare","Quake"],"picked":"SKIP","floor":30},{"not_picked":["Lightbringer","Vox","Mythril_Knife"],"picked":"SKIP","floor":31},{"not_picked":["Cursed_Shield","Man_Eater","Falchion"],"picked":"SKIP","floor":31},{"not_picked":["Mythril_Knife","Thunder_P","Cursed_Shield"],"picked":"SKIP","floor":35},{"not_picked":["Thunder_P","Crystal_Sword","Flare"],"picked":"SKIP","floor":35},{"not_picked":["Float2_Spell+1","Astra","Magus_Robe"],"picked":"SKIP","floor":37},{"not_picked":["Transpose_P","Flametongue+1","Aero"],"picked":"SKIP","floor":37},{"not_picked":["Protect_M","Throw"],"picked":"Icebrand","floor":38},{"not_picked":["Vox+1","Gladius","Flare"],"picked":"SKIP","floor":38},{"not_picked":["Vox+1","Gladius","Flare"],"picked":"SKIP","floor":38},{"not_picked":["Icebrand","Thornlet","Heavy_Shield"],"picked":"SKIP","floor":39},{"not_picked":["Crystal_Sword","Balance+1","Minerva_Bustier"],"picked":"SKIP","floor":39},{"not_picked":["Gaia_Gear","Faith","Meltdown"],"picked":"SKIP","floor":41},{"not_picked":["Aero","Osmosis","Meltdown+1"],"picked":"SKIP","floor":45},{"not_picked":["Esuna+","Enhancer","Transpose_P"],"picked":"SKIP","floor":45},{"not_picked":["Heavy_Shield","Poisona","Protect_M+1"],"picked":"SKIP","floor":47},{"not_picked":["Gladius","Transpose2","Enhancer"],"picked":"SKIP","floor":47},{"not_picked":["Aero","Tornado","Mythril_Knife"],"picked":"SKIP","floor":48},{"not_picked":["Gravity","Mythril_Knife"],"picked":"Dispel","floor":54}],"player_experience":1700143,"relics_obtained":[{"floor":7,"key":"hubris:Reverence"},{"floor":9,"key":"Bag of Preparation"},{"floor":10,"key":"MealTicket"},{"floor":12,"key":"Mercury Hourglass"},{"floor":23,"key":"Prayer Wheel"},{"floor":26,"key":"Cleaning_Rag"},{"floor":26,"key":"Replay:Baseball"},{"floor":30,"key":"aspiration:Lifesprig"},{"floor":41,"key":"ScarletDevilRocket"},{"floor":43,"key":"aspiration:FrozenJewel"},{"floor":48,"key":"hubris:SlimyHat"},{"floor":53,"key":"Sundial"},{"floor":54,"key":"Iron Hammer"}],"event_choices":[{"damage_healed":0,"gold_gain":0,"player_choice":"1 cards matched","damage_taken":0,"max_hp_gain":0,"max_hp_loss":0,"event_name":"Match and Keep!","floor":2,"gold_loss":0,"cards_obtained":["Magnus_Hat"]},{"cards_removed":["Defend_L"],"damage_healed":0,"gold_gain":0,"player_choice":"Card Removal","damage_taken":7,"max_hp_gain":0,"max_hp_loss":0,"event_name":"Golden Wing","floor":5,"gold_loss":0},{"damage_healed":0,"gold_gain":0,"cards_transformed":["Strike_L"],"player_choice":"Transformed","damage_taken":0,"max_hp_gain":0,"max_hp_loss":0,"event_name":"Transmorgrifier","floor":13,"gold_loss":0,"cards_obtained":["Ultima"]},{"cards_removed":["Defend_L"],"damage_healed":0,"gold_gain":0,"player_choice":"Gave Gold","damage_taken":0,"max_hp_gain":0,"max_hp_loss":0,"event_name":"Beggar","floor":24,"gold_loss":75},{"cards_removed":["Defend_L"],"damage_healed":0,"gold_gain":0,"player_choice":"Purged","damage_taken":0,"max_hp_gain":0,"max_hp_loss":0,"event_name":"Purifier","floor":36,"gold_loss":0}],"is_beta":false,"boss_relics":[{"not_picked":["SacredBark","ReplayTheSpireMod:SealedPack","Snecko Eye"],"picked":"Replay:Grab Bag"},{"not_picked":["hubris:CrackedHourglass","ReplayTheSpireMod:DimensionalGlitch","aspiration:BeakedSkillbook"],"picked":"aspiration:RandomNobGenerator"},{"not_picked":["Runic Dome","beaked:MawFillet","aspiration:IroncladSkillbook"],"picked":"infinitespire:Cupcake"},{"not_picked":["Astrolabe","beaked:SacredDeck","aspiration:DefectSkillbook"],"picked":"beaked:SacredNecklace"},{"not_picked":["aspiration:RitualDagger","aspiration:PoetsPen_weak","ChewingGum"],"picked":"hubris:Backtick"},{"not_picked":["Replay:Bronze Core","Fusion Hammer","aspiration:FutureDiary"],"picked":"Replay:Wanted Poster"}],"items_purged_floors":[0,0,46],"is_endless":false,"potions_floor_spawned":[1,3,4,16,19,22,30,37,38,48,54],"ascension_level":12}}