{"host":"gvhxj4mzhoewha5t","time":1608810643,"event":{"mods":["2.2 Compatiblity","AchievementEnabler","BaseMod","Better Altar","Better Match","Better Note","Better Sensory Stone","Better Skull","Better Third Choice","Better Vampires","BetterRewards","CapriCore","Colored Map","Disable Question Mark Monsters","Downfall","Emptier Cage","GifTheSpireLib","Hermit","Marked Mod","Minty Spire (QoL Compilation)","Quick Restart","Rare Cards Sparkle","Robot Space Explorer","Spicy Shops","StSLib","The Immortal"],"gold_per_floor":[99,99,99,99,99,99,99,99,99,125,139,314,239,268,285,389,389,314,21,21,33,45,30,30,15,31,31,31],"floor_reached":27,"playtime":3630,"items_purged":["Doubt"],"score":240,"play_id":"23adc9e2-b09c-401a-9872-6f858b37695d","local_time":"20201224065043","is_ascension_mode":false,"campfire_choices":[{"data":"sneckomod:Unknown","floor":1,"key":"SMITH"},{"floor":6,"key":"REST"},{"floor":13,"key":"REST"},{"data":"sneckomod:PureSnecko","floor":18,"key":"SMITH"}],"circlet_count":0,"master_deck":["sneckomod:Strike","sneckomod:Strike","sneckomod:Defend","sneckomod:Defend","sneckomod:Defend","sneckomod:TailWhip","sneckomod:SnekBite","sneckomod:Unknown+1","sneckomod:Unknown+2","sneckomod:DiceBoulder","Echo Form+1","Enlightenment","sneckomod:UnknownClassSLIMEBOUND","sneckomod:Unknown0Cost","sneckomod:UnknownClassRED","sneckomod:QuickMove","sneckomod:CheapStock","sneckomod:PureSnecko+1","sneckomod:Unknown2Cost","sneckomod:DangerNoodle","sneckomod:Rotation","sneckomod:SerpentMind","sneckomod:UnknownUncommonPower+1","sneckomod:Unknown1Cost","hexamod:FirstSeal","sneckomod:UnknownClassDEFAULT_GRAY_COLOR","sneckomod:UnknownUncommonAttack+1","hexamod:SixthSeal","sneckomod:UnknownClassSLIMEBOUND","sneckomod:SoulDraw","sneckomod:QuickBite"],"relics":["sneckomod:SneckoSoul","downfall:HeartsMalice","Dream Catcher","PreservedInsect","downfall:HeartBlessingBlue","Smiling Mask","Black Star","downfall:HeartBlessingGreen","Strange Spoon","FossilizedHelix","Pantograph"],"acts_visited":["Exordium","TheCity"],"potions_floor_usage":[16,25,25],"damage_taken":[{"damage":0,"enemies":"Cultist","floor":2,"turns":1},{"damage":0,"enemies":"Small Slimes","floor":5,"turns":1},{"damage":0,"enemies":"2 Louse","floor":8,"turns":1},{"damage":31,"enemies":"3 Sentries","floor":10,"turns":7},{"damage":45,"enemies":"Gremlin Gang","floor":11,"turns":7},{"damage":21,"enemies":"Lagavulin","floor":14,"turns":5},{"damage":10,"enemies":"3 Louse","floor":15,"turns":5},{"damage":40,"enemies":"downfall:Silent","floor":16,"turns":16},{"damage":10,"enemies":"downfall:FleeingMerchant","floor":19,"turns":4},{"damage":21,"enemies":"3 Byrds","floor":21,"turns":6},{"damage":42,"enemies":"Spheric Guardian","floor":22,"turns":6},{"damage":8,"enemies":"downfall:FleeingMerchant","floor":23,"turns":4},{"damage":12,"enemies":"downfall:FleeingMerchant","floor":25,"turns":4},{"damage":39,"enemies":"Snecko","floor":26,"turns":6},{"damage":23,"enemies":"Gremlin Leader","floor":27,"turns":2}],"seed_played":"-2718571442544983599","potions_obtained":[{"floor":14,"key":"SkillPotion"},{"floor":16,"key":"Weak Potion"},{"floor":21,"key":"LiquidMemories"},{"floor":22,"key":"SkillPotion"}],"is_trial":false,"path_per_floor":["R","M","?","?","M","R","T","M","?","E","M","?","R","E","M","B",null,"R","$","?","M","M","$","T","$","M","E"],"character_chosen":"THE_SNECKO","items_purchased":["Strange Spoon","sneckomod:Unknown1Cost","FossilizedHelix"],"campfire_rested":2,"item_purchase_floors":[19,19,19],"current_hp_per_floor":[90,90,81,81,82,92,92,93,93,66,21,21,62,53,43,3,104,104,98,98,92,58,62,62,50,20,0,0],"gold":31,"neow_bonus":"THREE_ENEMY_KILL","is_daily":false,"chose_seed":false,"campfire_upgraded":2,"win_rate":0.0,"timestamp":1608810643,"path_taken":["R","M","?","?","?","R","T","M","?","E","?","?","R","E","M","BOSS","R","$","?","M","M","$","T","?","M","E"],"items_purchased_type":["Relic","Card","Relic"],"build_version":"2020-12-22","purchased_purges":1,"victory":false,"max_hp_per_floor":[90,90,90,90,91,92,92,93,93,93,93,93,104,104,104,104,104,104,106,106,107,108,109,109,109,109,109,109],"card_choices":[{"not_picked":["sneckomod:SoulDraw","sneckomod:QuickMove"],"picked":"sneckomod:DiceBoulder","floor":2},{"not_picked":["Violence","expansioncontent:ChargeUp"],"picked":"Enlightenment","floor":4},{"not_picked":["sneckomod:SoulRoll","sneckomod:SoulCleanse"],"picked":"sneckomod:UnknownClassSLIMEBOUND","floor":5},{"not_picked":["sneckomod:DiceBlock","sneckomod:UnknownEthereal"],"picked":"sneckomod:Unknown0Cost","floor":6},{"not_picked":["sneckomod:QuickMove","sneckomod:DefensiveFlair"],"picked":"sneckomod:UnknownClassRED","floor":8},{"not_picked":["sneckomod:UnknownCommonAttack","sneckomod:MasterEye"],"picked":"sneckomod:CheapStock","floor":10},{"not_picked":["sneckomod:QuickMove","sneckomod:SoulDraw"],"picked":"sneckomod:PureSnecko","floor":11},{"not_picked":["sneckomod:UnknownWeak","sneckomod:IronFang"],"picked":"sneckomod:Unknown2Cost","floor":13},{"not_picked":["sneckomod:UnknownCommonAttack","sneckomod:UnknownExhaust"],"picked":"sneckomod:DangerNoodle","floor":14},{"not_picked":["sneckomod:Unknown2Cost","sneckomod:DiceCrush"],"picked":"sneckomod:Rotation","floor":15},{"not_picked":["sneckomod:UnlimitedRolls","sneckomod:MorePower"],"picked":"sneckomod:SerpentMind","floor":16},{"not_picked":["sneckomod:UnknownClassGREEN","sneckomod:SlitherStrike"],"picked":"sneckomod:UnknownUncommonPower+1","floor":19},{"not_picked":["sneckomod:QuickBite","sneckomod:SlitherStrike"],"picked":"sneckomod:UnknownClassDEFAULT_GRAY_COLOR","floor":21},{"not_picked":["sneckomod:UnknownEthereal","sneckomod:DiceBlock"],"picked":"sneckomod:UnknownUncommonAttack+1","floor":22},{"not_picked":["hexamod:SecondSeal","hexamod:FirstSeal"],"picked":"hexamod:SixthSeal","floor":23},{"not_picked":["sneckomod:UnknownWeak","sneckomod:UnknownStrike"],"picked":"sneckomod:UnknownClassSLIMEBOUND","floor":23},{"not_picked":["sneckomod:DiceCrush","sneckomod:UnknownVulnerable"],"picked":"sneckomod:SoulDraw","floor":25},{"not_picked":["sneckomod:UnknownCommonAttack","sneckomod:UnknownClassGREEN+1"],"picked":"sneckomod:QuickBite","floor":26}],"player_experience":355014,"relics_obtained":[{"floor":10,"key":"PreservedInsect"},{"floor":14,"key":"Smiling Mask"},{"floor":24,"key":"Pantograph"}],"event_choices":[{"damage_healed":0,"gold_gain":1,"player_choice":"1","damage_taken":0,"max_hp_gain":0,"max_hp_loss":0,"event_name":"betterStone:BetterStone","floor":4,"gold_loss":0},{"damage_healed":0,"gold_gain":0,"cards_transformed":["sneckomod:Strike"],"player_choice":"Transformed","damage_taken":0,"max_hp_gain":0,"max_hp_loss":0,"event_name":"Transmorgrifier","floor":9,"gold_loss":0,"cards_obtained":["sneckomod:QuickMove"]},{"cards_removed":["sneckomod:DiceBoulder"],"damage_healed":0,"gold_gain":0,"player_choice":"Take \u0026 Give","damage_taken":0,"max_hp_gain":0,"max_hp_loss":0,"event_name":"betterNote:BetterNote","floor":20,"gold_loss":0,"cards_obtained":["hexamod:FirstSeal"]}],"is_beta":false,"boss_relics":[{"not_picked":["Cursed Key","Empty Cage"],"picked":"Black Star"}],"items_purged_floors":[19],"is_endless":false,"potions_floor_spawned":[14,16,21,22],"killed_by":"Gremlin Leader","ascension_level":0}}