{"host":"i1ibt4vxe0effuru","time":1608787420,"event":{"mods":["AchievementEnabler","BaseMod","Card Forge","Minty Spire (QoL Compilation)","Quick Restart","Shop Mod","StSLib"],"gold_per_floor":[110,185,335,351,364,364,390,390,470,470,503,503,503,534,534,605,605,622,622,641,556,556,586,586,612,612,639,639,657,707,738,738,814,814,828,840,203,213,213,213,238,253,253,273,307,307,307,41,41,41,41],"floor_reached":52,"playtime":1113,"items_purged":[],"score":3054,"play_id":"5cb7cf4e-957d-47d2-929d-8521ad7e8c43","local_time":"20201224152340","is_ascension_mode":true,"campfire_choices":[{"floor":6,"key":"REST"},{"floor":10,"key":"REST"},{"floor":12,"key":"REST"},{"floor":15,"key":"REST"},{"floor":24,"key":"REST"},{"floor":28,"key":"REST"},{"floor":32,"key":"REST"},{"floor":40,"key":"REST"},{"floor":49,"key":"REST"}],"circlet_count":0,"master_deck":["AscendersBane","Concentrate+1","Prepared+1","Reflex+1","Skewer+1","Tactician+1"],"relics":["Ring of the Snake","Hammer of Thor","Seething Fire","Anvil of the Gods","Happy Flower","Lizard Tail","Molten Egg 2","Letter Opener","Pocketwatch","Art of War","Runic Pyramid","WarpedTongs","Paper Crane","Pantograph","Boot","White Beast Statue","Toy Ornithopter","The Courier","Bird Faced Urn","Regal Pillow","Pen Nib","PrismaticShard","Oddly Smooth Stone","Gremlin Horn","Kunai","Tingsha"],"acts_visited":["Exordium","TheCity","TheBeyond"],"potions_floor_usage":[38],"damage_taken":[{"damage":0,"enemies":"Jaw Worm","floor":1,"turns":1},{"damage":0,"enemies":"Small Slimes","floor":4,"turns":1},{"damage":0,"enemies":"Cultist","floor":5,"turns":1},{"damage":0,"enemies":"Gremlin Nob","floor":7,"turns":1},{"damage":0,"enemies":"Lagavulin","floor":11,"turns":1},{"damage":0,"enemies":"3 Sentries","floor":14,"turns":1},{"damage":0,"enemies":"Slime Boss","floor":16,"turns":1},{"damage":0,"enemies":"2 Thieves","floor":18,"turns":1},{"damage":0,"enemies":"Shell Parasite","floor":20,"turns":1},{"damage":0,"enemies":"Slavers","floor":23,"turns":1},{"damage":0,"enemies":"Gremlin Leader","floor":25,"turns":1},{"damage":0,"enemies":"Slavers","floor":27,"turns":1},{"damage":0,"enemies":"3 Cultists","floor":29,"turns":2},{"damage":0,"enemies":"Gremlin Leader","floor":31,"turns":1},{"damage":0,"enemies":"Collector","floor":33,"turns":1},{"damage":35,"enemies":"3 Shapes","floor":35,"turns":1},{"damage":0,"enemies":"Orb Walker","floor":36,"turns":1},{"damage":36,"enemies":"4 Shapes","floor":38,"turns":2},{"damage":0,"enemies":"Reptomancer","floor":41,"turns":1},{"damage":0,"enemies":"Sphere and 2 Shapes","floor":42,"turns":1},{"damage":0,"enemies":"Jaw Worm Horde","floor":44,"turns":1},{"damage":0,"enemies":"Giant Head","floor":45,"turns":1},{"damage":0,"enemies":"Donu and Deca","floor":50,"turns":1},{"damage":0,"enemies":"Awakened One","floor":51,"turns":2}],"seed_played":"-5259314762225358969","potions_obtained":[{"floor":1,"key":"DistilledChaos"},{"floor":23,"key":"Regen Potion"},{"floor":38,"key":"Dexterity Potion"}],"is_trial":false,"path_per_floor":["M","?","?","M","M","R","E","T","T","R","E","R","?","E","R","B",null,"M","?","M","?","$","E","R","E","T","E","R","M","?","E","R","B",null,"M","M","$","M","?","R","E","M","T","M","E","$","?","$","R","B","B",null],"character_chosen":"THE_SILENT","items_purchased":["Bird Faced Urn","Regal Pillow","Pen Nib","PrismaticShard","Tingsha"],"campfire_rested":9,"item_purchase_floors":[37,37,37,37,48],"current_hp_per_floor":[59,48,48,48,48,66,66,66,66,66,66,66,66,66,66,66,66,66,66,66,66,66,66,66,66,66,66,66,66,66,66,66,66,66,31,31,31,5,5,39,39,39,39,39,39,39,39,39,66,66,66],"gold":41,"neow_bonus":"RANDOM_COMMON_RELIC","is_daily":false,"chose_seed":false,"campfire_upgraded":0,"win_rate":0.0,"timestamp":1608787420,"path_taken":["M","?","?","M","M","R","E","?","T","R","E","R","?","E","R","BOSS","M","?","?","?","?","E","R","E","T","E","R","M","?","E","R","BOSS","M","M","$","M","?","R","E","?","T","M","E","?","?","$","R","BOSS","BOSS"],"items_purchased_type":["Relic","Relic","Relic","Relic","Relic"],"build_version":"2020-12-22","purchased_purges":0,"victory":true,"max_hp_per_floor":[66,66,66,66,66,66,66,66,66,66,66,66,66,66,66,66,66,66,66,66,66,66,66,66,66,66,66,66,66,66,66,66,66,66,66,66,66,66,66,66,66,66,66,66,66,66,66,66,66,66,66],"card_choices":[{"not_picked":["Heel Hook","Prepared","Finisher"],"picked":"SKIP","floor":1},{"not_picked":["Backflip","Endless Agony","Leg Sweep"],"picked":"SKIP","floor":4},{"not_picked":["Heel Hook","Flying Knee","Crippling Poison"],"picked":"SKIP","floor":5},{"not_picked":["All Out Attack","Outmaneuver","Catalyst"],"picked":"SKIP","floor":7},{"not_picked":["Finisher+1","Accuracy","Sucker Punch+1"],"picked":"SKIP","floor":11},{"not_picked":["Tactician","Cloak And Dagger","Prepared"],"picked":"SKIP","floor":14},{"not_picked":["Escape Plan","PiercingWail","Endless Agony+1"],"picked":"SKIP","floor":18},{"not_picked":["All Out Attack+1","Sucker Punch+1","Noxious Fumes"],"picked":"SKIP","floor":20},{"not_picked":["Blade Dance","Acrobatics","Deflect"],"picked":"SKIP","floor":23},{"not_picked":["Blade Dance+1","Sucker Punch+1","All Out Attack+1"],"picked":"SKIP","floor":25},{"not_picked":["Acrobatics","Predator+1","Concentrate"],"picked":"SKIP","floor":27},{"not_picked":["A Thousand Cuts","Heel Hook+1","Quick Slash+1"],"picked":"SKIP","floor":29},{"not_picked":["Endless Agony+1","Escape Plan","Prepared"],"picked":"SKIP","floor":31},{"not_picked":["Slice+1","Quick Slash+1","Catalyst+1"],"picked":"SKIP","floor":35},{"not_picked":["Cloak And Dagger","Blade Dance","Concentrate"],"picked":"SKIP","floor":36},{"not_picked":["Calculated Gamble+1","Halt+1","Wild Strike+1"],"picked":"SKIP","floor":38},{"not_picked":["FearNoEvil+1","Heavy Blade+1","Noxious Fumes"],"picked":"SKIP","floor":41},{"not_picked":["Steam","True Grit","Weave+1"],"picked":"SKIP","floor":42},{"not_picked":["Twin Strike+1","Magnetism","Feel No Pain+1"],"picked":"SKIP","floor":44},{"not_picked":["Bane+1","Heatsinks+1","Gash+1"],"picked":"SKIP","floor":45}],"player_experience":171009,"relics_obtained":[{"floor":7,"key":"Lizard Tail"},{"floor":8,"key":"Molten Egg 2"},{"floor":9,"key":"Letter Opener"},{"floor":11,"key":"Pocketwatch"},{"floor":14,"key":"Art of War"},{"floor":23,"key":"Pantograph"},{"floor":25,"key":"Boot"},{"floor":26,"key":"White Beast Statue"},{"floor":27,"key":"Toy Ornithopter"},{"floor":31,"key":"The Courier"},{"floor":39,"key":"Oddly Smooth Stone"},{"floor":41,"key":"Gremlin Horn"},{"floor":45,"key":"Kunai"}],"event_choices":[{"damage_healed":0,"gold_gain":75,"player_choice":"Gather Gold","damage_taken":11,"max_hp_gain":0,"max_hp_loss":0,"event_name":"World of Goop","floor":2,"gold_loss":0},{"damage_healed":0,"gold_gain":150,"player_choice":"AGREE","damage_taken":0,"max_hp_gain":0,"max_hp_loss":0,"event_name":"Liars Game","floor":3,"gold_loss":0,"cards_obtained":["Doubt"]},{"damage_healed":0,"gold_gain":0,"player_choice":"Ignored","damage_taken":0,"max_hp_gain":0,"max_hp_loss":0,"event_name":"Shining Light","floor":13,"gold_loss":0},{"damage_healed":0,"gold_gain":0,"player_choice":"Rummage","damage_taken":0,"relics_obtained":["WarpedTongs"],"max_hp_gain":0,"max_hp_loss":0,"event_name":"Accursed Blacksmith","floor":19,"gold_loss":0,"cards_obtained":["Pain"]},{"damage_healed":0,"gold_gain":0,"player_choice":"Obtained Relic","damage_taken":0,"relics_obtained":["Paper Crane"],"max_hp_gain":0,"max_hp_loss":0,"event_name":"Addict","floor":21,"gold_loss":85},{"damage_healed":0,"gold_gain":50,"player_choice":"Stole From Cult","damage_taken":0,"max_hp_gain":0,"max_hp_loss":0,"event_name":"Nest","floor":30,"gold_loss":0},{"damage_healed":0,"gold_gain":0,"player_choice":"Relic","damage_taken":0,"max_hp_gain":0,"max_hp_loss":0,"event_name":"Wheel of Change","floor":39,"gold_loss":0},{"damage_healed":0,"gold_gain":0,"player_choice":"Ignored","damage_taken":0,"max_hp_gain":0,"max_hp_loss":0,"event_name":"Tomb of Lord Red Mask","floor":47,"gold_loss":0}],"is_beta":false,"boss_relics":[{"not_picked":["Coffee Dripper","SacredBark"],"picked":"Runic Pyramid"},{"not_picked":["Cursed Key","Runic Dome","Snecko Eye"]}],"items_purged_floors":[],"is_endless":false,"potions_floor_spawned":[1,5,14,18,20,23,27,29,31,33,35,36,38,41,42,44,45],"ascension_level":20}}