{"host":"t7mx8yfj1no5p62f","time":1608843110,"event":{"mods":["BaseMod","Colored Map","Colored Powertips","Minty Spire (QoL Compilation)","Relic Stats","StSLib"],"gold_per_floor":[118,118,144,172,181,218,218,241,241,262,262,281,281,325,325,410,491,510,510,85,85,97,131,131,160,160,175,175,203,225,15,15,100,100,119,128,175,199,208,248,274,274,274,310,310,66,91,91,91,91,91],"floor_reached":50,"playtime":2201,"items_purged":["Quick Slash"],"score":1321,"play_id":"c5eb7664-7a8c-4436-83bc-8082330c12f3","local_time":"20201224155150","is_ascension_mode":true,"campfire_choices":[{"data":"Unload","floor":7.0,"key":"SMITH"},{"data":"Dagger Spray","floor":11.0,"key":"SMITH"},{"floor":13.0,"key":"REST"},{"data":"Blade Dance","floor":15.0,"key":"SMITH"},{"floor":24.0,"key":"REST"},{"data":"Apotheosis","floor":28.0,"key":"SMITH"},{"floor":32.0,"key":"REST"},{"floor":42,"key":"REST"},{"floor":45,"key":"REST"},{"floor":49,"key":"RECALL"}],"circlet_count":0,"master_deck":["AscendersBane","Survivor+1","Neutralize","CurseOfTheBell","Flying Knee","Terror","Choke","Unload+1","Blade Dance+1","Dagger Spray+1","Footwork","Corpse Explosion","Heel Hook","Concentrate","Heel Hook","Underhanded Strike","Eviscerate","Grand Finale","Grand Finale","Backflip","Apotheosis+1","Backflip","Leg Sweep","Blade Dance","Tools of the Trade","Dodge and Roll+1","PanicButton","Outmaneuver+1","Finisher","Deflect","After Image","Tactician+1"],"relics":["Calling Bell","Regal Pillow","Question Card","Du-Vu Doll","CeramicFish","War Paint","Shuriken","Strawberry","Pandora\u0027s Box","Pen Nib","Omamori","Pear","Ornamental Fan","Akabeko","OrangePellets","Runic Pyramid","WingedGreaves","Turnip","Snake Skull","Lee\u0027s Waffle","Ice Cream","Art of War"],"acts_visited":["Exordium","TheCity","TheBeyond"],"potions_floor_usage":[44,50],"damage_taken":[{"damage":0.0,"enemies":"Cultist","floor":1.0,"turns":4.0},{"damage":7.0,"enemies":"Small Slimes","floor":3.0,"turns":4.0},{"damage":2.0,"enemies":"Jaw Worm","floor":4.0,"turns":3.0},{"damage":27.0,"enemies":"3 Sentries","floor":6.0,"turns":11.0},{"damage":1.0,"enemies":"Exordium Thugs","floor":8.0,"turns":4.0},{"damage":0.0,"enemies":"Exordium Wildlife","floor":10.0,"turns":3.0},{"damage":0.0,"enemies":"2 Fungi Beasts","floor":12.0,"turns":1.0},{"damage":15.0,"enemies":"Lagavulin","floor":14.0,"turns":5.0},{"damage":0.0,"enemies":"Slime Boss","floor":16.0,"turns":4.0},{"damage":11.0,"enemies":"2 Thieves","floor":18.0,"turns":3.0},{"damage":34.0,"enemies":"Shell Parasite","floor":22.0,"turns":4.0},{"damage":0.0,"enemies":"Gremlin Leader","floor":23.0,"turns":4.0},{"damage":17.0,"enemies":"Centurion and Healer","floor":25.0,"turns":4.0},{"damage":10.0,"enemies":"Snecko","floor":27.0,"turns":3.0},{"damage":31.0,"enemies":"Slavers","floor":29.0,"turns":4.0},{"damage":11.0,"enemies":"Cultist and Chosen","floor":30.0,"turns":4.0},{"damage":5.0,"enemies":"Automaton","floor":33.0,"turns":6.0},{"damage":4.0,"enemies":"Orb Walker","floor":35.0,"turns":3.0},{"damage":31.0,"enemies":"2 Orb Walkers","floor":37.0,"turns":3.0},{"damage":20.0,"enemies":"3 Darklings","floor":38.0,"turns":5.0},{"damage":5,"enemies":"Nemesis","floor":40,"turns":5},{"damage":0,"enemies":"Sphere and 2 Shapes","floor":41,"turns":3},{"damage":27,"enemies":"Reptomancer","floor":44,"turns":4},{"damage":11,"enemies":"Mind Bloom Boss Battle","floor":47,"turns":5},{"damage":92,"enemies":"Time Eater","floor":50,"turns":7}],"seed_played":"-5166854455998512302","potions_obtained":[{"floor":3.0,"key":"DistilledChaos"},{"floor":4.0,"key":"Poison Potion"},{"floor":6.0,"key":"PowerPotion"},{"floor":10.0,"key":"PowerPotion"},{"floor":22.0,"key":"ColorlessPotion"},{"floor":29.0,"key":"Explosive Potion"},{"floor":35.0,"key":"Swift Potion"},{"floor":38.0,"key":"Ancient Potion"},{"floor":40,"key":"GamblersBrew"},{"floor":44,"key":"ColorlessPotion"}],"is_trial":false,"path_per_floor":["M","T","M","M","?","E","R","M","T","M","R","M","R","E","R","B",null,"M","?","$","T","M","E","R","M","T","M","R","E","M","$","R","B",null,"M","?","?","M","?","E","M","R","T","E","R","$","?","T","R","B"],"character_chosen":"THE_SILENT","items_purchased":["Apotheosis","Pen Nib","Fire Potion","OrangePellets","SpeedPotion","Lee\u0027s Waffle"],"campfire_rested":5,"item_purchase_floors":[20,20,20,31,31,46],"current_hp_per_floor":[59,59,52,50,50,23,23,22,22,22,22,22,56,48,48,48,67,56,56,56,56,22,32,71,54,54,44,44,13,2,2,41,36,71,67,67,36,16,16,11,11,50,50,23,62,90,79,79,79,0,0],"gold":91,"neow_bonus":"BOSS_RELIC","is_daily":false,"chose_seed":false,"campfire_upgraded":4,"win_rate":0.0,"timestamp":1608843110,"path_taken":["M","?","M","M","?","E","R","M","T","M","R","?","R","E","R","BOSS","M","?","$","?","M","E","R","M","T","M","R","E","M","$","R","BOSS","M","?","?","M","?","E","?","R","T","E","R","$","?","?","R","BOSS"],"items_purchased_type":["Card","Relic","Potion","Relic","Potion","Relic"],"build_version":"2020-12-22","purchased_purges":1,"victory":false,"max_hp_per_floor":[66,66,66,66,66,66,66,66,66,66,66,66,66,73,73,73,73,73,73,73,73,73,83,83,83,83,83,83,83,83,83,83,83,83,83,83,83,83,83,83,83,83,83,83,83,90,90,90,90,90,90],"relic_stats":{"Regal Pillow":75,"Lee\u0027s Waffle":28,"counters":[25,106],"CeramicFish":270,"Pen Nib":[18],"Snake Skull":[0],"War Paint":["Defend_G","Survivor"],"Question Card":25,"OrangePellets":[1],"Shuriken":[50],"Ornamental Fan":[148],"Pandora\u0027s Box":["Well Laid Plans","Heel Hook","Concentrate","Bane","Heel Hook","Underhanded Strike","Eviscerate","Grand Finale","Grand Finale"],"Turnip":[1],"Art of War":[2],"obtain_stats":[{"Ice Cream":47,"Regal Pillow":0,"Lee\u0027s Waffle":46,"Pear":23,"CeramicFish":2,"Pen Nib":20,"Snake Skull":44,"Omamori":21,"War Paint":6,"Question Card":0,"Akabeko":29,"Calling Bell":0,"Du-Vu Doll":0,"OrangePellets":31,"Shuriken":9,"Ornamental Fan":26,"Strawberry":14,"Pandora\u0027s Box":17,"WingedGreaves":37,"Turnip":40,"Art of War":48,"Ring of the Snake":0,"Runic Pyramid":34},{"Ice Cream":24,"Regal Pillow":0,"Lee\u0027s Waffle":23,"Pear":12,"CeramicFish":1,"Pen Nib":10,"Snake Skull":23,"Omamori":10,"War Paint":4,"Question Card":0,"Akabeko":15,"Calling Bell":0,"Du-Vu Doll":0,"OrangePellets":16,"Shuriken":5,"Ornamental Fan":13,"Strawberry":8,"Pandora\u0027s Box":9,"WingedGreaves":19,"Turnip":21,"Art of War":24,"Ring of the Snake":0,"Runic Pyramid":17},{"Ice Cream":99,"Regal Pillow":0,"Lee\u0027s Waffle":94,"Pear":50,"CeramicFish":4,"Pen Nib":42,"Snake Skull":94,"Omamori":42,"War Paint":22,"Question Card":0,"Akabeko":61,"Calling Bell":0,"Du-Vu Doll":0,"OrangePellets":65,"Shuriken":26,"Ornamental Fan":54,"Strawberry":35,"Pandora\u0027s Box":39,"WingedGreaves":77,"Turnip":87,"Art of War":99,"Ring of the Snake":0,"Runic Pyramid":71}]},"card_choices":[{"not_picked":["Dodge and Roll","Eviscerate","Backflip"],"picked":"Flying Knee","floor":1.0},{"not_picked":["Finisher","Footwork","Dodge and Roll"],"picked":"Terror","floor":3.0},{"not_picked":["Bane","Poisoned Stab","Infinite Blades"],"picked":"Quick Slash","floor":4.0},{"not_picked":["Poisoned Stab","Crippling Poison","Reflex"],"picked":"Unload","floor":6.0},{"not_picked":["PiercingWail","Riddle With Holes","Calculated Gamble"],"picked":"Blade Dance","floor":8.0},{"not_picked":["Accuracy","Dodge and Roll","PiercingWail"],"picked":"Dagger Spray","floor":10.0},{"not_picked":["Bullet Time","Dodge and Roll","Quick Slash","Noxious Fumes"],"picked":"SKIP","floor":12.0},{"not_picked":["PiercingWail","Quick Slash","Envenom"],"picked":"Footwork","floor":14.0},{"not_picked":["Burst","Phantasmal Killer","Die Die Die"],"picked":"Corpse Explosion","floor":16.0},{"not_picked":["Noxious Fumes","Underhanded Strike","Poisoned Stab"],"picked":"Backflip","floor":18.0},{"not_picked":["Slice","Dagger Spray","Skewer+1","Poisoned Stab+1"],"picked":"SKIP","floor":22.0},{"not_picked":["Poisoned Stab","Envenom","Dagger Spray"],"picked":"Backflip","floor":23.0},{"not_picked":["Dagger Spray","Expertise","Sucker Punch"],"picked":"Leg Sweep","floor":25.0},{"not_picked":["Tactician","Poisoned Stab","Catalyst","Flechettes"],"picked":"SKIP","floor":27.0},{"not_picked":["Skewer","Bouncing Flask","Terror","Noxious Fumes"],"picked":"SKIP","floor":29.0},{"not_picked":["Distraction","Well Laid Plans","Unload"],"picked":"Blade Dance","floor":30.0},{"not_picked":["Storm of Steel","Doppelganger","Envenom"],"picked":"Tools of the Trade","floor":33.0},{"not_picked":["Sucker Punch","Slice","PiercingWail"],"picked":"Dodge and Roll+1","floor":35.0},{"not_picked":["Discovery","Dramatic Entrance","Chrysalis"],"picked":"PanicButton","floor":36.0},{"not_picked":["Masterful Stab","Deadly Poison","Poisoned Stab"],"picked":"Outmaneuver+1","floor":38.0},{"not_picked":["Footwork+1","Terror","Deadly Poison+1"],"picked":"Deflect","floor":40},{"not_picked":["Flechettes+1","Blur","Flying Knee"],"picked":"After Image","floor":41},{"not_picked":["Acrobatics","Cloak And Dagger","Leg Sweep"],"picked":"Tactician+1","floor":44}],"player_experience":1585388,"relics_obtained":[{"floor":0.0,"key":"Regal Pillow"},{"floor":0.0,"key":"Question Card"},{"floor":0.0,"key":"Du-Vu Doll"},{"floor":2.0,"key":"CeramicFish"},{"floor":6.0,"key":"War Paint"},{"floor":9.0,"key":"Shuriken"},{"floor":14.0,"key":"Strawberry"},{"floor":21.0,"key":"Omamori"},{"floor":23.0,"key":"Pear"},{"floor":26.0,"key":"Ornamental Fan"},{"floor":29.0,"key":"Akabeko"},{"floor":37.0,"key":"WingedGreaves"},{"floor":40,"key":"Turnip"},{"floor":44,"key":"Snake Skull"},{"floor":47,"key":"Ice Cream"},{"floor":48,"key":"Art of War"}],"event_choices":[{"damage_healed":0.0,"max_hp_gain":0.0,"max_hp_loss":0.0,"gold_gain":0.0,"cards_transformed":["Strike_G"],"event_name":"Transmorgrifier","player_choice":"Transformed","floor":5.0,"gold_loss":0.0,"damage_taken":0.0,"cards_obtained":["Choke"]},{"cards_removed":["Bane"],"damage_healed":0.0,"max_hp_gain":0.0,"max_hp_loss":0.0,"gold_gain":0.0,"event_name":"Wheel of Change","player_choice":"Card Removal","floor":19.0,"gold_loss":0.0,"damage_taken":0.0},{"damage_healed":0.0,"max_hp_gain":0.0,"max_hp_loss":0.0,"gold_gain":0.0,"event_name":"SensoryStone","player_choice":"Memory 1","floor":36.0,"gold_loss":0.0,"damage_taken":0.0},{"damage_healed":0.0,"max_hp_gain":0.0,"max_hp_loss":0.0,"gold_gain":0.0,"event_name":"Mysterious Sphere","player_choice":"Fight","floor":37.0,"gold_loss":0.0,"damage_taken":0.0},{"damage_healed":0,"gold_gain":0,"cards_transformed":["Well Laid Plans"],"player_choice":"Transformed","damage_taken":0,"max_hp_gain":0,"max_hp_loss":0,"event_name":"Transmorgrifier","floor":39,"gold_loss":0,"cards_obtained":["Finisher"]},{"damage_healed":0,"gold_gain":0,"player_choice":"Fight","damage_taken":0,"max_hp_gain":0,"max_hp_loss":0,"event_name":"MindBloom","floor":47,"gold_loss":0}],"is_beta":false,"boss_relics":[{"not_picked":["Empty Cage","Ectoplasm"],"picked":"Pandora\u0027s Box"},{"not_picked":["Coffee Dripper","Tiny House"],"picked":"Runic Pyramid"}],"items_purged_floors":[46],"is_endless":false,"potions_floor_spawned":[3,4,6,10,12,22,25,29,35,38,40,44,47],"killed_by":"Time Eater","ascension_level":20}}