{"host":"18wi9kpcl4eah7pe","time":1608796701,"event":{"mods":["BaseMod","Colored Powertips","Downfall","Minty Spire (QoL Compilation)","StSLib"],"gold_per_floor":[199,212,224,399,399,409,488,338,338,366,291,326,326,343,361,465,465,465,484,135,145,145,145,145,168,168,168,168],"floor_reached":26,"playtime":1326,"items_purged":[],"score":216,"play_id":"0a1ea9ed-56d7-488c-8fa9-4b6703d28467","local_time":"20201224015821","is_ascension_mode":false,"campfire_choices":[{"floor":1,"key":"RECALL"},{"data":"hexamod:RadiantFlame","floor":8,"key":"SMITH"},{"data":"hexamod:HeatCrush","floor":11,"key":"SMITH"},{"data":"hexamod:HexaLevel","floor":18,"key":"SMITH"},{"floor":23,"key":"REST"}],"circlet_count":0,"master_deck":["hexamod:Strike","hexamod:Strike","hexamod:Strike","hexamod:Strike","hexamod:Defend","hexamod:Defend","hexamod:Defend","hexamod:Defend","hexamod:Sear","hexamod:Float","hexamod:RadiantFlame+1","hexamod:ShieldOfDarkness","hexamod:StepThrough","hexamod:HeatCrush+1","hexamod:PhantomCloak","hexamod:HexaLevel+1","hexamod:ShieldOfDarkness","hexamod:EmpoweringStance","CurseOfTheBell","hexamod:GhostflameBarrier","hexamod:InspiringFlames","HandOfGreed","hexamod:WildfireWeapon","hexamod:ThermalTransfer+1"],"relics":["hexamod:SpiritBrand","downfall:HeartBlessingBlue","downfall:HeartBlessingRed","Ice Cream","downfall:HeartBlessingGreen","Matryoshka","Calling Bell","Blood Vial","Gremlin Horn","Pocketwatch","Omamori","CeramicFish","Darkstone Periapt"],"acts_visited":["Exordium","TheCity"],"potions_floor_usage":[10,15,16,16,21,26,26],"damage_taken":[{"damage":0,"enemies":"2 Louse","floor":2,"turns":4},{"damage":0,"enemies":"Jaw Worm","floor":3,"turns":3},{"damage":0,"enemies":"Small Slimes","floor":6,"turns":3},{"damage":16,"enemies":"Gremlin Nob","floor":10,"turns":5},{"damage":27,"enemies":"3 Sentries","floor":12,"turns":9},{"damage":1,"enemies":"Red Slaver","floor":14,"turns":3},{"damage":2,"enemies":"3 Louse","floor":15,"turns":3},{"damage":23,"enemies":"downfall:Ironclad","floor":16,"turns":12},{"damage":10,"enemies":"Shell Parasite","floor":19,"turns":8},{"damage":0,"enemies":"downfall:FleeingMerchant","floor":20,"turns":4},{"damage":21,"enemies":"Snake Plant","floor":21,"turns":6},{"damage":36,"enemies":"Centurion and Healer","floor":25,"turns":11},{"damage":49,"enemies":"Gremlin Leader","floor":26,"turns":6}],"seed_played":"8708295186490906889","potions_obtained":[{"floor":3,"key":"Strength Potion"},{"floor":12,"key":"Weak Potion"},{"floor":13,"key":"Block Potion"},{"floor":13,"key":"Slimebound:ThreeZeroPotion"},{"floor":14,"key":"hexamod:DoubleChargePotion"},{"floor":15,"key":"Fire Potion"},{"floor":16,"key":"Weak Potion"},{"floor":21,"key":"DistilledChaos"}],"is_trial":false,"path_per_floor":["R","M","M","?","?","M","T","R","T","E","R","E","?","M","M","B",null,"R","M","$","M","?","R","T","M","E"],"character_chosen":"THE_SPIRIT","items_purchased":["Omamori","HandOfGreed"],"campfire_rested":1,"item_purchase_floors":[20,20],"current_hp_per_floor":[70,70,70,70,70,70,70,80,80,64,64,37,37,36,34,11,80,80,70,72,53,53,77,77,43,0,0,0],"gold":168,"neow_bonus":"HUNDRED_GOLD","is_daily":false,"chose_seed":false,"campfire_upgraded":3,"win_rate":0.0,"timestamp":1608796701,"path_taken":["R","M","M","?","?","M","T","R","?","E","R","E","?","?","M","BOSS","R","M","$","M","?","R","T","M","E"],"items_purchased_type":["Relic","Card"],"build_version":"2020-12-22","purchased_purges":0,"victory":false,"max_hp_per_floor":[70,70,70,70,70,70,70,80,80,80,80,80,80,80,80,80,80,80,80,80,80,80,80,80,80,80,80,80],"card_choices":[{"not_picked":["hexamod:NightmareStrike","hexamod:GhostLash"],"picked":"hexamod:RadiantFlame","floor":2},{"not_picked":["hexamod:EmpoweredFlame","hexamod:SpectersWail"],"picked":"hexamod:ShieldOfDarkness","floor":3},{"not_picked":["hexamod:Firestarter","hexamod:SpectersWail"],"picked":"hexamod:StepThrough","floor":6},{"not_picked":["hexamod:GhostLash","hexamod:AdvancingGuard"],"picked":"hexamod:HeatCrush","floor":10},{"not_picked":["hexamod:StepThrough","hexamod:BurningTouch"],"picked":"hexamod:PhantomCloak","floor":12},{"not_picked":["hexamod:HeatCrush","hexamod:InspiringFlames"],"picked":"hexamod:HexaLevel","floor":14},{"not_picked":["hexamod:Hexaguard","hexamod:BurningTouch"],"picked":"hexamod:ShieldOfDarkness","floor":15},{"not_picked":["hexamod:UnleashSpirits","hexamod:SixthSeal"],"picked":"hexamod:EmpoweringStance","floor":16},{"not_picked":["hexamod:BacktrackSmack","hexamod:Hexaguard"],"picked":"hexamod:GhostflameBarrier","floor":19},{"not_picked":["hexamod:SpectersWail","hexamod:BacktrackSmack+1"],"picked":"hexamod:InspiringFlames","floor":20},{"not_picked":["hexamod:ChargedBarrage","hexamod:NightmareGuise+1"],"picked":"hexamod:WildfireWeapon","floor":21},{"not_picked":["hexamod:Hexaguard","hexamod:SpectralAdrenaline+1"],"picked":"hexamod:ThermalTransfer+1","floor":25}],"player_experience":841785,"relics_obtained":[{"floor":9,"key":"Ice Cream"},{"floor":10,"key":"Toy Ornithopter"},{"floor":12,"key":"Matryoshka"},{"floor":17,"key":"Blood Vial"},{"floor":17,"key":"Gremlin Horn"},{"floor":17,"key":"Pocketwatch"},{"floor":24,"key":"CeramicFish"},{"floor":24,"key":"Darkstone Periapt"}],"event_choices":[{"cards_removed":["Doubt"],"damage_healed":0,"gold_gain":0,"player_choice":"Forget","damage_taken":0,"max_hp_gain":0,"max_hp_loss":0,"event_name":"Living Wall","floor":5,"gold_loss":0}],"is_beta":false,"boss_relics":[{"not_picked":["Runic Pyramid","Sozu"],"picked":"Calling Bell"}],"items_purged_floors":[],"is_endless":false,"potions_floor_spawned":[3,12,14,15,16,21],"killed_by":"Gremlin Leader","ascension_level":0}}