{"host":"dcj2yvrgcvh5dl2s","time":1608775263,"event":{"mods":["BaseMod","Better Note","Block Reminder","Colored Powertips","DeckTracker","Minty Spire (QoL Compilation)","Quick Restart","Rare Cards Sparkle","Relic Stats","StSLib"],"gold_per_floor":[113,58,23,40,40,73,223,148,148,222,222,254,254,267,267,340,340,340,340,340,27,27,27,27,27,27,27,27,27,27,27,27,27,27,27,27,27,27,27,27,27],"floor_reached":40,"playtime":1101,"items_purged":["Regret"],"score":929,"play_id":"a9b20504-8f39-4345-8011-97ff4b117077","local_time":"20201224120103","is_ascension_mode":true,"campfire_choices":[{"data":"Bash","floor":11,"key":"SMITH"},{"data":"Shockwave","floor":13,"key":"SMITH"},{"data":"True Grit","floor":15,"key":"SMITH"},{"data":"Barricade","floor":24,"key":"SMITH"},{"data":"Body Slam","floor":30,"key":"SMITH"},{"floor":32,"key":"REST"}],"circlet_count":0,"master_deck":["AscendersBane","Strike_R","Strike_R","Strike_R","Strike_R","Strike_R","Defend_R","Defend_R","Defend_R","Bash+1","Shrug It Off","Sword Boomerang","Pummel","Battle Trance","Doubt","Shockwave+1","True Grit+1","Barricade+1","Metallicize+1","Flex","Body Slam","Thunderclap+1","Heavy Blade","Body Slam","Body Slam+1","Armaments","Shrug It Off","Berserk","Body Slam","Flame Barrier"],"relics":["Burning Blood","NeowsBlessing","Ginger","Bag of Marbles","Turnip","Mercury Hourglass","Du-Vu Doll","Ectoplasm","Red Mask","Meat on the Bone","CeramicFish","Thread and Needle","Darkstone Periapt","Bottled Lightning","Runic Cube"],"acts_visited":["Exordium","TheCity","TheBeyond"],"potions_floor_usage":[16,19,25,28,33,33],"damage_taken":[{"damage":0,"enemies":"2 Louse","floor":1,"turns":1},{"damage":0,"enemies":"Jaw Worm","floor":4,"turns":1},{"damage":0,"enemies":"Lagavulin","floor":6,"turns":1},{"damage":24,"enemies":"Gremlin Nob","floor":12,"turns":4},{"damage":0,"enemies":"Small Slimes","floor":14,"turns":1},{"damage":44,"enemies":"The Guardian","floor":16,"turns":6},{"damage":5,"enemies":"3 Byrds","floor":18,"turns":4},{"damage":6,"enemies":"Shell Parasite","floor":19,"turns":3},{"damage":16,"enemies":"Masked Bandits","floor":20,"turns":4},{"damage":32,"enemies":"Shelled Parasite and Fungi","floor":22,"turns":4},{"damage":14,"enemies":"Slavers","floor":23,"turns":4},{"damage":2,"enemies":"Gremlin Leader","floor":25,"turns":6},{"damage":6,"enemies":"Centurion and Healer","floor":27,"turns":6},{"damage":13,"enemies":"Chosen and Byrds","floor":28,"turns":6},{"damage":29,"enemies":"Slavers","floor":29,"turns":6},{"damage":8,"enemies":"Shelled Parasite and Fungi","floor":31,"turns":4},{"damage":9,"enemies":"Champ","floor":33,"turns":8},{"damage":21,"enemies":"3 Darklings","floor":35,"turns":3},{"damage":3,"enemies":"Orb Walker","floor":36,"turns":3},{"damage":90,"enemies":"Giant Head","floor":40,"turns":8}],"seed_played":"6723894838194857828","potions_obtained":[{"floor":4,"key":"PowerPotion"},{"floor":12,"key":"Fire Potion"},{"floor":14,"key":"Dexterity Potion"},{"floor":18,"key":"AttackPotion"},{"floor":22,"key":"ElixirPotion"},{"floor":25,"key":"Dexterity Potion"},{"floor":27,"key":"ColorlessPotion"},{"floor":31,"key":"LiquidBronze"}],"is_trial":false,"path_per_floor":["M","$","?","M","?","E","?","$","T","T","R","E","R","M","R","B",null,"M","M","?","$","M","E","R","E","T","M","M","E","R","M","R","B",null,"M","M","?","?","$","E"],"character_chosen":"IRONCLAD","items_purchased":["Sword Boomerang","Meat on the Bone","Body Slam"],"campfire_rested":1,"item_purchase_floors":[2,21,21],"current_hp_per_floor":[74,74,75,75,75,75,75,75,75,75,75,57,57,63,63,25,63,64,64,54,54,40,44,44,48,48,48,53,42,42,52,74,71,74,59,62,62,62,62,0,0],"gold":27,"neow_bonus":"THREE_ENEMY_KILL","is_daily":false,"chose_seed":false,"campfire_upgraded":5,"win_rate":0.0,"timestamp":1608775263,"path_taken":["M","$","?","M","?","E","?","?","T","?","R","E","R","M","R","BOSS","M","M","?","$","M","E","R","E","T","M","M","E","R","M","R","BOSS","M","M","?","?","?","E"],"items_purchased_type":["Card","Relic","Card"],"build_version":"2020-12-22","purchased_purges":1,"victory":false,"max_hp_per_floor":[75,75,75,75,75,75,75,75,75,75,75,75,75,75,75,75,75,75,75,75,75,75,75,75,75,75,75,75,75,75,75,75,75,75,75,75,75,75,75,75,75],"relic_stats":{"Darkstone Periapt":0,"counters":[20,83],"CeramicFish":0,"Turnip":[4],"Ectoplasm":667,"Ginger":[26],"obtain_stats":[{"Darkstone Periapt":26,"NeowsBlessing":0,"CeramicFish":23,"Thread and Needle":25,"Ginger":5,"Burning Blood":0,"Mercury Hourglass":10,"Du-Vu Doll":12,"Turnip":9,"Ectoplasm":17,"Bag of Marbles":6,"Red Mask":20,"Bottled Lightning":29,"Meat on the Bone":21,"Runic Cube":34},{"Darkstone Periapt":12,"NeowsBlessing":0,"CeramicFish":11,"Thread and Needle":12,"Ginger":2,"Burning Blood":0,"Mercury Hourglass":3,"Du-Vu Doll":4,"Turnip":3,"Ectoplasm":6,"Bag of Marbles":3,"Red Mask":9,"Bottled Lightning":15,"Meat on the Bone":9,"Runic Cube":17},{"Darkstone Periapt":39,"NeowsBlessing":0,"CeramicFish":33,"Thread and Needle":39,"Ginger":2,"Burning Blood":0,"Mercury Hourglass":3,"Du-Vu Doll":7,"Turnip":3,"Ectoplasm":14,"Bag of Marbles":3,"Red Mask":25,"Bottled Lightning":57,"Meat on the Bone":25,"Runic Cube":69}],"Burning Blood":102,"Mercury Hourglass":[314],"Meat on the Bone":60,"Runic Cube":[7]},"card_choices":[{"not_picked":["Clash","Disarm"],"picked":"Shrug It Off","floor":1},{"not_picked":["Dark Embrace","Entrench"],"picked":"Pummel","floor":4},{"not_picked":["Wild Strike","Evolve"],"picked":"Battle Trance","floor":6},{"not_picked":["Sword Boomerang","Corruption"],"picked":"Shockwave","floor":12},{"not_picked":["Dual Wield","Iron Wave"],"picked":"True Grit","floor":14},{"not_picked":["Fiend Fire","Berserk"],"picked":"Barricade","floor":16},{"not_picked":["Ghostly Armor","Dark Embrace"],"picked":"Metallicize+1","floor":18},{"not_picked":["Havoc","Iron Wave","True Grit"],"picked":"SKIP","floor":19},{"not_picked":["Pommel Strike","Combust"],"picked":"Flex","floor":20},{"not_picked":["Anger","Inflame"],"picked":"Thunderclap+1","floor":22},{"not_picked":["Clash","Dark Embrace"],"picked":"Heavy Blade","floor":23},{"not_picked":["Berserk","Perfected Strike"],"picked":"Body Slam","floor":25},{"not_picked":["Twin Strike","Combust+1","Iron Wave"],"picked":"SKIP","floor":27},{"not_picked":["Sword Boomerang","Armaments"],"picked":"Body Slam","floor":28},{"not_picked":["Headbutt","Hemokinesis"],"picked":"Armaments","floor":29},{"not_picked":["Iron Wave","Havoc"],"picked":"Shrug It Off","floor":31},{"not_picked":["Brutality","Limit Break"],"picked":"Berserk","floor":33},{"not_picked":["Perfected Strike","Cleave"],"picked":"Body Slam","floor":35},{"not_picked":["Dual Wield","Thunderclap"],"picked":"Flame Barrier","floor":36}],"player_experience":2024439,"relics_obtained":[{"floor":6,"key":"Bag of Marbles"},{"floor":9,"key":"Turnip"},{"floor":10,"key":"Mercury Hourglass"},{"floor":12,"key":"Du-Vu Doll"},{"floor":20,"key":"Red Mask"},{"floor":23,"key":"CeramicFish"},{"floor":25,"key":"Thread and Needle"},{"floor":26,"key":"Darkstone Periapt"},{"floor":29,"key":"Bottled Lightning"}],"event_choices":[{"damage_healed":18,"gold_gain":0,"player_choice":"Healed","damage_taken":0,"max_hp_gain":0,"max_hp_loss":0,"event_name":"The Cleric","floor":3,"gold_loss":35},{"damage_healed":0,"gold_gain":0,"player_choice":"Box","damage_taken":0,"relics_obtained":["Ginger"],"max_hp_gain":0,"max_hp_loss":0,"event_name":"Big Fish","floor":5,"gold_loss":0,"cards_obtained":["Regret"]},{"damage_healed":0,"gold_gain":150,"player_choice":"AGREE","damage_taken":0,"max_hp_gain":0,"max_hp_loss":0,"event_name":"Liars Game","floor":7,"gold_loss":0,"cards_obtained":["Doubt"]},{"damage_healed":0,"gold_gain":0,"player_choice":"Fought Bandits","damage_taken":0,"max_hp_gain":0,"max_hp_loss":0,"event_name":"Masked Bandits","floor":20,"gold_loss":0},{"damage_healed":0,"gold_gain":222,"player_choice":"Wore Mask","damage_taken":0,"max_hp_gain":0,"max_hp_loss":0,"event_name":"Tomb of Lord Red Mask","floor":37,"gold_loss":0},{"cards_removed":["Defend_R"],"damage_healed":0,"gold_gain":0,"player_choice":"Removed Skill","damage_taken":0,"max_hp_gain":0,"max_hp_loss":0,"event_name":"Falling","floor":38,"gold_loss":0}],"is_beta":false,"boss_relics":[{"not_picked":["SacredBark","Fusion Hammer"],"picked":"Ectoplasm"},{"not_picked":["Tiny House","Mark of Pain"],"picked":"Runic Cube"}],"items_purged_floors":[8],"is_endless":false,"potions_floor_spawned":[4,12,14,18,22,25,27,31],"killed_by":"Giant Head","ascension_level":16}}