{"host":"9ndbo4kgsfoemf7y","time":1608804949,"event":{"mods":["AchievementEnabler","BaseMod","Colored Map","DeckTracker","Keyboard Shortcuts","Minty Spire (QoL Compilation)","Permanent Neow","Quick Restart","Relic Stats","StSLib","SuperFastMode"],"gold_per_floor":[112,187,203,47,57,85,85,85,85],"floor_reached":8,"playtime":197,"items_purged":["Strike_R"],"score":112,"play_id":"8bd4ea66-d61d-457e-9c51-c83d3a5955b3","local_time":"20201224191549","is_ascension_mode":true,"campfire_choices":[{"floor":7,"key":"REST"}],"circlet_count":0,"master_deck":["AscendersBane","Strike_R","Strike_R","Strike_R","Strike_R","Defend_R","Defend_R","Defend_R","Defend_R","Bash","Cleave","Pommel Strike","Dark Embrace","Sever Soul","Feel No Pain"],"relics":["Burning Blood","Peace Pipe"],"acts_visited":["Exordium"],"potions_floor_usage":[6],"damage_taken":[{"damage":19.0,"enemies":"Jaw Worm","floor":1.0,"turns":4.0},{"damage":0.0,"enemies":"2 Louse","floor":3.0,"turns":2.0},{"damage":1.0,"enemies":"Cultist","floor":5.0,"turns":3.0},{"damage":45,"enemies":"3 Sentries","floor":6,"turns":7},{"damage":40,"enemies":"Lagavulin","floor":8,"turns":5}],"seed_played":"5529929671117791654","potions_obtained":[{"floor":1.0,"key":"Block Potion"}],"is_trial":false,"path_per_floor":["M","?","M","$","M","E","R","E"],"character_chosen":"IRONCLAD","items_purchased":["Dark Embrace"],"campfire_rested":1,"item_purchase_floors":[4],"current_hp_per_floor":[55,44,50,50,55,16,38,0,0],"gold":85,"neow_bonus":"THREE_CARDS","is_daily":false,"chose_seed":false,"campfire_upgraded":0,"win_rate":0.0,"timestamp":1608804949,"path_taken":["M","?","M","$","M","E","R","E"],"items_purchased_type":["Card"],"build_version":"2020-12-22","purchased_purges":1,"victory":false,"max_hp_per_floor":[75,75,75,75,75,75,75,75,75],"relic_stats":{"Peace Pipe":0,"counters":[5,21],"obtain_stats":[{"Peace Pipe":6,"Burning Blood":0},{"Peace Pipe":4,"Burning Blood":0},{"Peace Pipe":16,"Burning Blood":0}],"Burning Blood":24},"card_choices":[{"not_picked":["Sword Boomerang","Body Slam"],"picked":"Cleave","floor":0.0},{"not_picked":["Evolve","Twin Strike"],"picked":"Pommel Strike","floor":1.0},{"not_picked":["Body Slam","True Grit","Clothesline"],"picked":"SKIP","floor":3.0},{"not_picked":["Dual Wield","Heavy Blade"],"picked":"Sever Soul","floor":5.0},{"not_picked":["Hemokinesis","Pommel Strike"],"picked":"Feel No Pain","floor":6}],"player_experience":738204,"relics_obtained":[{"floor":6,"key":"Peace Pipe"}],"event_choices":[{"damage_healed":0.0,"max_hp_gain":0.0,"max_hp_loss":0.0,"gold_gain":75.0,"event_name":"World of Goop","player_choice":"Gather Gold","floor":2.0,"gold_loss":0.0,"damage_taken":11.0}],"is_beta":false,"boss_relics":[],"items_purged_floors":[4],"is_endless":false,"potions_floor_spawned":[1],"killed_by":"Lagavulin","ascension_level":20}}