{"host":"51dweoxrcspgw6ri","time":1608849077,"event":{"mods":["BaseMod","Colored Map","Colored Powertips","Minty Spire (QoL Compilation)","Rare Cards Sparkle","Relic Stats","StSLib","SuperFastMode","The Bug Knight"],"gold_per_floor":[20,20,20,37,52,85,85,113,137,151,151,164,21,46,46,150,150,161,173,26,37,54,54,54,54,54,54,82,112,49,96,108,221,233,263,327,355,218,218,253,263,263,263,290,302,230,140,169,169,169],"floor_reached":51,"playtime":3957,"items_purged":["HollowMod:NailStrikeStart"],"score":845,"play_id":"8c218e4d-35fb-4d61-9dea-0583122a7946","local_time":"20201224233117","is_ascension_mode":true,"campfire_choices":[{"data":"Apotheosis","floor":7.0,"key":"SMITH"},{"data":"HollowMod:Hiveblood","floor":11.0,"key":"SMITH"},{"data":"HollowMod:GreatSlash","floor":15.0,"key":"SMITH"},{"floor":23.0,"key":"REST"},{"data":"HollowMod:SiblingsSouls","floor":25.0,"key":"SMITH"},{"floor":27.0,"key":"REST"},{"floor":32.0,"key":"REST"},{"floor":42,"key":"REST"},{"floor":49,"key":"REST"}],"circlet_count":0,"master_deck":["HollowMod:QuickDashStart","HollowMod:QuickDashStart","HollowMod:QuickDashStart","HollowMod:QuickDashStart","HollowMod:FocusHealStart","HollowMod:PogoStrike","Apotheosis+1","HollowMod:HeavyBlow+1","HollowMod:BrokenVessel","HollowMod:DungDefenderAura","HollowMod:CycloneSlash+1","HollowMod:Hiveblood+1","HollowMod:CloakDash","HollowMod:PureNailStrike","HollowMod:GreatSlash+1","HollowMod:ZotesMagnificence","HollowMod:SiblingsSouls+1","HollowMod:ChannelNail+1","HollowMod:PerfectDash+1","HollowMod:TaintedHusks","HollowMod:HuntersJournal","HollowMod:HuntersJournal+1","HollowMod:SoulVessel","HollowMod:PureVessel","HollowMod:NewLittleFool","HollowMod:PerfectDash","HollowMod:PerfectDash","HollowMod:HerrahsAnger","HollowMod:NewGlowingWomb+1","HollowMod:SoulEater","HollowMod:ChannelNail+1","HollowMod:HuntersJournal","HollowMod:VengefulSpirit+1"],"relics":["HollowMod:VesselMask","NlothsMask","Potion Belt","Omamori","Vajra","Whetstone","SlaversCollar","MawBank","Pear","Sozu","HollowMod:QueensCombRelic","Dream Catcher","HollowMod:MillibellesNoteRelic","Sundial","Ancient Tea Set","Shuriken"],"acts_visited":["Exordium","TheCity","TheBeyond"],"potions_floor_usage":[33,36],"damage_taken":[{"damage":4.0,"enemies":"Jaw Worm","floor":1.0,"turns":3.0},{"damage":3.0,"enemies":"2 Louse","floor":4.0,"turns":2.0},{"damage":0.0,"enemies":"Cultist","floor":5.0,"turns":3.0},{"damage":7.0,"enemies":"Gremlin Nob","floor":6.0,"turns":4.0},{"damage":12.0,"enemies":"3 Sentries","floor":8.0,"turns":6.0},{"damage":8.0,"enemies":"Lots of Slimes","floor":10.0,"turns":4.0},{"damage":23.0,"enemies":"Large Slime","floor":12.0,"turns":7.0},{"damage":16.0,"enemies":"Gremlin Nob","floor":14.0,"turns":3.0},{"damage":33.0,"enemies":"HollowMod:FalseKnight","floor":16.0,"turns":10.0},{"damage":0.0,"enemies":"3 Byrds","floor":18.0,"turns":3.0},{"damage":22.0,"enemies":"Shell Parasite","floor":19.0,"turns":5.0},{"damage":40.0,"enemies":"Chosen and Byrds","floor":21.0,"turns":9.0},{"damage":11.0,"enemies":"Snecko","floor":22.0,"turns":3.0},{"damage":13.0,"enemies":"Slavers","floor":28.0,"turns":4.0},{"damage":30.0,"enemies":"Shelled Parasite and Fungi","floor":29.0,"turns":6.0},{"damage":14.0,"enemies":"Gremlin Leader","floor":31.0,"turns":6.0},{"damage":75,"enemies":"Champ","floor":33,"turns":12},{"damage":35,"enemies":"3 Darklings","floor":35,"turns":9},{"damage":42,"enemies":"2 Orb Walkers","floor":36,"turns":5},{"damage":17,"enemies":"3 Shapes","floor":37,"turns":7},{"damage":76,"enemies":"Giant Head","floor":40,"turns":13},{"damage":0,"enemies":"Transient","floor":41,"turns":5},{"damage":3,"enemies":"Nemesis","floor":44,"turns":7},{"damage":33,"enemies":"Sphere and 2 Shapes","floor":45,"turns":9},{"damage":74,"enemies":"Giant Head","floor":48,"turns":11},{"damage":6,"enemies":"HollowMod:Radiance","floor":50,"turns":14}],"seed_played":"-3607928882323863555","potions_obtained":[{"floor":5.0,"key":"Energy Potion"},{"floor":6.0,"key":"Weak Potion"},{"floor":12.0,"key":"Strength Potion"},{"floor":21.0,"key":"AttackPotion"},{"floor":22.0,"key":"Block Potion"},{"floor":28.0,"key":"CultistPotion"},{"floor":33,"key":"Swift Potion"}],"is_trial":false,"path_per_floor":["M","?","?","M","M","E","R","E","T","M","R","M","$","E","R","B",null,"M","M","$","M","M","R","$","R","T","R","E","M","?","E","R","B",null,"M","?","M","$","?","E","M","R","T","E","M","$","?","E","R","B",null],"character_chosen":"THE_BUGKNIGHT","items_purchased":["Vajra","HollowMod:PerfectDash","Dream Catcher","HollowMod:HuntersJournal"],"campfire_rested":5,"item_purchase_floors":[13,20,38,46],"current_hp_per_floor":[71,71,71,68,74,67,67,61,61,59,59,71,71,62,62,57,75,75,53,53,19,8,30,30,30,30,52,39,15,15,29,54,80,85,78,49,56,56,56,4,30,46,46,53,56,56,56,4,20,56],"gold":169,"neow_bonus":"RANDOM_COLORLESS_2","is_daily":false,"chose_seed":false,"campfire_upgraded":4,"win_rate":0.0,"timestamp":1608849077,"path_taken":["M","?","?","M","M","E","R","E","T","?","R","M","$","E","R","BOSS","M","?","$","M","M","R","$","R","T","R","E","M","?","E","R","BOSS","M","?","M","$","?","E","M","R","T","E","?","$","?","E","R","BOSS"],"items_purchased_type":["Relic","Card","Relic","Card"],"build_version":"2020-12-22","purchased_purges":1,"victory":true,"max_hp_per_floor":[75,75,75,75,75,75,75,75,75,75,75,75,75,75,75,75,75,75,75,75,75,75,75,75,75,75,75,75,75,75,85,85,85,85,85,56,56,56,56,56,56,56,56,56,56,56,56,56,56,56],"relic_stats":{"Sozu":4,"Dream Catcher":2,"counters":[26,170],"Sundial":[8],"Shuriken":[10],"Whetstone":["HollowMod:HeavyBlow","HollowMod:CycloneSlash"],"MawBank":120,"obtain_stats":[{"Potion Belt":6,"HollowMod:QueensCombRelic":36,"Pear":31,"Vajra":13,"HollowMod:VesselMask":0,"Omamori":8,"Whetstone":14,"MawBank":28,"HollowMod:MillibellesNoteRelic":40,"Ancient Tea Set":44,"Sozu":34,"SlaversCollar":17,"Dream Catcher":38,"Sundial":43,"Shuriken":48,"NlothsMask":3},{"Potion Belt":4,"HollowMod:QueensCombRelic":19,"Pear":16,"Vajra":7,"HollowMod:VesselMask":0,"Omamori":5,"Whetstone":8,"MawBank":14,"HollowMod:MillibellesNoteRelic":21,"Ancient Tea Set":23,"Sozu":17,"SlaversCollar":9,"Dream Catcher":20,"Sundial":22,"Shuriken":25,"NlothsMask":1},{"Potion Belt":12,"HollowMod:QueensCombRelic":104,"Pear":78,"Vajra":29,"HollowMod:VesselMask":0,"Omamori":18,"Whetstone":32,"MawBank":66,"HollowMod:MillibellesNoteRelic":124,"Ancient Tea Set":136,"Sozu":90,"SlaversCollar":42,"Dream Catcher":111,"Sundial":129,"Shuriken":156,"NlothsMask":3}]},"card_choices":[{"not_picked":["Secret Weapon","Transmutation"],"picked":"Apotheosis","floor":0.0},{"not_picked":["HollowMod:BaldurShell","HollowMod:CoiledNail"],"picked":"HollowMod:HeavyBlow","floor":1.0},{"not_picked":["HollowMod:CornifersMapStart","HollowMod:TaintedHusks"],"picked":"HollowMod:DungDefenderAura","floor":4.0},{"not_picked":["HollowMod:GoodIntentions","HollowMod:SoulSplash","HollowMod:VengefulVoid"],"picked":"SKIP","floor":5.0},{"not_picked":["HollowMod:HeavyBlow","HollowMod:InfectedAttack"],"picked":"HollowMod:CycloneSlash","floor":6.0},{"not_picked":["HollowMod:WraithStrike","HollowMod:SiblingsShadow"],"picked":"HollowMod:Hiveblood","floor":8.0},{"not_picked":["HollowMod:Grubsong","HollowMod:CornifersMapStart"],"picked":"HollowMod:CloakDash","floor":10.0},{"not_picked":["HollowMod:BaldurShell","HollowMod:AbyssShriek"],"picked":"HollowMod:PureNailStrike","floor":12.0},{"not_picked":["HollowMod:CycloneSlash","HollowMod:WraithStrike"],"picked":"HollowMod:GreatSlash","floor":14.0},{"not_picked":["HollowMod:MidwifesHunger","HollowMod:VoidDash"],"picked":"HollowMod:ZotesMagnificence","floor":16.0},{"not_picked":["HollowMod:DashSlash","HollowMod:BrokenVessel+1"],"picked":"HollowMod:SiblingsSouls","floor":18.0},{"not_picked":["HollowMod:NewJinnsSoul+1","HollowMod:InfectedAttack"],"picked":"HollowMod:ChannelNail","floor":19.0},{"not_picked":["HollowMod:DashSlash+1","HollowMod:CornifersMapStart"],"picked":"HollowMod:TaintedHusks","floor":21.0},{"not_picked":["HollowMod:GreatSlash","HollowMod:CornifersMapStart+1","HollowMod:PureNailStrike+1"],"picked":"SKIP","floor":22.0},{"not_picked":["HollowMod:SoulMaster","HollowMod:InfectionAssault"],"picked":"HollowMod:HuntersJournal","floor":28.0},{"not_picked":["HollowMod:InfectedAttack","HollowMod:CornifersMapStart"],"picked":"HollowMod:HuntersJournal+1","floor":29.0},{"not_picked":["HollowMod:LuriensSpire","HollowMod:MonomonsArchive"],"picked":"HollowMod:SoulVessel","floor":31.0},{"not_picked":["HollowMod:AwokenDreamNail","HollowMod:SoulMaster"],"picked":"HollowMod:PureVessel","floor":33},{"not_picked":["HollowMod:SoulStrike","HollowMod:MonomonsArchive+1"],"picked":"HollowMod:NewLittleFool","floor":35},{"not_picked":["HollowMod:DescendingDark+1","HollowMod:SharpenedNail"],"picked":"HollowMod:PerfectDash","floor":36},{"not_picked":["HollowMod:SoulSplash+1","HollowMod:VengefulVoid"],"picked":"HollowMod:PerfectDash","floor":37},{"not_picked":["HollowMod:DashSlash","HollowMod:WraithStrike+1","HollowMod:ShapeofUnn+1"],"picked":"SKIP","floor":40},{"not_picked":["HollowMod:SoulStrike","HollowMod:HeavyBlow"],"picked":"HollowMod:HerrahsAnger","floor":41},{"not_picked":["HollowMod:TaintedHusks+1","HollowMod:SoulSplash+1"],"picked":"HollowMod:NewGlowingWomb+1","floor":42},{"not_picked":["HollowMod:VengefulVoid+1","HollowMod:GoodIntentions"],"picked":"HollowMod:SoulEater","floor":44},{"not_picked":["HollowMod:DashSlash+1","HollowMod:FallenFury+1"],"picked":"HollowMod:ChannelNail+1","floor":45},{"not_picked":["HollowMod:InfectedAttack+1","HollowMod:TaintedHusks+1","HollowMod:InfectionAssault+1"],"picked":"SKIP","floor":48},{"not_picked":["HollowMod:HeavyBlow+1","HollowMod:InfectedAttack+1"],"picked":"HollowMod:VengefulSpirit+1","floor":49}],"player_experience":543770,"relics_obtained":[{"floor":6.0,"key":"Potion Belt"},{"floor":8.0,"key":"Omamori"},{"floor":14.0,"key":"Whetstone"},{"floor":28.0,"key":"MawBank"},{"floor":31.0,"key":"Pear"},{"floor":36,"key":"HollowMod:QueensCombRelic"},{"floor":40,"key":"HollowMod:MillibellesNoteRelic"},{"floor":43,"key":"Sundial"},{"floor":44,"key":"Ancient Tea Set"},{"floor":48,"key":"Shuriken"}],"event_choices":[{"damage_healed":0.0,"max_hp_gain":0.0,"max_hp_loss":0.0,"gold_gain":0.0,"cards_transformed":["HollowMod:NailStrikeStart"],"event_name":"Living Wall","player_choice":"Change","floor":2.0,"gold_loss":0.0,"damage_taken":0.0,"cards_obtained":["HollowMod:BrokenVessel"]},{"damage_healed":0.0,"max_hp_gain":0.0,"max_hp_loss":0.0,"gold_gain":0.0,"event_name":"FaceTrader","player_choice":"Trade","floor":3.0,"gold_loss":0.0,"damage_taken":0.0,"relics_obtained":["NlothsMask"]},{"cards_removed":["HollowMod:NailStrikeStart"],"damage_healed":0.0,"max_hp_gain":0.0,"max_hp_loss":0.0,"gold_gain":0.0,"event_name":"Beggar","player_choice":"Gave Gold","floor":30.0,"gold_loss":75.0,"damage_taken":0.0},{"damage_healed":0,"gold_gain":0,"player_choice":"Fight","damage_taken":0,"max_hp_gain":0,"max_hp_loss":0,"event_name":"Mysterious Sphere","floor":36,"gold_loss":0},{"damage_healed":0,"gold_gain":0,"player_choice":"Forge","damage_taken":0,"max_hp_gain":0,"max_hp_loss":0,"event_name":"Accursed Blacksmith","floor":39,"gold_loss":0,"cards_upgraded":["HollowMod:PerfectDash"]},{"cards_removed":["HollowMod:NailStrikeStart"],"damage_healed":0,"gold_gain":0,"player_choice":"Upgrade and Remove","damage_taken":0,"max_hp_gain":0,"max_hp_loss":0,"event_name":"Designer","floor":47,"gold_loss":90,"cards_upgraded":["HollowMod:ChannelNail"]}],"is_beta":false,"boss_relics":[{"not_picked":["HollowMod:VoidIdolRelic","Ectoplasm"],"picked":"SlaversCollar"},{"not_picked":["Velvet Choker","Busted Crown"],"picked":"Sozu"}],"items_purged_floors":[20],"is_endless":false,"potions_floor_spawned":[5,6,12,21,22,28,33,37,41,44,45],"ascension_level":2}}