{"host":"dcj2yvrgcvh5dl2s","time":1608792722,"event":{"mods":["BaseMod","Better Note","Block Reminder","Colored Powertips","DeckTracker","Minty Spire (QoL Compilation)","Quick Restart","Rare Cards Sparkle","Relic Stats","StSLib"],"gold_per_floor":[15,27,41,60,13,40,40,70,97,97,97],"floor_reached":10,"playtime":1766,"items_purged":[],"score":94,"play_id":"fdb54964-c349-43d9-aeea-9cb4096a3b2f","local_time":"20201224165202","is_ascension_mode":true,"campfire_choices":[{"floor":7,"key":"REST"}],"circlet_count":0,"master_deck":["Strike_G","Strike_G","Strike_G","Strike_G","Strike_G","Defend_G","Defend_G","Defend_G","Defend_G","Defend_G","Survivor","Neutralize","Mayhem","Noxious Fumes","Deadly Poison","Escape Plan","Backflip","Dodge and Roll","Deflect"],"relics":["Ring of the Snake","MealTicket","Snake Skull","Regal Pillow"],"acts_visited":["Exordium"],"potions_floor_usage":[6,6,8],"damage_taken":[{"damage":0,"enemies":"Cultist","floor":1,"turns":5},{"damage":8,"enemies":"Small Slimes","floor":2,"turns":5},{"damage":4,"enemies":"Jaw Worm","floor":3,"turns":4},{"damage":9,"enemies":"Exordium Thugs","floor":4,"turns":5},{"damage":40,"enemies":"Gremlin Nob","floor":6,"turns":5},{"damage":5,"enemies":"Lagavulin","floor":8,"turns":8},{"damage":50,"enemies":"Gremlin Nob","floor":10,"turns":5}],"seed_played":"107376607332776453","potions_obtained":[{"floor":1,"key":"LiquidMemories"},{"floor":4,"key":"ColorlessPotion"},{"floor":6,"key":"Regen Potion"}],"is_trial":false,"path_per_floor":["M","M","M","M","$","E","R","E","T","E"],"character_chosen":"THE_SILENT","items_purchased":["Backflip"],"campfire_rested":1,"item_purchase_floors":[5],"current_hp_per_floor":[70,62,58,49,49,9,30,37,37,0,0],"gold":97,"neow_bonus":"RANDOM_COLORLESS_2","is_daily":false,"chose_seed":false,"campfire_upgraded":0,"win_rate":0.0,"timestamp":1608792722,"path_taken":["M","M","M","M","?","E","R","E","T","E"],"items_purchased_type":["Card"],"build_version":"2020-12-22","purchased_purges":0,"victory":false,"max_hp_per_floor":[70,70,70,70,70,70,70,70,70,70,70],"relic_stats":{"Regal Pillow":0,"counters":[7,37],"MealTicket":0,"Snake Skull":[3],"obtain_stats":[{"Regal Pillow":9,"MealTicket":6,"Snake Skull":8,"Ring of the Snake":0},{"Regal Pillow":6,"MealTicket":5,"Snake Skull":6,"Ring of the Snake":0},{"Regal Pillow":32,"MealTicket":24,"Snake Skull":32,"Ring of the Snake":0}],"Ring of the Snake":[14]},"card_choices":[{"not_picked":["Chrysalis","HandOfGreed"],"picked":"Mayhem","floor":0},{"not_picked":["Dagger Throw","Concentrate"],"picked":"Noxious Fumes","floor":1},{"not_picked":["Well Laid Plans","Masterful Stab"],"picked":"Deadly Poison","floor":2},{"not_picked":["Expertise","Dagger Spray","Dagger Throw"],"picked":"SKIP","floor":3},{"not_picked":["Bane","Skewer"],"picked":"Escape Plan","floor":4},{"not_picked":["Quick Slash","Acrobatics"],"picked":"Dodge and Roll","floor":6},{"not_picked":["Doppelganger","Dagger Throw"],"picked":"Deflect","floor":8}],"player_experience":2041476,"relics_obtained":[{"floor":6,"key":"MealTicket"},{"floor":8,"key":"Snake Skull"},{"floor":9,"key":"Regal Pillow"}],"event_choices":[],"is_beta":false,"boss_relics":[],"items_purged_floors":[],"is_endless":false,"potions_floor_spawned":[1,4,6],"killed_by":"Gremlin Nob","ascension_level":4}}