{"host":"htqwg582tjjtn9p7","time":1608802789,"event":{"mods":["2.2 Compatiblity","AchievementEnabler","Act Like it!","Aspiration","BaseMod","Better Third Choice","Colored Map","Conspire","Curses Come First","Displayed Cursed Tome","Energized Spire","Force Act Four","GifTheSpireLib","Hermit","Highlight Path","JesterMod","Mad Scientist","Minty Spire (QoL Compilation)","Pale of the Ancients","Permanent Neow","Random Character Button","Relic Stats","Replay The Spire","Robot Space Explorer","Somnambulant","Spicy Shops","Spikes Relics","StSLib","Stuff the Spire","The Blue Laboratory","The Disciple","The Dragon Tamer","The Forsaken","The Gatherer","The Judge","The Jungle","The Marked","The Runesmith","The Servant 0.9.4"],"gold_per_floor":[116,130,130,55,65,65,45,60,111,111,145,160,174,205,205,303,303,320,333,138,53,72,106,106,126,126,160,174,174,192,227,227,328,428,445,463,510,490,509,519,549,560,583,618,618,634,634,668,668,668,684,697,708,658,658,678,678,526,526,526],"floor_reached":61,"playtime":2656,"items_purged":["StuffTheSpire:CuriosityCurse","theMarked:Strike","theMarked:Strike+1","theMarked:Defend"],"score":1541,"play_id":"d2f245ac-54ce-4e39-8535-0f08eccfdc75","local_time":"20201224103949","is_ascension_mode":true,"campfire_choices":[{"data":"theMarked:Seal","floor":6,"key":"SMITH"},{"data":"theMarked:SoldierOfQuellstein","floor":10,"key":"SMITH"},{"data":"theMarked:StartUp","floor":15,"key":"SMITH"},{"data":"theMarked:EternalStudent","floor":24,"key":"SMITH"},{"data":"theMarked:Seal","floor":32,"key":"SMITH"},{"data":"Pot Of Greed","floor":45,"key":"SMITH"},{"data":"Pot Of Greed","floor":47,"key":"SMITH"},{"floor":49,"key":"DIG"},{"floor":55,"key":"RECALL"},{"data":"theMarked:Levitate","floor":57,"key":"SMITH"}],"circlet_count":0,"master_deck":["theMarked:Defend","theMarked:Defend","theMarked:Defend","theMarked:SoldierOfQuellstein+1","theMarked:HeightenedSenses","theMarked:BanishingStrike+1","theMarked:Seal+1","theMarked:Seal+1","theMarked:EternalStudent+1","theMarked:EmpowerWeapon","theMarked:StartUp+1","theMarked:Levitate+1","theMarked:Improvise+1","theMarked:Overcharge","theMarked:EmpowerWeapon+1","theMarked:Indomitable+1","theMarked:EmpowerWeapon","theMarked:SwordAndMagic","Pot Of Greed+1","Pot Of Greed+1","theMarked:Overcharge"],"relics":["energizedSpire:NeverEndingSparkler","StuffTheSpire:OldFever","betterThird:SlimedRelic","Smiling Mask","Replay:Bottled Steam","Mummified Hand","Replay:Drink Me","StuffTheSpire:BottledEssence","Ice Cream","Quantum Egg","CrustySpines","StuffTheSpire:GrapeVine","StuffTheSpire:RubySignet","Replay:Wanted Poster","Whetstone","BlackRope","Orichalcum","Grinning Jar","StuffTheSpire:PointBlank","ZombieTooth","paleoftheancients:Timepiece","paleoftheancients:KeyRelic","Gremlin Horn","CultistMask","paleoftheancients:SoulOfTheWatcher","paleoftheancients:BlurryLens"],"acts_visited":["Exordium","TheCity","TheBeyond","TheBeyond"],"potions_floor_usage":[13,19,25,31,44,51],"damage_taken":[{"damage":0,"enemies":"2 Louse","floor":1,"turns":3},{"damage":1,"enemies":"Jaw Worm","floor":2,"turns":5},{"damage":1,"enemies":"Cultist","floor":5,"turns":4},{"damage":0,"enemies":"Gremlin Gang","floor":8,"turns":5},{"damage":0,"enemies":"Lagavulin","floor":11,"turns":3},{"damage":4,"enemies":"conspire:2 RoseBushes","floor":12,"turns":4},{"damage":0,"enemies":"Exordium Wildlife","floor":13,"turns":2},{"damage":4,"enemies":"3 Sentries","floor":14,"turns":5},{"damage":0,"enemies":"Fading Forest","floor":16,"turns":11},{"damage":0,"enemies":"3 Byrds","floor":18,"turns":4},{"damage":2,"enemies":"2 Thieves","floor":19,"turns":5},{"damage":3,"enemies":"3 Cultists","floor":22,"turns":6},{"damage":0,"enemies":"Replay:Snechameleon","floor":23,"turns":3},{"damage":0,"enemies":"Snake Plant","floor":25,"turns":2},{"damage":7,"enemies":"Book of Stabbing","floor":27,"turns":4},{"damage":0,"enemies":"Centurion and Healer","floor":28,"turns":3},{"damage":0,"enemies":"Cultist and Chosen","floor":30,"turns":3},{"damage":3,"enemies":"Gremlin Leader","floor":31,"turns":3},{"damage":5,"enemies":"Collector","floor":33,"turns":3},{"damage":0,"enemies":"3 Darklings","floor":35,"turns":2},{"damage":0,"enemies":"3 Shapes","floor":36,"turns":2},{"damage":0,"enemies":"Spire Growth","floor":39,"turns":2},{"damage":0,"enemies":"3 Darklings","floor":40,"turns":2},{"damage":0,"enemies":"Reptomancer","floor":41,"turns":2},{"damage":0,"enemies":"Jaw Worm Horde","floor":42,"turns":2},{"damage":0,"enemies":"R_Hoarder","floor":44,"turns":3},{"damage":0,"enemies":"Spire Growth","floor":46,"turns":2},{"damage":0,"enemies":"Reptomancer","floor":48,"turns":4},{"damage":9,"enemies":"Replay:Hell Engine","floor":50,"turns":3},{"damage":2,"enemies":"Replay:Hell Engine","floor":51,"turns":3},{"damage":0,"enemies":"Replay:Hell Engine","floor":52,"turns":2},{"damage":0,"enemies":"paleoftheancients:BASlime3","floor":53,"turns":1},{"damage":0,"enemies":"paleoftheancients:BASlime3","floor":56,"turns":2},{"damage":4,"enemies":"paleoftheancients:N","floor":60,"turns":4}],"seed_played":"7801979129469088498","potions_obtained":[{"floor":8,"key":"blueLaboratory:FrostheartPotion"},{"floor":12,"key":"AttackPotion"},{"floor":14,"key":"blueLaboratory:BottleOfVodka"},{"floor":18,"key":"blueLaboratory:ExaltedPotion"},{"floor":23,"key":"blueLaboratory:FruitPunch"},{"floor":27,"key":"blueLaboratory:HummingbirdPotion"},{"floor":35,"key":"Fire Potion"},{"floor":38,"key":"LifebloodPotion"},{"floor":39,"key":"blueLaboratory:HummingbirdPotion"},{"floor":44,"key":"SpeedPotion"},{"floor":52,"key":"Adrenaline Potion"},{"floor":56,"key":"Block Potion"}],"is_trial":false,"path_per_floor":["M","M","?","$","M","R","?","M","T","R","E","M","M","E","R","B",null,"M","M","$","?","M","E","R","M","T","E","M","?","M","E","R","B",null,"M","M","?","?","M","M","E","M","T","E","R","M","R","E","R_BF","B","M","M","M","$","R","M","R","$","?","B",null],"character_chosen":"THE_DEFAULT","items_purchased":["StuffTheSpire:BottledEssence","EntropicBrew"],"campfire_rested":0,"item_purchase_floors":[20,58],"current_hp_per_floor":[70,69,69,69,68,68,57,57,57,57,57,53,53,49,49,49,53,53,51,51,51,48,48,48,50,50,43,43,55,55,52,52,51,55,55,55,42,42,44,48,50,52,52,54,54,55,55,55,55,55,55,55,55,55,55,55,55,55,55,55],"gold":526,"neow_bonus":"BOSS_RELIC","is_daily":false,"chose_seed":false,"campfire_upgraded":8,"win_rate":0.0,"timestamp":1608802789,"path_taken":["M","M","?","$","M","R","?","M","T","R","E","M","M","E","R","BOSS","M","M","$","?","M","E","R","M","T","E","M","?","M","E","R","BOSS","M","M","?","?","?","M","E","M","T","E","R","M","R","E","R_BF","BOSS","M","M","?","$","R","M","R","$","?","BOSS"],"items_purchased_type":["Relic","Potion"],"build_version":"2020-12-22","purchased_purges":4,"victory":true,"max_hp_per_floor":[70,70,70,70,70,70,70,70,70,70,70,70,70,70,70,70,53,53,53,53,53,53,53,53,55,55,55,55,55,55,55,55,55,55,55,55,55,55,55,55,55,55,55,55,55,55,55,55,55,55,55,55,55,55,55,55,55,55,55,55],"relic_stats":{"Gremlin Horn":[9,9],"counters":[34,114],"Mummified Hand":[2],"Whetstone":["theMarked:Strike","theMarked:BanishingStrike"],"Orichalcum":[24],"Smiling Mask":225,"obtain_stats":[{"Ice Cream":21,"Gremlin Horn":50,"StuffTheSpire:BottledEssence":20,"StuffTheSpire:GrapeVine":27,"Whetstone":37,"Smiling Mask":9,"Replay:Wanted Poster":34,"ZombieTooth":49,"Mummified Hand":14,"paleoftheancients:SoulOfTheWatcher":51,"Replay:Drink Me":17,"Replay:Bottled Steam":11,"paleoftheancients:KeyRelic":50,"paleoftheancients:BlurryLens":53,"Quantum Egg":23,"BlackRope":41,"Orichalcum":43,"paleoftheancients:Timepiece":50,"theMarked:ArtifactOfAir":0,"energizedSpire:NeverEndingSparkler":0,"betterThird:SlimedRelic":7,"CultistMask":50,"StuffTheSpire:RubySignet":31,"StuffTheSpire:PointBlank":48,"Grinning Jar":44,"StuffTheSpire:OldFever":3,"CrustySpines":26},{"Ice Cream":11,"Gremlin Horn":29,"StuffTheSpire:BottledEssence":11,"StuffTheSpire:GrapeVine":15,"Whetstone":21,"Smiling Mask":4,"Replay:Wanted Poster":19,"ZombieTooth":28,"Mummified Hand":8,"paleoftheancients:SoulOfTheWatcher":30,"Replay:Drink Me":9,"Replay:Bottled Steam":5,"paleoftheancients:KeyRelic":29,"paleoftheancients:BlurryLens":32,"Quantum Egg":13,"BlackRope":24,"Orichalcum":25,"paleoftheancients:Timepiece":29,"theMarked:ArtifactOfAir":0,"energizedSpire:NeverEndingSparkler":0,"betterThird:SlimedRelic":3,"CultistMask":29,"StuffTheSpire:RubySignet":18,"StuffTheSpire:PointBlank":28,"Grinning Jar":26,"StuffTheSpire:OldFever":2,"CrustySpines":14},{"Ice Cream":51,"Gremlin Horn":102,"StuffTheSpire:BottledEssence":51,"StuffTheSpire:GrapeVine":66,"Whetstone":82,"Smiling Mask":17,"Replay:Wanted Poster":78,"ZombieTooth":99,"Mummified Hand":31,"paleoftheancients:SoulOfTheWatcher":105,"Replay:Drink Me":42,"Replay:Bottled Steam":20,"paleoftheancients:KeyRelic":102,"paleoftheancients:BlurryLens":108,"Quantum Egg":60,"BlackRope":88,"Orichalcum":90,"paleoftheancients:Timepiece":102,"theMarked:ArtifactOfAir":0,"energizedSpire:NeverEndingSparkler":0,"betterThird:SlimedRelic":12,"CultistMask":102,"StuffTheSpire:RubySignet":75,"StuffTheSpire:PointBlank":99,"Grinning Jar":93,"StuffTheSpire:OldFever":8,"CrustySpines":62}]},"card_choices":[{"not_picked":["theMarked:Improvise","theMarked:WardOff"],"picked":"theMarked:HeightenedSenses","floor":1},{"not_picked":["theMarked:TwofoldDefense","theMarked:Frustration"],"picked":"theMarked:BanishingStrike","floor":2},{"not_picked":["theMarked:Aftermath","theMarked:SwordAndMagic"],"picked":"theMarked:Seal","floor":5},{"not_picked":["theMarked:Panic","theMarked:TakeOffHeels"],"picked":"theMarked:Seal","floor":8},{"not_picked":["theMarked:EnhanceMovement","theMarked:Seal"],"picked":"theMarked:EternalStudent","floor":11},{"not_picked":["theMarked:ElectricStrings","theMarked:RepellingDischarge","theMarked:BanishingWave"],"picked":"SKIP","floor":12},{"not_picked":["theMarked:Electrocute","theMarked:StartUp"],"picked":"theMarked:EmpowerWeapon","floor":13},{"not_picked":["theMarked:HeightenedSenses","theMarked:TwofoldDefense"],"picked":"theMarked:StartUp","floor":14},{"not_picked":["theMarked:Defy","theMarked:ThrowWeapon"],"picked":"theMarked:Levitate","floor":16},{"not_picked":["theMarked:WastefulAttack","theMarked:ChainLightning"],"picked":"theMarked:Improvise+1","floor":18},{"not_picked":["theMarked:WastefulDefense+1","theMarked:TwofoldDefense+1","theMarked:Aftermath"],"picked":"SKIP","floor":19},{"not_picked":["theMarked:HeightenedSenses","theMarked:Static+1","theMarked:Overthink"],"picked":"SKIP","floor":22},{"not_picked":["theMarked:EnhanceMovement","theMarked:Aftermath"],"picked":"theMarked:Overcharge","floor":23},{"not_picked":["theMarked:TunnelVision","theMarked:Frustration","theMarked:Panic"],"picked":"SKIP","floor":25},{"not_picked":["theMarked:Improvise","theMarked:HeightenedSenses","theMarked:Challenge"],"picked":"SKIP","floor":27},{"not_picked":["theMarked:ContemptForTheProud","theMarked:Aftermath","theMarked:WastefulAttack"],"picked":"SKIP","floor":28},{"not_picked":["theMarked:Aftermath+1","theMarked:ResourceFulStrike"],"picked":"theMarked:EmpowerWeapon+1","floor":30},{"not_picked":["theMarked:HeritageOfTheMarked","theMarked:Electrify+1","theMarked:ParalyzingBlade"],"picked":"SKIP","floor":31},{"not_picked":["theMarked:Parkour+1","theMarked:HeightenedSenses"],"picked":"theMarked:Indomitable+1","floor":35},{"not_picked":["theMarked:ShockingTouch","theMarked:ContemptForTheProud+1","theMarked:Aftermath+1"],"picked":"SKIP","floor":36},{"not_picked":["theMarked:EnhanceMovement","theMarked:ChainLightning+1"],"picked":"theMarked:EmpowerWeapon","floor":37},{"not_picked":["theMarked:EmpowerWeapon","theMarked:WardOff+1","theMarked:Static"],"picked":"SKIP","floor":39},{"not_picked":["theMarked:Opportunist+1","theMarked:Convert","theMarked:Static"],"picked":"SKIP","floor":40},{"not_picked":["theMarked:ParalyzingBlade","theMarked:Convert+1"],"picked":"theMarked:SwordAndMagic","floor":41},{"not_picked":["theMarked:ThrowWeapon","theMarked:CreepingChasm","theMarked:BanishingStrike"],"picked":"SKIP","floor":42},{"not_picked":["theMarked:Parkour","theMarked:Reabsorb","theMarked:ResourceFulStrike"],"picked":"SKIP","floor":44},{"not_picked":["theMarked:MagicAdept+1","theMarked:EmpowerWeapon+1","theMarked:ElectricStrings"],"picked":"SKIP","floor":46},{"not_picked":["theMarked:Parkour","theMarked:LightningStrikesTwice","theMarked:MuscleMemory"],"picked":"SKIP","floor":48},{"not_picked":["theMarked:ResourceFulStrike+1","theMarked:Frustration","theMarked:ChainLightning+1"],"picked":"SKIP","floor":51},{"not_picked":["theMarked:ChainLightning","theMarked:ResourceFulStrike+1","theMarked:Aftermath"],"picked":"SKIP","floor":52},{"not_picked":["theMarked:Parkour+1","theMarked:WastefulAttack"],"picked":"theMarked:Overcharge","floor":53},{"not_picked":["theMarked:EnhancedHearing","theMarked:ParalyzingBlade","theMarked:Opportunist+1"],"picked":"SKIP","floor":56}],"player_experience":1759327,"relics_obtained":[{"floor":9,"key":"Smiling Mask"},{"floor":11,"key":"Replay:Bottled Steam"},{"floor":14,"key":"Mummified Hand"},{"floor":23,"key":"Quantum Egg"},{"floor":26,"key":"CrustySpines"},{"floor":27,"key":"StuffTheSpire:GrapeVine"},{"floor":31,"key":"StuffTheSpire:RubySignet"},{"floor":37,"key":"Whetstone"},{"floor":41,"key":"BlackRope"},{"floor":43,"key":"Orichalcum"},{"floor":44,"key":"Grinning Jar"},{"floor":48,"key":"StuffTheSpire:PointBlank"},{"floor":49,"key":"ZombieTooth"},{"floor":51,"key":"paleoftheancients:SoulOfTheWatcher"},{"floor":53,"key":"paleoftheancients:BlurryLens"}],"event_choices":[{"damage_healed":0,"gold_gain":0,"player_choice":"Slimed","damage_taken":11,"max_hp_gain":0,"max_hp_loss":0,"event_name":"betterThird:BetterGoop","floor":7,"gold_loss":20},{"damage_healed":0,"gold_gain":0,"player_choice":"Obtained Relic","damage_taken":0,"relics_obtained":["Ice Cream"],"max_hp_gain":0,"max_hp_loss":0,"event_name":"Addict","floor":21,"gold_loss":85},{"damage_healed":18,"gold_gain":0,"player_choice":"Heal","damage_taken":0,"max_hp_gain":0,"max_hp_loss":0,"event_name":"The Library","floor":29,"gold_loss":0},{"damage_healed":0,"gold_gain":0,"player_choice":"Bought 1 Potion","damage_taken":0,"max_hp_gain":0,"max_hp_loss":0,"event_name":"The Woman in Blue","floor":38,"gold_loss":0}],"is_beta":false,"boss_relics":[{"not_picked":["Sandwich","theMarked:Eyepatch"],"picked":"Replay:Drink Me"},{"not_picked":["StuffTheSpire:ModemDavis","Black Star"],"picked":"Replay:Wanted Poster"}],"items_purged_floors":[4,20,54,58],"is_endless":false,"potions_floor_spawned":[8,12,14,18,23,27,35,39,40,44,52,56],"ascension_level":1}}