{"host":"0cnf9zf1gia27zti","time":1608841478,"event":{"mods":["BaseMod","BetterRewards","Card Forge","Colored Map","Colored Powertips","Conspire","Downfall","Minty Spire (QoL Compilation)","Practice Mode","Quick Restart","Replay The Spire","Robot Space Explorer","Shade Mod","Spicy Shops","StSLib"],"gold_per_floor":[117,34,34,34,34,47,73,84,111,128,128,159,169,197,197,271,271,287,302,144,144,4,38,38,38,38,49,68,87,87,12,12,88,88,99,113,113,13,13,13,40,54,54,73,93,93,104,42,42,42],"floor_reached":51,"playtime":3481,"items_purged":["hexamod:Haunted","Strike_G"],"score":2091,"play_id":"b7c97d11-5f9e-4ea6-9a74-70ec563affa8","local_time":"20201224202438","is_ascension_mode":true,"campfire_choices":[{"data":"Noxious Fumes","floor":11,"key":"SMITH"},{"data":"Skewer","floor":15,"key":"SMITH"},{"data":"Footwork","floor":24,"key":"SMITH"},{"data":"Accuracy","floor":32,"key":"SMITH"},{"data":"Hidden Blade","floor":40,"key":"SMITH"},{"data":"Backflip","floor":46,"key":"SMITH"},{"data":"Adrenaline","floor":49,"key":"SMITH"}],"circlet_count":0,"master_deck":["AscendersBane","Defend_G","Defend_G","Defend_G","Defend_G","Defend_G","Survivor+1","Neutralize+1","Infinite Blades+1","Blade Dance+1","Backflip+1","Calculated Gamble+1","Noxious Fumes+1","Prepared+1","Hidden Blade+1","Replay:Bag of Tricks+1","conspire:DoublingDagger","Skewer+1","Malaise","Finisher+1","Replay:Bag of Tricks+1","ReplayTheSpireMod:IOU","Footwork+1","Accuracy+1","Well Laid Plans","ReplayTheSpireMod:From All Sides","Storm of Steel","Catalyst+1","Adrenaline+1","ReplayTheSpireMod:IOU"],"relics":["Hammer of Thor","Seething Fire","Anvil of the Gods","Blue Doll","conspire:Dentures","Iron Hammer","Sizzling Blood","Quantum Egg","Anchor","ReplayFunnel","Vajra","Sozu","DollysMirror","Replay:Wax Seal","ReplayTheSpireMod:CursedCoin","Replay:Rubber Ducky","MutagenicStrength","ReplayTheSpireMod:Shallot","Black Star","Tough Bandages","Letter Opener","Kunai","Chemical X"],"acts_visited":["Exordium","TheCity","TheBeyond"],"potions_floor_usage":[7,12,14],"damage_taken":[{"damage":0,"enemies":"2 Louse","floor":1,"turns":3},{"damage":1,"enemies":"Jaw Worm","floor":6,"turns":4},{"damage":20,"enemies":"3 Sentries","floor":7,"turns":8},{"damage":0,"enemies":"Small Slimes","floor":8,"turns":3},{"damage":0,"enemies":"Blue Slaver","floor":10,"turns":4},{"damage":12,"enemies":"Lagavulin","floor":12,"turns":7},{"damage":0,"enemies":"2 Fungi Beasts","floor":13,"turns":2},{"damage":14,"enemies":"Gremlin Nob","floor":14,"turns":2},{"damage":6,"enemies":"The Guardian","floor":16,"turns":9},{"damage":18,"enemies":"3 Byrds","floor":18,"turns":4},{"damage":3,"enemies":"2 Thieves","floor":19,"turns":4},{"damage":0,"enemies":"Book of Stabbing","floor":23,"turns":5},{"damage":0,"enemies":"Snecko","floor":27,"turns":5},{"damage":0,"enemies":"Snake Plant","floor":28,"turns":4},{"damage":0,"enemies":"Centurion and Healer","floor":29,"turns":3},{"damage":4,"enemies":"Pondfish","floor":33,"turns":9},{"damage":0,"enemies":"3 Shapes","floor":35,"turns":5},{"damage":0,"enemies":"Orb Walker","floor":36,"turns":2},{"damage":0,"enemies":"Giant Head","floor":41,"turns":8},{"damage":0,"enemies":"Transient","floor":42,"turns":6},{"damage":0,"enemies":"Sphere and 2 Shapes","floor":44,"turns":5},{"damage":12,"enemies":"Jaw Worm Horde","floor":45,"turns":5},{"damage":0,"enemies":"4 Shapes","floor":47,"turns":7},{"damage":0,"enemies":"Donu and Deca","floor":50,"turns":8}],"seed_played":"8807562921879176435","potions_obtained":[{"floor":1,"key":"conspire:TimeTravelPotion"},{"floor":7,"key":"Languid Potion"},{"floor":13,"key":"champ:CounterPotion"}],"is_trial":false,"path_per_floor":["M","$","?","?","$","M","E","M","T","M","R","E","M","E","R","B",null,"M","M","$","?","$","E","R","?","T","M","M","M","$","?","R","B",null,"M","M","?","$","?","R","E","M","T","M","M","R","M","$","R","B",null],"character_chosen":"THE_SILENT","items_purchased":["Blue Doll","conspire:Dentures","Iron Hammer","Infinite Blades","Blade Dance+1","Backflip","Noxious Fumes","DollysMirror","Replay:Wax Seal","ReplayTheSpireMod:CursedCoin","Footwork","Chemical X"],"campfire_rested":0,"item_purchase_floors":[0,0,0,0,0,0,2,20,22,22,22,48],"current_hp_per_floor":[59,59,59,63,63,66,70,70,70,70,70,62,66,56,56,54,66,52,53,53,53,53,57,57,57,57,61,65,69,69,69,69,69,70,70,70,70,70,70,70,70,70,70,70,62,62,66,66,66,70],"gold":42,"neow_bonus":"","is_daily":false,"chose_seed":false,"campfire_upgraded":7,"win_rate":0.0,"timestamp":1608841478,"path_taken":["M","$","?","?","$","M","E","M","T","M","R","E","M","E","R","BOSS","M","M","$","?","$","E","R","?","T","M","M","M","$","?","R","BOSS","M","M","?","$","?","R","E","M","T","M","M","R","?","$","R","BOSS"],"items_purchased_type":["Relic","Relic","Relic","Card","Card","Card","Card","Relic","Relic","Relic","Card","Relic"],"build_version":"2020-12-22","purchased_purges":2,"victory":true,"max_hp_per_floor":[66,66,66,70,70,70,70,70,70,70,70,70,70,70,70,70,70,70,70,70,70,70,70,70,70,70,70,70,70,70,70,70,70,70,70,70,70,70,70,70,70,70,70,70,70,70,70,70,70,70],"card_choices":[{"not_picked":["Quick Slash","Replay:Poison Smokescreen"],"picked":"Calculated Gamble","floor":1},{"not_picked":["Replay:Poison Smokescreen","Dodge and Roll","Predator"],"picked":"SKIP","floor":6},{"not_picked":["All Out Attack","PiercingWail"],"picked":"Prepared","floor":7},{"not_picked":["Bane","Poisoned Stab"],"picked":"Hidden Blade","floor":8},{"not_picked":["Outmaneuver","Quick Slash","ReplayTheSpireMod:Shiv Toss"],"picked":"SKIP","floor":10},{"not_picked":["Bouncing Flask","Tools of the Trade"],"picked":"Replay:Bag of Tricks","floor":12},{"not_picked":["Leg Sweep","Backstab"],"picked":"conspire:DoublingDagger","floor":13},{"not_picked":["Slice","Flechettes"],"picked":"Skewer","floor":14},{"not_picked":["ReplayTheSpireMod:From All Sides","Die Die Die"],"picked":"Malaise","floor":16},{"not_picked":["ReplayTheSpireMod:The Works","Flying Knee"],"picked":"Finisher+1","floor":18},{"not_picked":["Sucker Punch","Draining Mist","Deflect"],"picked":"SKIP","floor":19},{"not_picked":["Distraction","Predator","Dodge and Roll"],"picked":"SKIP","floor":23},{"not_picked":["Reflex","Prepared"],"picked":"Accuracy","floor":27},{"not_picked":["Poisoned Stab","Deadly Poison"],"picked":"Well Laid Plans","floor":28},{"not_picked":["Slice","Replay:Poison Smokescreen"],"picked":"ReplayTheSpireMod:From All Sides","floor":29},{"not_picked":["ReplayTheSpireMod:Necrosis","After Image"],"picked":"Storm of Steel","floor":33},{"not_picked":["Slice","Blur","ReplayTheSpireMod:The Works"],"picked":"SKIP","floor":35},{"not_picked":["Hidden Blade","ReplayTheSpireMod:Scrap Shanks","Dagger Throw+1"],"picked":"SKIP","floor":36},{"not_picked":["Slice","Flying Knee"],"picked":"Catalyst","floor":41},{"not_picked":["ReplayTheSpireMod:Tripwire","Deflect","Endless Agony+1"],"picked":"SKIP","floor":42},{"not_picked":["Concentrate","Outmaneuver+1","Flechettes"],"picked":"SKIP","floor":44},{"not_picked":["Acrobatics","Deflect+1","Setup"],"picked":"SKIP","floor":45},{"not_picked":["Underhanded Strike+1","Outmaneuver"],"picked":"Adrenaline","floor":47}],"player_experience":2439686,"relics_obtained":[{"floor":7,"key":"Quantum Egg"},{"floor":9,"key":"Anchor"},{"floor":12,"key":"ReplayFunnel"},{"floor":14,"key":"Vajra"},{"floor":23,"key":"Replay:Rubber Ducky"},{"floor":26,"key":"ReplayTheSpireMod:Shallot"},{"floor":41,"key":"Tough Bandages"},{"floor":41,"key":"Letter Opener"},{"floor":43,"key":"Kunai"}],"event_choices":[{"cards_removed":["Strike_G"],"damage_healed":0,"gold_gain":0,"player_choice":"Forget","damage_taken":0,"max_hp_gain":0,"max_hp_loss":0,"event_name":"Living Wall","floor":3,"gold_loss":0},{"cards_removed":["Strike_G"],"damage_healed":0,"gold_gain":0,"player_choice":"Elegance","damage_taken":0,"max_hp_gain":0,"max_hp_loss":0,"event_name":"Back to Basics","floor":21,"gold_loss":0},{"damage_healed":0,"gold_gain":0,"player_choice":"Inject Mutagens","damage_taken":0,"relics_obtained":["MutagenicStrength"],"max_hp_gain":0,"max_hp_loss":0,"event_name":"Drug Dealer","floor":25,"gold_loss":0},{"cards_removed":["Strike_G"],"damage_healed":0,"gold_gain":0,"player_choice":"Gave Gold","damage_taken":0,"max_hp_gain":0,"max_hp_loss":0,"event_name":"Beggar","floor":31,"gold_loss":75},{"cards_removed":["Strike_G"],"damage_healed":0,"gold_gain":0,"player_choice":"Removed Attack","damage_taken":0,"max_hp_gain":0,"max_hp_loss":0,"event_name":"Falling","floor":37,"gold_loss":0},{"damage_healed":0,"gold_gain":0,"player_choice":"1 cards matched","damage_taken":0,"max_hp_gain":0,"max_hp_loss":0,"event_name":"Match and Keep!","floor":39,"gold_loss":0,"cards_obtained":["Venomology"]}],"is_beta":false,"boss_relics":[{"not_picked":["Honey Jar","ChewingGum"],"picked":"Sozu"},{"not_picked":["Busted Crown","Cursed Key"],"picked":"Black Star"}],"items_purged_floors":[22,38],"is_endless":false,"potions_floor_spawned":[1,7,13,23,28,29,41,42,45],"ascension_level":17}}