{"host":"0jile2yd1dg679g0","time":1608777465,"event":{"mods":["AchievementEnabler","Act Like it!","BaseMod","Better Third Choice","Colored Map","Colored Powertips","Gensokyo","Hermit","Luminous","Marisa????????","Minty Spire (QoL Compilation)","Random Character Button","Spicy Shops","StSLib","The Servant 0.9.4","Transform Curses","Waifu the Spire"],"gold_per_floor":[119,119,119,21,37,37,37,50,50,107,127,146,179,454,454,582,582,607,648,648,648,648,648,686,704,704,775,775,800,800,38,38,158,158,178,178,193,5,65,405,21,82,107,107,120,145,145,160,160,160],"floor_reached":51,"playtime":4045,"items_purged":["Regret","Regret"],"score":845,"play_id":"5a8feb24-b830-4234-93ba-c8e81934528f","local_time":"20201223213745","is_ascension_mode":true,"campfire_choices":[{"data":"Blade Dance","floor":6,"key":"SMITH"},{"data":"Venomology","floor":15,"key":"SMITH"},{"data":"Catalyst","floor":23,"key":"SMITH"},{"floor":28,"key":"REST"},{"floor":30,"key":"REST"},{"data":"Envenom","floor":32,"key":"SMITH"},{"data":"Choke","floor":44,"key":"SMITH"},{"data":"Footwork","floor":47,"key":"SMITH"},{"data":"Noxious Fumes","floor":49,"key":"SMITH"}],"circlet_count":0,"master_deck":["Survivor","Neutralize","Backstab","Deadly Poison","Backstab","Blade Dance+1","Distraction","Well Laid Plans","Unload","Crippling Poison","Venomology+1","Envenom+1","Catalyst+1","Deadly Poison","Writhe","A Thousand Cuts","Dash","Phantasmal Killer","Cloak And Dagger","Bouncing Flask","Footwork","Catalyst","Venomology","Acrobatics","Dodge and Roll","Dash","Catalyst","Heel Hook","Dash","Deadly Poison","Infinite Blades+1","Footwork+1","Choke+1","Infinite Blades+1","Noxious Fumes+1","Tools of the Trade","Blur","Caltrops","Blade Dance+1"],"relics":["Ring of the Snake","Akabeko","Golden Idol","White Beast Statue","Juzu Bracelet","WristBlade","Red Mask","Potion Belt","Dead Branch","HornCleat","Ornamental Fan","HandDrill","Meat on the Bone","Toy Ornithopter","Pandora\u0027s Box","Membership Card","Incense Burner","Old Coin","Mango","Mercury Hourglass","Bag of Preparation","CatCart","Blood Vial"],"acts_visited":["Exordium","TheCity","TheBeyond"],"potions_floor_usage":[13,16,18,19,19,24,24,25,29,33,35,37,37,37,39,39,39,39,40,40,42,46,48,48,50,50,50,50,50,50],"damage_taken":[{"damage":5,"enemies":"Jaw Worm","floor":1,"turns":3},{"damage":0,"enemies":"Small Slimes","floor":5,"turns":1},{"damage":0,"enemies":"Cultist","floor":8,"turns":2},{"damage":0,"enemies":"3 Louse","floor":11,"turns":1},{"damage":0,"enemies":"2 Fungi Beasts","floor":12,"turns":2},{"damage":6,"enemies":"3 Sentries","floor":13,"turns":9},{"damage":9,"enemies":"Slime Boss","floor":16,"turns":6},{"damage":2,"enemies":"2 Thieves","floor":18,"turns":3},{"damage":1,"enemies":"Masked Bandits","floor":19,"turns":2},{"damage":30,"enemies":"Book of Stabbing","floor":24,"turns":4},{"damage":0,"enemies":"Shell Parasite","floor":25,"turns":1},{"damage":14,"enemies":"Shelled Parasite and Fungi","floor":29,"turns":3},{"damage":18,"enemies":"Collector","floor":33,"turns":3},{"damage":0,"enemies":"Orb Walker","floor":35,"turns":2},{"damage":6,"enemies":"3 Darklings","floor":37,"turns":5},{"damage":20,"enemies":"2 Orb Walkers","floor":39,"turns":4},{"damage":2,"enemies":"Reptomancer","floor":40,"turns":4},{"damage":0,"enemies":"Orin","floor":42,"turns":7},{"damage":0,"enemies":"Maw","floor":45,"turns":4},{"damage":7,"enemies":"4 Shapes","floor":46,"turns":4},{"damage":2,"enemies":"Transient","floor":48,"turns":5},{"damage":107,"enemies":"Awakened One","floor":50,"turns":11}],"seed_played":"-3616758717084334982","potions_obtained":[{"floor":1,"key":"Poison Potion"},{"floor":11,"key":"GamblersBrew"},{"floor":12,"key":"SmokeBomb"},{"floor":13,"key":"Fire Potion"},{"floor":16,"key":"Swift Potion"},{"floor":18,"key":"CunningPotion"},{"floor":19,"key":"SkillPotion"},{"floor":24,"key":"DuplicationPotion"},{"floor":25,"key":"Strength Potion"},{"floor":29,"key":"GamblersBrew"},{"floor":33,"key":"Fire Potion"},{"floor":35,"key":"Swift Potion"},{"floor":37,"key":"Strength Potion"},{"floor":39,"key":"CunningPotion"},{"floor":40,"key":"Swift Potion"},{"floor":42,"key":"LiquidMemories"},{"floor":45,"key":"LiquidMemories"},{"floor":46,"key":"Block Potion"},{"floor":48,"key":"Ancient Potion"}],"is_trial":false,"path_per_floor":["M","?","?","$","M","R","?","M","T","?","M","M","E","?","R","B",null,"M","?","?","?","?","R","E","M","T","T","R","M","R","$","R","B",null,"M","?","M","$","?","E","$","?","T","R","M","M","R","M","R","B",null],"character_chosen":"THE_SILENT","items_purchased":["Blade Dance","Footwork","HandDrill","Meat on the Bone","Toy Ornithopter","Catalyst","Membership Card","Footwork","Mango","Mercury Hourglass","Bag of Preparation","Noxious Fumes"],"campfire_rested":2,"item_purchase_floors":[4,31,31,31,31,31,38,38,41,41,41,41],"current_hp_per_floor":[58,58,58,58,58,58,58,58,58,58,58,58,52,52,52,43,63,61,60,60,60,60,60,30,30,30,30,48,34,52,52,52,39,63,63,63,63,63,43,51,65,70,70,70,72,72,72,75,75,44],"gold":160,"neow_bonus":"TRANSFORM_TWO_CARDS","is_daily":false,"chose_seed":false,"campfire_upgraded":7,"win_rate":0.0,"timestamp":1608777465,"path_taken":["M","?","?","$","M","R","?","?","T","?","M","M","E","?","R","BOSS","M","?","?","?","?","R","E","M","T","?","R","M","R","$","R","BOSS","M","?","M","$","?","E","$","?","T","R","M","M","R","M","R","BOSS"],"items_purchased_type":["Card","Card","Relic","Relic","Relic","Card","Relic","Card","Relic","Relic","Relic","Card"],"build_version":"2020-12-22","purchased_purges":2,"victory":true,"max_hp_per_floor":[63,63,63,63,63,63,63,63,63,63,63,63,63,63,63,63,63,63,63,63,63,63,63,63,63,63,63,63,63,63,63,63,63,63,63,63,63,63,63,63,77,77,77,77,77,77,77,77,77,77],"card_choices":[{"not_picked":["PiercingWail","Quick Slash"],"picked":"Backstab","floor":1},{"not_picked":["Prepared","Deflect"],"picked":"Distraction","floor":5},{"not_picked":["Eviscerate","Prepared"],"picked":"Well Laid Plans","floor":8},{"not_picked":["Deadly Poison","PiercingWail"],"picked":"Unload","floor":11},{"not_picked":["Dagger Spray","Slice"],"picked":"Crippling Poison","floor":12},{"not_picked":["Blur","Sucker Punch"],"picked":"Venomology","floor":13},{"not_picked":["Glass Knife","Doppelganger"],"picked":"Envenom","floor":16},{"not_picked":["Finisher","Escape Plan+1"],"picked":"Catalyst","floor":18},{"not_picked":["Dagger Throw","Quick Slash"],"picked":"Deadly Poison","floor":19},{"not_picked":["Slice","Quick Slash"],"picked":"Phantasmal Killer","floor":24},{"not_picked":["Well Laid Plans","Prepared"],"picked":"Cloak And Dagger","floor":25},{"not_picked":["Flechettes","Sucker Punch"],"picked":"Bouncing Flask","floor":29},{"not_picked":["Phantasmal Killer","Wraith Form v2"],"picked":"Venomology","floor":33},{"not_picked":["Expertise+1","Dagger Throw+1"],"picked":"Deadly Poison","floor":35},{"not_picked":["Deadly Poison+1","Skewer+1"],"picked":"Infinite Blades+1","floor":37},{"not_picked":["Outmaneuver+1","Dodge and Roll"],"picked":"Choke","floor":39},{"not_picked":["Bane+1","Bouncing Flask+1"],"picked":"Infinite Blades+1","floor":40},{"not_picked":["Predator+1","Dash"],"picked":"Tools of the Trade","floor":42},{"not_picked":["Tactician+1","Escape Plan"],"picked":"Blur","floor":45},{"not_picked":["Well Laid Plans+1","Backflip+1"],"picked":"Caltrops","floor":46},{"not_picked":["Crippling Poison","Dagger Spray"],"picked":"Blade Dance+1","floor":48}],"player_experience":215165,"relics_obtained":[{"floor":9,"key":"White Beast Statue"},{"floor":13,"key":"Juzu Bracelet"},{"floor":19,"key":"Red Mask"},{"floor":24,"key":"Dead Branch"},{"floor":26,"key":"HornCleat"},{"floor":27,"key":"Ornamental Fan"},{"floor":39,"key":"Incense Burner"},{"floor":40,"key":"Old Coin"},{"floor":42,"key":"CatCart"},{"floor":43,"key":"Blood Vial"}],"event_choices":[{"damage_healed":0,"gold_gain":0,"player_choice":"Box","damage_taken":0,"relics_obtained":["Akabeko"],"max_hp_gain":0,"max_hp_loss":0,"event_name":"Big Fish","floor":2,"gold_loss":0,"cards_obtained":["Regret"]},{"damage_healed":0,"gold_gain":0,"player_choice":"Take Wound","damage_taken":0,"relics_obtained":["Golden Idol"],"max_hp_gain":0,"max_hp_loss":0,"event_name":"Golden Idol","floor":3,"gold_loss":0,"cards_obtained":["Injury"]},{"cards_removed":["Injury"],"damage_healed":0,"gold_gain":0,"player_choice":"Purged","damage_taken":0,"max_hp_gain":0,"max_hp_loss":0,"event_name":"Purifier","floor":7,"gold_loss":0},{"damage_healed":0,"gold_gain":57,"player_choice":"Gained Gold","damage_taken":0,"max_hp_gain":0,"max_hp_loss":0,"event_name":"Golden Wing","floor":10,"gold_loss":0},{"damage_healed":0,"gold_gain":275,"player_choice":"Desecrate","damage_taken":0,"max_hp_gain":0,"max_hp_loss":0,"event_name":"Golden Shrine","floor":14,"gold_loss":0,"cards_obtained":["Regret"]},{"damage_healed":0,"gold_gain":0,"player_choice":"Fought Bandits","damage_taken":0,"max_hp_gain":0,"max_hp_loss":0,"event_name":"Masked Bandits","floor":19,"gold_loss":0},{"damage_healed":0,"gold_gain":0,"player_choice":"Opened","damage_taken":0,"relics_obtained":["Potion Belt"],"max_hp_gain":0,"max_hp_loss":0,"event_name":"The Mausoleum","floor":20,"gold_loss":0,"cards_obtained":["Writhe"]},{"damage_healed":0,"gold_gain":0,"cards_transformed":["Strike_G","Strike_G"],"player_choice":"Became Test Subject","damage_taken":0,"max_hp_gain":0,"max_hp_loss":0,"event_name":"Drug Dealer","floor":21,"gold_loss":0,"cards_obtained":["A Thousand Cuts","Dash"]},{"damage_healed":0,"gold_gain":0,"player_choice":"Ignored","damage_taken":0,"max_hp_gain":0,"max_hp_loss":0,"event_name":"Vampires","floor":22,"gold_loss":0},{"damage_healed":0,"gold_gain":0,"player_choice":"Random: Yellow","damage_taken":0,"max_hp_gain":0,"max_hp_loss":0,"event_name":"betterThird:BetterPortal","floor":36,"gold_loss":0},{"damage_healed":0,"gold_gain":0,"player_choice":"Ignored","damage_taken":0,"max_hp_gain":0,"max_hp_loss":0,"event_name":"NoteForYourself","floor":36,"gold_loss":0},{"damage_healed":0,"gold_gain":0,"player_choice":"Fight","damage_taken":0,"max_hp_gain":0,"max_hp_loss":0,"event_name":"Mysterious Sphere","floor":39,"gold_loss":0},{"damage_healed":0,"gold_gain":0,"player_choice":"Fight","damage_taken":0,"max_hp_gain":0,"max_hp_loss":0,"event_name":"OrinTheCat","floor":42,"gold_loss":0}],"is_beta":false,"boss_relics":[{"not_picked":["Black Star","Ring of the Serpent"],"picked":"WristBlade"},{"not_picked":["Sozu","Coffee Dripper"],"picked":"Pandora\u0027s Box"}],"items_purged_floors":[4,31],"is_endless":false,"potions_floor_spawned":[1,11,12,13,16,18,19,24,25,29,33,35,37,39,40,42,45,46,48],"ascension_level":3}}