{"host":"w3q5ijqu8eoknil3","time":1608771297,"event":{"mods":["AchievementEnabler","BaseMod","Block Reminder","Colored Powertips","Minty Spire (QoL Compilation)","Quick Restart","Relic Stats","ojb\u0027s Better Paths Mod","ojb\u0027s Info Mod","slay the spire mod where everything is the same but ironclad has a cowboy hat"],"gold_per_floor":[119,119,119,136,153,178,178,178,247,277,296,323,323,352,352,352,352],"floor_reached":16,"playtime":643,"items_purged":[],"score":260,"play_id":"14d42296-0034-4adb-91f7-b9e30cbec1ff","local_time":"20201224005457","is_ascension_mode":true,"campfire_choices":[{"data":"Bash","floor":8,"key":"SMITH"},{"floor":15,"key":"REST"}],"circlet_count":0,"master_deck":["AscendersBane","Strike_R","Strike_R","Strike_R","Strike_R","Strike_R","Defend_R","Defend_R","Defend_R","Defend_R","Bash+1","Anger","Battle Trance","Pommel Strike","Iron Wave","Headbutt","Feed","Second Wind","Rampage"],"relics":["Burning Blood","NeowsBlessing","Oddly Smooth Stone","Ice Cream","GremlinMask","Frozen Egg 2","Nunchaku","Boot","Letter Opener"],"acts_visited":["Exordium"],"potions_floor_usage":[6,10,13],"damage_taken":[{"damage":0,"enemies":"Small Slimes","floor":1,"turns":2},{"damage":0,"enemies":"2 Louse","floor":4,"turns":1},{"damage":0,"enemies":"Cultist","floor":5,"turns":1},{"damage":38,"enemies":"Lagavulin","floor":6,"turns":6},{"damage":2,"enemies":"3 Sentries","floor":10,"turns":10},{"damage":8,"enemies":"Looter","floor":11,"turns":4},{"damage":8,"enemies":"Gremlin Nob","floor":12,"turns":3},{"damage":11,"enemies":"Gremlin Gang","floor":13,"turns":4},{"damage":22,"enemies":"3 Sentries","floor":14,"turns":9},{"damage":46,"enemies":"Slime Boss","floor":16,"turns":6}],"seed_played":"3105852746911492040","potions_obtained":[{"floor":4,"key":"FearPotion"},{"floor":6,"key":"HeartOfIron"},{"floor":12,"key":"SmokeBomb"}],"is_trial":false,"path_per_floor":["M","?","?","M","M","E","?","R","T","E","M","E","M","E","R","B"],"character_chosen":"IRONCLAD","items_purchased":[],"campfire_rested":1,"item_purchase_floors":[],"current_hp_per_floor":[74,74,48,54,60,28,28,28,28,32,30,28,26,13,37,0,0],"gold":352,"neow_bonus":"THREE_ENEMY_KILL","is_daily":false,"chose_seed":false,"campfire_upgraded":1,"win_rate":0.0,"timestamp":1608771297,"path_taken":["M","?","?","M","M","E","?","R","T","E","M","E","?","E","R","BOSS"],"items_purchased_type":[],"build_version":"2020-12-22","purchased_purges":0,"victory":false,"max_hp_per_floor":[75,75,75,75,75,75,75,75,75,75,75,75,78,81,81,81,81],"relic_stats":{"Nunchaku":[6],"counters":[10,46],"Letter Opener":[0],"Boot":[1],"obtain_stats":[{"Ice Cream":6,"Nunchaku":10,"NeowsBlessing":0,"Oddly Smooth Stone":3,"GremlinMask":7,"Letter Opener":14,"Frozen Egg 2":9,"Boot":12,"Burning Blood":0},{"Ice Cream":4,"Nunchaku":5,"NeowsBlessing":0,"Oddly Smooth Stone":1,"GremlinMask":4,"Letter Opener":9,"Frozen Egg 2":4,"Boot":7,"Burning Blood":0},{"Ice Cream":10,"Nunchaku":20,"NeowsBlessing":0,"Oddly Smooth Stone":2,"GremlinMask":10,"Letter Opener":40,"Frozen Egg 2":10,"Boot":27,"Burning Blood":0}],"Burning Blood":54},"card_choices":[{"not_picked":["Warcry","Flex"],"picked":"Anger","floor":1},{"not_picked":["Anger","Headbutt"],"picked":"Battle Trance","floor":4},{"not_picked":["Iron Wave","Seeing Red"],"picked":"Pommel Strike","floor":5},{"not_picked":["Warcry","Inflame"],"picked":"Iron Wave","floor":6},{"not_picked":["Inflame+1","Warcry"],"picked":"Headbutt","floor":10},{"not_picked":["Body Slam","Battle Trance"],"picked":"Feed","floor":11},{"not_picked":["Disarm","Cleave"],"picked":"Second Wind","floor":12},{"not_picked":["Pummel","Clash"],"picked":"Rampage","floor":14}],"player_experience":940056,"relics_obtained":[{"floor":6,"key":"Ice Cream"},{"floor":9,"key":"Frozen Egg 2"},{"floor":10,"key":"Nunchaku"},{"floor":12,"key":"Boot"},{"floor":14,"key":"Letter Opener"}],"event_choices":[{"damage_healed":0,"gold_gain":0,"player_choice":"Leave","damage_taken":0,"max_hp_gain":0,"max_hp_loss":0,"event_name":"The Cleric","floor":2,"gold_loss":0},{"damage_healed":0,"gold_gain":0,"player_choice":"Success","damage_taken":26,"relics_obtained":["Oddly Smooth Stone"],"max_hp_gain":0,"max_hp_loss":0,"event_name":"Scrap Ooze","floor":3,"gold_loss":0},{"damage_healed":0,"gold_gain":0,"player_choice":"Trade","damage_taken":0,"relics_obtained":["GremlinMask"],"max_hp_gain":0,"max_hp_loss":0,"event_name":"FaceTrader","floor":7,"gold_loss":0}],"is_beta":false,"boss_relics":[],"items_purged_floors":[],"is_endless":false,"potions_floor_spawned":[4,6,12,13],"killed_by":"Slime Boss","ascension_level":20}}