{"host":"i1ibt4vxe0effuru","time":1608782466,"event":{"mods":["AchievementEnabler","BaseMod","Card Forge","Minty Spire (QoL Compilation)","Quick Restart","Shop Mod","StSLib"],"gold_per_floor":[110,110,120,193,210,235,245,95,95,130,130,149,149,172,172,267,267,290,310,164,183,183,221,221,254,254,254,110,135,148,148,148,237,237,251,269,269,294,627,655,655,684,708,708,708,739,301,301,301,301],"floor_reached":51,"playtime":898,"items_purged":[],"score":2164,"play_id":"bd426c08-f121-418e-9e96-9faee5252d3c","local_time":"20201224140106","is_ascension_mode":true,"campfire_choices":[{"floor":11,"key":"REST"},{"floor":15,"key":"REST"},{"floor":24,"key":"REST"},{"floor":32,"key":"REST"},{"floor":41,"key":"REST"},{"floor":49,"key":"REST"}],"circlet_count":0,"master_deck":["AscendersBane","Concentrate+1","Prepared+1","Reflex+1","Skewer+1","Tactician+1"],"relics":["Ring of the Snake","Hammer of Thor","Seething Fire","Anvil of the Gods","Nunchaku","Lizard Tail","Tiny Chest","Ginger","Sozu","Vajra","Unceasing Top","Boot","CaptainsWheel","Anchor","PreservedInsect","Gremlin Horn","Regal Pillow","Whetstone","Meat on the Bone","Blood Vial","Dream Catcher","OrangePellets"],"acts_visited":["Exordium","TheCity","TheBeyond"],"potions_floor_usage":[38,50],"damage_taken":[{"damage":0,"enemies":"Jaw Worm","floor":1,"turns":1},{"damage":0,"enemies":"2 Louse","floor":3,"turns":1},{"damage":0,"enemies":"Small Slimes","floor":5,"turns":1},{"damage":0,"enemies":"Gremlin Nob","floor":6,"turns":1},{"damage":0,"enemies":"3 Louse","floor":7,"turns":1},{"damage":0,"enemies":"Lagavulin","floor":10,"turns":1},{"damage":0,"enemies":"Exordium Thugs","floor":12,"turns":1},{"damage":0,"enemies":"Looter","floor":14,"turns":1},{"damage":0,"enemies":"The Guardian","floor":16,"turns":1},{"damage":0,"enemies":"3 Byrds","floor":18,"turns":1},{"damage":0,"enemies":"Shell Parasite","floor":19,"turns":1},{"damage":0,"enemies":"3 Cultists","floor":21,"turns":1},{"damage":0,"enemies":"Book of Stabbing","floor":23,"turns":1},{"damage":0,"enemies":"Gremlin Leader","floor":25,"turns":1},{"damage":0,"enemies":"Shelled Parasite and Fungi","floor":29,"turns":1},{"damage":0,"enemies":"Cultist and Chosen","floor":30,"turns":1},{"damage":0,"enemies":"Champ","floor":33,"turns":1},{"damage":0,"enemies":"3 Darklings","floor":35,"turns":1},{"damage":0,"enemies":"Orb Walker","floor":36,"turns":1},{"damage":0,"enemies":"Transient","floor":38,"turns":1},{"damage":0,"enemies":"Giant Head","floor":40,"turns":1},{"damage":0,"enemies":"Reptomancer","floor":42,"turns":1},{"damage":0,"enemies":"Nemesis","floor":46,"turns":1},{"damage":0,"enemies":"Awakened One","floor":50,"turns":2}],"seed_played":"-5326382351553557755","potions_obtained":[{"floor":1,"key":"CultistPotion"},{"floor":12,"key":"FearPotion"}],"is_trial":false,"path_per_floor":["M","?","M","?","M","E","M","$","T","E","R","M","?","M","R","B",null,"M","M","$","M","$","E","R","E","T","?","$","M","M","T","R","B",null,"M","M","?","M","?","E","R","E","T","T","?","E","$","?","R","B",null],"character_chosen":"THE_SILENT","items_purchased":["Tiny Chest","Vajra","Anchor","Blood Vial","Dream Catcher","OrangePellets"],"campfire_rested":6,"item_purchase_floors":[8,20,28,47,47,47],"current_hp_per_floor":[59,64,64,64,64,64,64,64,64,64,71,71,47,47,68,68,70,70,70,70,70,70,70,71,71,71,71,71,71,71,71,71,71,71,71,71,71,71,71,71,71,71,71,71,71,71,71,71,71,71],"gold":301,"neow_bonus":"RANDOM_COMMON_RELIC","is_daily":false,"chose_seed":false,"campfire_upgraded":0,"win_rate":0.0,"timestamp":1608782466,"path_taken":["M","?","M","?","M","E","M","$","T","E","R","M","?","M","R","BOSS","M","M","$","M","$","E","R","E","T","?","?","M","M","?","R","BOSS","M","M","?","?","?","E","R","E","T","?","?","E","?","?","R","BOSS"],"items_purchased_type":["Relic","Relic","Relic","Relic","Relic","Relic"],"build_version":"2020-12-22","purchased_purges":0,"victory":true,"max_hp_per_floor":[66,71,71,71,71,71,71,71,71,71,71,71,71,71,71,71,71,71,71,71,71,71,71,71,71,71,71,71,71,71,71,71,71,71,71,71,71,71,71,71,71,71,71,71,71,71,71,71,71,71],"card_choices":[{"not_picked":["Flying Knee","Skewer","Bouncing Flask"],"picked":"SKIP","floor":1},{"not_picked":["Deflect","Deadly Poison","Dagger Throw"],"picked":"SKIP","floor":3},{"not_picked":["Flechettes","Quick Slash","Predator"],"picked":"SKIP","floor":5},{"not_picked":["Doppelganger","Heel Hook","Predator"],"picked":"SKIP","floor":6},{"not_picked":["Acrobatics","Backflip","Calculated Gamble"],"picked":"SKIP","floor":7},{"not_picked":["Reflex","Bouncing Flask","Heel Hook"],"picked":"SKIP","floor":10},{"not_picked":["Cloak And Dagger","Concentrate","Underhanded Strike"],"picked":"SKIP","floor":12},{"not_picked":["Predator","Slice","Deflect"],"picked":"SKIP","floor":14},{"not_picked":["Flechettes","Slice","Quick Slash"],"picked":"SKIP","floor":18},{"not_picked":["Quick Slash","Reflex","Blade Dance"],"picked":"SKIP","floor":19},{"not_picked":["Acrobatics","Flying Knee","PiercingWail"],"picked":"SKIP","floor":21},{"not_picked":["Endless Agony","After Image","Dagger Throw"],"picked":"SKIP","floor":23},{"not_picked":["Deflect","Deadly Poison","Slice"],"picked":"SKIP","floor":25},{"not_picked":["Flying Knee","Acrobatics+1","Slice+1"],"picked":"SKIP","floor":29},{"not_picked":["Slice","Catalyst","Underhanded Strike+1"],"picked":"SKIP","floor":30},{"not_picked":["Footwork","Blade Dance","Deflect+1"],"picked":"SKIP","floor":35},{"not_picked":["Noxious Fumes","Bane+1","Deflect"],"picked":"SKIP","floor":36},{"not_picked":["Quick Slash","Cloak And Dagger","Backflip"],"picked":"SKIP","floor":38},{"not_picked":["PiercingWail","Dagger Throw","Eviscerate"],"picked":"SKIP","floor":40},{"not_picked":["Crippling Poison","Deadly Poison+1","Glass Knife"],"picked":"SKIP","floor":42},{"not_picked":["Blade Dance","Well Laid Plans+1","Backstab"],"picked":"SKIP","floor":46}],"player_experience":166413,"relics_obtained":[{"floor":6,"key":"Lizard Tail"},{"floor":9,"key":"Ginger"},{"floor":23,"key":"Unceasing Top"},{"floor":25,"key":"Boot"},{"floor":26,"key":"CaptainsWheel"},{"floor":40,"key":"PreservedInsect"},{"floor":42,"key":"Gremlin Horn"},{"floor":43,"key":"Regal Pillow"},{"floor":44,"key":"Whetstone"},{"floor":46,"key":"Meat on the Bone"}],"event_choices":[{"damage_healed":0,"gold_gain":0,"player_choice":"Donut","damage_taken":0,"max_hp_gain":5,"max_hp_loss":0,"event_name":"Big Fish","floor":2,"gold_loss":0},{"damage_healed":0,"gold_gain":73,"player_choice":"Gained Gold","damage_taken":0,"max_hp_gain":0,"max_hp_loss":0,"event_name":"Golden Wing","floor":4,"gold_loss":0},{"damage_healed":0,"gold_gain":0,"player_choice":"Take Damage","damage_taken":24,"relics_obtained":["Golden Idol"],"max_hp_gain":0,"max_hp_loss":0,"event_name":"Golden Idol","floor":13,"gold_loss":0},{"damage_healed":0,"gold_gain":0,"player_choice":"Ignored","damage_taken":0,"max_hp_gain":0,"max_hp_loss":0,"event_name":"Cursed Tome","floor":27,"gold_loss":0},{"damage_healed":0,"gold_gain":0,"player_choice":"Ignored","damage_taken":0,"max_hp_gain":0,"max_hp_loss":0,"event_name":"Duplicator","floor":37,"gold_loss":0},{"damage_healed":0,"gold_gain":333,"player_choice":"Gave Idol","damage_taken":0,"max_hp_gain":0,"max_hp_loss":0,"event_name":"The Moai Head","floor":39,"relics_lost":["Golden Idol"],"gold_loss":0},{"damage_healed":0,"gold_gain":0,"player_choice":"Memory 1","damage_taken":0,"max_hp_gain":0,"max_hp_loss":0,"event_name":"SensoryStone","floor":45,"gold_loss":0},{"damage_healed":0,"gold_gain":0,"player_choice":"Ignored","damage_taken":0,"max_hp_gain":0,"max_hp_loss":0,"event_name":"Upgrade Shrine","floor":48,"gold_loss":0}],"is_beta":false,"boss_relics":[{"not_picked":["SacredBark","Coffee Dripper"],"picked":"Sozu"},{"not_picked":["Cursed Key","WristBlade","Ring of the Serpent"]}],"items_purged_floors":[],"is_endless":false,"potions_floor_spawned":[1,12,14,16,19,25,29,30,36,42],"ascension_level":15}}