{"host":"o3b7ow6d1xe49css","time":1608852597,"event":{"mods":["Act Like it!","Aspiration","BaseMod","Bestiary","Better Altar","Better Match","Better Note","Better Sensory Stone","Better Skull","Better Third Choice","Colored Powertips","Conspire","Energized Spire","Force Act Four","GifTheSpireLib","Halation","Hermit","Hubris","Infinite Spire","Lobotomy","Minty Spire (QoL Compilation)","Quick Restart","Replay The Spire","Spicy Shops","Spikes Relics","StSLib","Stuff the Spire","The Blue Laboratory","Wandering Minibosses","vexMod"],"gold_per_floor":[119,133,276,276,293,319,319,319,346,381,87,112,112,145,145,241,241,255,270,270,270,270,297,52,80,80,109,109,109,138,138,138,235,235,253,253,0,0,0,28,61,89,114,141,101,101,136,150,150,255,255,255,57,85,182],"floor_reached":56,"playtime":2429,"items_purged":["Strike_R","Defend_R"],"score":2164,"play_id":"289ea882-180e-444e-a927-dc084541d954","local_time":"20201224142957","daily_mods":["Heirloom","Flight","Elite Swarm"],"is_ascension_mode":true,"campfire_choices":[{"data":"Shrug It Off","floor":7,"key":"SMITH"},{"data":"conspire:Purge","floor":8,"key":"SMITH"},{"floor":13,"key":"RECALL"},{"floor":15,"key":"DIG"},{"data":"Demon Form","floor":28,"key":"SMITH"},{"data":"Pot Of Greed","floor":29,"key":"SMITH"},{"data":"infinitespire:Punishment","floor":32,"key":"SMITH"},{"data":"Limit Break","floor":46,"key":"SMITH"},{"floor":49,"key":"REST"},{"data":"Pot Of Greed","floor":52,"key":"SMITH"}],"circlet_count":0,"master_deck":["Defend_R","Defend_R+1","Defend_R","Bash+1","UniverseFragment","Battle Trance","Shrug It Off+1","OSAHOGD","conspire:Purge+1","Feed+1","Pot Of Greed","Pot Of Greed+1","Sword Boomerang","Impervious","infinitespire:Punishment+1","Flying Knee","Demon Form+1","Pot Of Greed+1","Heavy Blade+1","Offering","Limit Break+1","hubris:StunningStrike","Pummel"],"relics":["Burning Blood","Ring of Chaos","SuspiciousGoo","CogitoBucket","RollingBoulder","infinitespire:Satchel","infinitespire:BottledMercury","conspire:TreasureMap","Grinning Jar","StuffTheSpire:Mouthbags","Whetstone","ShockBauble","energizedSpire:NeverEndingSparkler","SkinProphecy","halation:OrihimeAndHikoboshiSamaAndTears","vexMod:PlasmaPancake","aspiration:HummingbirdHeart","Turnip","hubris:PeanutButter","Iron Hammer","Lantern","Snecko Eye","HellTrain","Self Forming Clay","conspire:RoyalGoblet","aspiration:HatOfInfinitePower","Regal Pillow","Bag of Preparation","Pantograph","infinitespire:Bottled Soul","conspire:TopHat","AtMidnight","aspiration:RitualDagger","Ring of Chaos","StuffTheSpire:Experiment12","Ancient Tea Set"],"acts_visited":["Exordium","TheCity","TheBeyond","Exordium","TheEnding"],"potions_floor_usage":[6,6,42,50,55,55],"damage_taken":[{"damage":5,"enemies":"Small Slimes","floor":1,"turns":5},{"damage":6,"enemies":"Cultist","floor":2,"turns":3},{"damage":3,"enemies":"2 Louse","floor":3,"turns":5},{"damage":19,"enemies":"conspire:2 RoseBushes","floor":5,"turns":3},{"damage":6,"enemies":"Gremlin Nob","floor":6,"turns":3},{"damage":25,"enemies":"3 Sentries","floor":10,"turns":3},{"damage":16,"enemies":"Gremlin Nob","floor":12,"turns":3},{"damage":0,"enemies":"Lagavulin","floor":14,"turns":2},{"damage":2,"enemies":"Fading Forest","floor":16,"turns":11},{"damage":15,"enemies":"2 Thieves","floor":18,"turns":3},{"damage":0,"enemies":"3 Byrds","floor":19,"turns":3},{"damage":1,"enemies":"Nightmare","floor":23,"turns":3},{"damage":3,"enemies":"Slavers","floor":25,"turns":3},{"damage":0,"enemies":"Replay:Snechameleon","floor":27,"turns":2},{"damage":0,"enemies":"conspire:Head Lice","floor":30,"turns":3},{"damage":0,"enemies":"Champ","floor":33,"turns":4},{"damage":22,"enemies":"Orb Walker","floor":35,"turns":2},{"damage":0,"enemies":"Nemesis","floor":40,"turns":3},{"damage":0,"enemies":"R_Hoarder","floor":41,"turns":2},{"damage":4,"enemies":"Reptomancer","floor":42,"turns":2},{"damage":0,"enemies":"Nemesis","floor":44,"turns":3},{"damage":0,"enemies":"Reptomancer","floor":47,"turns":2},{"damage":3,"enemies":"3 Shapes","floor":48,"turns":4},{"damage":28,"enemies":"Awakened One","floor":50,"turns":5},{"damage":4,"enemies":"Shield and Spear","floor":54,"turns":3},{"damage":48,"enemies":"The Heart","floor":55,"turns":6}],"seed_played":"8300586333798109834","potions_obtained":[{"floor":1,"key":"ColorlessPotion"},{"floor":5,"key":"SkillPotion"},{"floor":10,"key":"blueLaboratory:LouseDecoction"},{"floor":12,"key":"blueLaboratory:BottledHope"},{"floor":25,"key":"SteroidPotion"},{"floor":40,"key":"Energy Potion"},{"floor":41,"key":"Adrenaline Potion"},{"floor":44,"key":"blueLaboratory:FrostheartPotion"}],"is_trial":true,"path_per_floor":["M","M","M","?","M","E","R","R","T","E","$","E","R","E","R","B",null,"M","M","AVR","?","?","NM","$","E","T","E","R","R","E","$","R","B",null,"M","$","$","HB","AVR","E","E","E","T","E","?","R","E","M","R","B",null,"R","$","E","B",null],"character_chosen":"IRONCLAD","items_purchased":["conspire:TreasureMap","Grinning Jar","aspiration:HummingbirdHeart","Self Forming Clay","blueLaboratory:BottleOfVodka","StuffTheSpire:Experiment12"],"campfire_rested":1,"item_purchase_floors":[11,11,24,37,53,53],"current_hp_per_floor":[80,80,80,80,67,67,67,67,67,48,48,38,38,44,44,70,78,69,78,78,78,78,85,85,91,91,93,93,93,95,95,95,97,108,84,84,84,84,84,86,88,93,93,102,102,102,111,106,151,138,159,159,159,164,129],"gold":182,"neow_bonus":"","is_daily":false,"chose_seed":false,"campfire_upgraded":7,"win_rate":0.0,"timestamp":1608852597,"path_taken":["M","M","M","?","?","E","R","R","T","E","$","E","R","E","R","BOSS","M","M","AVR","?","?","NM","$","E","T","E","R","R","E","$","R","BOSS","M","$","$","HB","AVR","E","E","E","T","E","?","R","E","?","R","BOSS","R","$","E","BOSS"],"items_purchased_type":["Relic","Relic","Relic","Relic","Potion","Relic"],"build_version":"2020-12-22","purchased_purges":2,"victory":true,"max_hp_per_floor":[80,80,80,80,80,80,80,80,80,80,80,80,80,80,80,80,80,80,89,89,89,89,97,97,106,106,108,108,108,110,110,110,112,112,116,116,116,116,116,118,120,129,129,138,138,138,147,151,151,160,160,160,160,169,171],"card_choices":[{"not_picked":["Wellcheers","Freischutz","PunishingBird"],"picked":"Singing Bowl","floor":1},{"not_picked":["ReplayTheSpireMod:Muscle Training","hubris:CleavingFinish"],"picked":"Sword Boomerang","floor":1},{"not_picked":["LongBird","NakedNest","WallGazer"],"picked":"Singing Bowl","floor":2},{"not_picked":["MHz","MeatLantern"],"picked":"UniverseFragment","floor":2},{"not_picked":["Havoc","Flex","Warcry"],"picked":"SKIP","floor":2},{"not_picked":["FairyFestival","Bloodbath","VoidDream"],"picked":"Singing Bowl","floor":3},{"not_picked":["True Grit","Body Slam"],"picked":"Battle Trance","floor":3},{"not_picked":["Variant","Laetitia","HappyTeddy"],"picked":"Singing Bowl","floor":5},{"not_picked":["Bludgeon","Body Slam"],"picked":"Shrug It Off","floor":5},{"not_picked":["MHz","WhitesApple","Bloodbath"],"picked":"Singing Bowl","floor":6},{"not_picked":["MeatLantern","SnowQueen"],"picked":"OSAHOGD","floor":6},{"not_picked":["Impervious","Brutality"],"picked":"conspire:Purge","floor":6},{"not_picked":["CrumblingArmor","Murderer","Porccubus"],"picked":"Singing Bowl","floor":10},{"not_picked":["Demon Form","conspire:Purge"],"picked":"Feed","floor":10},{"not_picked":["SnowQueen","Scarecrow","SpiderBud"],"picked":"Singing Bowl","floor":12},{"not_picked":["StuffTheSpire:TitanForm","Eclipse"],"picked":"Impervious","floor":12},{"not_picked":["Laetitia","Woodsman","NothingThere"],"picked":"Singing Bowl","floor":14},{"not_picked":["PunishingBird","Scorched"],"picked":"OldLady","floor":14},{"not_picked":["Juggernaut","Fiend Fire","Limit Break"],"picked":"SKIP","floor":14},{"not_picked":["RedShoes","BlackSwan","Murderer"],"picked":"Singing Bowl","floor":16},{"not_picked":["RedShoes","Porccubus","ShyLook"],"picked":"Singing Bowl","floor":18},{"not_picked":["Twin Strike","Clash+1"],"picked":"Anger","floor":18},{"not_picked":["DreamingCurrent","HeroicMonk","Wellcheers"],"picked":"Singing Bowl","floor":19},{"not_picked":["Anger","Juggernaut","Wild Strike"],"picked":"SKIP","floor":19},{"not_picked":["Murderer","Rudolta","Funeral"],"picked":"Singing Bowl","floor":23},{"not_picked":["Bludgeon","Double Tap"],"picked":"Demon Form","floor":23},{"not_picked":["RedShoes","DreamingCurrent","DespairKnight"],"picked":"Singing Bowl","floor":25},{"not_picked":["Immolate","Juggernaut","Brutality"],"picked":"SKIP","floor":25},{"not_picked":["LaLuna","GalaxyChild","FairyFestival"],"picked":"Singing Bowl","floor":27},{"not_picked":["StuffTheSpire:TitanForm","Immolate","Barricade"],"picked":"SKIP","floor":27},{"not_picked":["OldLady","GreedKing","DreamingCurrent"],"picked":"Singing Bowl","floor":30},{"not_picked":["Demon Form","Corruption","Demonic Infusion"],"picked":"SKIP","floor":30},{"not_picked":["SingingMachine","BodiesMountain","FairyFestival"],"picked":"Singing Bowl","floor":33},{"not_picked":["Laetitia","Variant","WhiteNight"],"picked":"Singing Bowl","floor":35},{"not_picked":["Armaments","Absolvement"],"picked":"Heavy Blade","floor":35},{"not_picked":["DreamingCurrent","BlackSwan","Alriune"],"picked":"Singing Bowl","floor":40},{"not_picked":["conspire:HitWhereItHurts","Replay:Many Hands"],"picked":"Offering","floor":40},{"not_picked":["GalaxyChild","Funeral","Yin"],"picked":"Singing Bowl","floor":41},{"not_picked":["Immolate","Bludgeon"],"picked":"Limit Break","floor":41},{"not_picked":["BlackArmy","DreamingCurrent","Porccubus"],"picked":"Singing Bowl","floor":42},{"not_picked":["Reaper","Replay:Many Hands","Hemogenesis"],"picked":"SKIP","floor":42},{"not_picked":["BigBird","SingingMachine","Woodsman"],"picked":"Singing Bowl","floor":44},{"not_picked":["Limit Break","Bludgeon","Hemogenesis"],"picked":"SKIP","floor":44},{"not_picked":["HeroicMonk","BlueStar","BodiesMountain"],"picked":"Singing Bowl","floor":47},{"not_picked":["Berserk","conspire:HitWhereItHurts"],"picked":"hubris:StunningStrike","floor":47},{"not_picked":["hubris:SharpeningStone+1","Clothesline"],"picked":"Pummel","floor":48},{"not_picked":["BlackArmy","BodiesMountain","WhiteNight"],"picked":"Singing Bowl","floor":54},{"not_picked":["conspire:HitWhereItHurts","Exhume","Berserk"],"picked":"SKIP","floor":54},{"not_picked":["conspire:HitWhereItHurts","Exhume","Berserk"],"picked":"SKIP","floor":54}],"player_experience":1849307,"relics_obtained":[{"floor":6,"key":"RollingBoulder"},{"floor":9,"key":"infinitespire:Satchel"},{"floor":10,"key":"infinitespire:BottledMercury"},{"floor":12,"key":"StuffTheSpire:Mouthbags"},{"floor":14,"key":"Whetstone"},{"floor":15,"key":"ShockBauble"},{"floor":23,"key":"vexMod:PlasmaPancake"},{"floor":25,"key":"Turnip"},{"floor":26,"key":"hubris:PeanutButter"},{"floor":27,"key":"Iron Hammer"},{"floor":30,"key":"Lantern"},{"floor":40,"key":"Regal Pillow"},{"floor":41,"key":"Bag of Preparation"},{"floor":42,"key":"Pantograph"},{"floor":44,"key":"infinitespire:Bottled Soul"},{"floor":47,"key":"conspire:TopHat"},{"floor":48,"key":"AtMidnight"},{"floor":54,"key":"Ancient Tea Set"}],"event_choices":[{"damage_healed":0,"gold_gain":0,"player_choice":"Forge","damage_taken":0,"max_hp_gain":0,"max_hp_loss":0,"event_name":"Accursed Blacksmith","floor":4,"gold_loss":0,"cards_upgraded":["Bash"]},{"cards_removed":["Strike_R"],"damage_healed":0,"gold_gain":0,"player_choice":"Give","damage_taken":0,"max_hp_gain":0,"max_hp_loss":0,"event_name":"betterNote:BetterNote","floor":21,"gold_loss":0,"cards_obtained":["Strike_P"]},{"damage_healed":0,"gold_gain":0,"player_choice":"Upgraded Two","damage_taken":0,"max_hp_gain":0,"max_hp_loss":0,"event_name":"Designer","floor":45,"gold_loss":40,"cards_upgraded":["Defend_R","Heavy Blade"]}],"is_beta":false,"boss_relics":[{"not_picked":["energizedSpire:StickyHand","halation:PlatinumPhoenix"],"picked":"energizedSpire:NeverEndingSparkler"},{"not_picked":["halation:MonkeysPaw","SacredBark"],"picked":"Snecko Eye"},{"not_picked":["conspire:SlowCooker","Electric Blood"],"picked":"aspiration:RitualDagger"}],"items_purged_floors":[20,39],"is_endless":true,"potions_floor_spawned":[1,5,10,12,25,33,40,41,44,47],"ascension_level":5}}