{"host":"d4jjsas3g8mfo55f","time":1608787914,"event":{"mods":["ATMod(°¢èªMod)","Aspiration","BaseMod","Hermit","Luminous","Minty Spire (QoL Compilation)","Replay The Spire","Spicy Shops","StSLib","The Bladedancer","The Bug Knight","The Jungle"],"gold_per_floor":[112,127,97,107,121,121,155,155,155,155,185,198,198,208,208,305,305,325,339,350,22,33,33,33,33,33,33,60,70,70,70,70,172,172,183,233,233,251,251,251,264,264,264,275,295,295,295,207,226,246,246,246,246],"floor_reached":52,"playtime":3385,"items_purged":[],"score":608,"play_id":"c4d20e81-4ad6-4625-9c8f-15f6cd132f5d","local_time":"20201224133154","is_ascension_mode":true,"campfire_choices":[{"data":"AT_FamilyPortrait","floor":6,"key":"SMITH"},{"data":"Zap","floor":8,"key":"SMITH"},{"floor":13,"key":"REST"},{"floor":15,"key":"REST"},{"data":"ReplayTheSpireMod:Omega Cannon","floor":23,"key":"SMITH"},{"floor":25,"key":"DIG"},{"floor":27,"key":"DIG"},{"floor":30,"key":"DIG"},{"floor":51,"key":"REST"}],"circlet_count":0,"master_deck":["Strike_B","Strike_B","Strike_B","Strike_B","Defend_B","Defend_B","Defend_B","Defend_B","Zap+1","Dualcast","Neutralize","Echo Form","AT_FamilyPortrait+1","ReplayTheSpireMod:GoodbyeWorld+1","Storm+1","Panic Button","ReplaySort+1","Cold Snap","Stack","Crystallizer+1","ReplayRNGCard","Electrodynamics+1","Clumsy","Clumsy","Hallucinations","Redo","ReplayTheSpireMod:Omega Cannon+1","AT_HeatAcrobatics","Conserve Battery+1","Defragment+1","Capacitor+1","Amplify","AT_WarpDrive","Sweeping Beam+1","AT_StudyProgram+1","AT_StudyProgram+1","Stack+1","Coolheaded+1","Capacitor+1"],"relics":["Cracked Core","AT_ATBox","Replay:Antivirus Software","aspiration:FrozenJewel","Frozen Egg 2","Replay:Ancient Bell","Akabeko","Kunai","Replay:Multitool","Happy Flower","AT_RedTearstoneRing","AT_GreenNoBalance","AT_SilvercatRing","Regal Pillow","Shuriken","Matryoshka","Replay:Fungal Core","Incense Burner","AT_SunfireAegis","Orichalcum","Carrot"],"acts_visited":["Exordium","TheCity","TheBeyond"],"potions_floor_usage":[4,4,4,4,7,11,11,11,11,12,14,19,21,28,33,33,52,52],"damage_taken":[{"damage":9,"enemies":"Small Slimes","floor":1,"turns":3},{"damage":0,"enemies":"Cultist","floor":2,"turns":3},{"damage":0,"enemies":"2 Louse","floor":4,"turns":2},{"damage":16,"enemies":"Exordium Thugs","floor":5,"turns":5},{"damage":24,"enemies":"Gremlin Nob","floor":7,"turns":4},{"damage":14,"enemies":"3 Sentries","floor":11,"turns":6},{"damage":2,"enemies":"Blue Slaver","floor":12,"turns":2},{"damage":5,"enemies":"3 Louse","floor":14,"turns":2},{"damage":8,"enemies":"Fading Forest","floor":16,"turns":11},{"damage":13,"enemies":"Spheric Guardian","floor":18,"turns":5},{"damage":0,"enemies":"3 Byrds","floor":19,"turns":2},{"damage":10,"enemies":"Snecko","floor":20,"turns":3},{"damage":18,"enemies":"Centurion and Healer","floor":22,"turns":5},{"damage":31,"enemies":"Slavers","floor":28,"turns":3},{"damage":26,"enemies":"Shelled Parasite and Fungi","floor":29,"turns":6},{"damage":34,"enemies":"Collector","floor":33,"turns":8},{"damage":25,"enemies":"3 Shapes","floor":35,"turns":4},{"damage":2,"enemies":"Mind Bloom Boss Battle","floor":36,"turns":6},{"damage":19,"enemies":"Orb Walker","floor":38,"turns":4},{"damage":16,"enemies":"Writhing Mass","floor":41,"turns":4},{"damage":16,"enemies":"4 Shapes","floor":44,"turns":1},{"damage":29,"enemies":"3 Darklings","floor":45,"turns":2},{"damage":0,"enemies":"Jaw Worm Horde","floor":49,"turns":4},{"damage":33,"enemies":"Writhing Mass","floor":50,"turns":5},{"damage":98,"enemies":"Awakened One","floor":52,"turns":8}],"seed_played":"-6421403046289769250","potions_obtained":[{"floor":2,"key":"EntropicBrew"},{"floor":3,"key":"SpeedPotion"},{"floor":3,"key":"Regen Potion"},{"floor":5,"key":"Strength Potion"},{"floor":7,"key":"Adrenaline Potion"},{"floor":10,"key":"FocusPotion"},{"floor":11,"key":"AttackPotion"},{"floor":16,"key":"FairyPotion"},{"floor":18,"key":"ColorlessPotion"},{"floor":19,"key":"Strength Potion"},{"floor":32,"key":"BlessingOfTheForge"},{"floor":32,"key":"LiquidMemories"},{"floor":33,"key":"BlessingOfTheForge"},{"floor":44,"key":"CultistPotion"}],"is_trial":false,"path_per_floor":["M","M","?","M","M","R","E","R","T","?","E","M","R","M","R","B",null,"M","M","M","$","M","R","?","R","T","R","E","M","R","?","R","B",null,"M","?","?","M","?","R","M","R","T","M","M","PTL","PTL","?","M","M","R","B"],"character_chosen":"DEFECT","items_purchased":["Happy Flower","AT_RedTearstoneRing","Fruit Juice"],"campfire_rested":3,"item_purchase_floors":[21,21,21],"current_hp_per_floor":[66,66,66,71,55,55,31,31,31,31,17,15,37,32,54,68,75,62,62,52,57,39,39,39,39,39,39,9,14,14,14,14,6,80,15,38,38,19,19,58,47,80,80,64,35,35,35,35,35,2,41,0,0],"gold":246,"neow_bonus":"THREE_RARE_CARDS","is_daily":false,"chose_seed":false,"campfire_upgraded":3,"win_rate":0.0,"timestamp":1608787914,"path_taken":["M","M","?","?","M","R","E","R","T","?","E","M","R","?","R","BOSS","M","?","M","$","M","R","?","R","T","R","E","M","R","?","R","BOSS","M","?","?","M","?","R","M","R","T","M","?","PTL","PTL","?","M","M","R","BOSS"],"items_purchased_type":["Relic","Relic","Potion"],"build_version":"2020-12-22","purchased_purges":0,"victory":false,"max_hp_per_floor":[75,75,75,75,75,75,75,75,75,75,75,75,75,75,75,75,75,75,75,75,80,80,80,80,80,80,80,80,80,80,80,80,80,80,80,80,80,80,80,80,80,80,80,80,80,80,80,80,80,80,80,80,80],"card_choices":[{"not_picked":["Seek","ReplayTheSpireMod:Omega Cannon"],"picked":"Echo Form","floor":0},{"not_picked":["Lockon","Undo"],"picked":"ReplayTheSpireMod:GoodbyeWorld","floor":1},{"not_picked":["Barrage","Beam Cell"],"picked":"Storm","floor":2},{"not_picked":["BasicCrystalCard","Rip and Tear"],"picked":"Panic Button","floor":4},{"not_picked":["Rebound","Cold Snap"],"picked":"ReplaySort","floor":5},{"not_picked":["Beam Cell","Sweeping Beam"],"picked":"Cold Snap","floor":7},{"not_picked":["Darkness","ReplayTheSpireMod:Repulse"],"picked":"Stack","floor":11},{"not_picked":["Coolheaded","Streamline"],"picked":"Crystallizer+1","floor":12},{"not_picked":["Coolheaded","Recycle"],"picked":"ReplayRNGCard","floor":14},{"not_picked":["Seek","Meteor Strike"],"picked":"Electrodynamics+1","floor":16},{"not_picked":["ReplayTheSpireMod:Doomed","Looming Evil"],"picked":"Clumsy","floor":17},{"not_picked":["Regret","ReplayTheSpireMod:Restless Dread"],"picked":"Clumsy","floor":17},{"not_picked":["Replay:Hysterical Blindness","Voices"],"picked":"Hallucinations","floor":17},{"not_picked":["Sweeping Beam","Consume"],"picked":"Redo","floor":18},{"not_picked":["Stack","Redo"],"picked":"ReplayTheSpireMod:Omega Cannon","floor":19},{"not_picked":["Barrage","Hologram"],"picked":"AT_HeatAcrobatics","floor":20},{"not_picked":["Coolheaded","Fission"],"picked":"Conserve Battery+1","floor":22},{"not_picked":["BasicCrystalCard+1","Sweeping Beam"],"picked":"Defragment+1","floor":28},{"not_picked":["Hologram","Conserve Battery"],"picked":"Capacitor+1","floor":29},{"not_picked":["ReplayRNGCard","Echo Form+1"],"picked":"Amplify","floor":33},{"not_picked":["Sweeping Beam+1","Leap"],"picked":"AT_WarpDrive","floor":35},{"not_picked":["Chill","Steam+1"],"picked":"Sweeping Beam+1","floor":36},{"not_picked":["Rebound","AT_WarpDrive+1"],"picked":"AT_StudyProgram+1","floor":38},{"not_picked":["Melter","Ball Lightning"],"picked":"AT_StudyProgram+1","floor":41},{"not_picked":["Go for the Eyes","Coolheaded","Gash+1"],"picked":"SKIP","floor":44},{"not_picked":["Sweeping Beam","Turbo+1"],"picked":"Stack+1","floor":45},{"not_picked":["Rebound","Darkness"],"picked":"Coolheaded+1","floor":49},{"not_picked":["Coolheaded","Stack"],"picked":"Capacitor+1","floor":50}],"player_experience":301059,"relics_obtained":[{"floor":7,"key":"Replay:Antivirus Software"},{"floor":9,"key":"aspiration:FrozenJewel"},{"floor":11,"key":"Frozen Egg 2"},{"floor":25,"key":"AT_SilverBalance"},{"floor":26,"key":"AT_SilvercatRing"},{"floor":27,"key":"Regal Pillow"},{"floor":28,"key":"Shuriken"},{"floor":30,"key":"Matryoshka"},{"floor":36,"key":"Incense Burner"},{"floor":43,"key":"AT_SunfireAegis"},{"floor":43,"key":"Orichalcum"}],"event_choices":[{"damage_healed":0,"gold_gain":0,"player_choice":"Bought 2 Potions","damage_taken":0,"max_hp_gain":0,"max_hp_loss":0,"event_name":"The Woman in Blue","floor":3,"gold_loss":0},{"damage_healed":0,"gold_gain":0,"player_choice":"Got Potions","damage_taken":0,"max_hp_gain":0,"max_hp_loss":0,"event_name":"Lab","floor":10,"gold_loss":0},{"damage_healed":0,"gold_gain":0,"player_choice":"Ignored","damage_taken":0,"max_hp_gain":0,"max_hp_loss":0,"event_name":"Ghosts","floor":24,"gold_loss":0},{"damage_healed":0,"gold_gain":0,"player_choice":"Fight","damage_taken":0,"max_hp_gain":0,"max_hp_loss":0,"event_name":"MindBloom","floor":36,"gold_loss":0},{"cards_removed":["blademaster:Strike"],"damage_healed":0,"gold_gain":0,"player_choice":"Removed Attack","damage_taken":0,"max_hp_gain":0,"max_hp_loss":0,"event_name":"Falling","floor":37,"gold_loss":0},{"damage_healed":0,"gold_gain":0,"player_choice":"Forge","damage_taken":0,"max_hp_gain":0,"max_hp_loss":0,"event_name":"Accursed Blacksmith","floor":39,"gold_loss":0,"cards_upgraded":["Storm"]},{"damage_healed":0,"gold_gain":0,"player_choice":"Paid Gold","damage_taken":0,"relics_obtained":["Carrot"],"max_hp_gain":0,"max_hp_loss":0,"event_name":"WeMeetAgain","floor":48,"gold_loss":88}],"is_beta":false,"boss_relics":[{"not_picked":["Runic Dome","aspiration:IroncladSkillbook"],"picked":"Replay:Ancient Bell"},{"not_picked":["AT_BellDemon","aspiration:HiddenCompartment"],"picked":"Akabeko"},{"not_picked":["Mercury Hourglass","HollowMod:LifeEnderRelic"],"picked":"Kunai"},{"not_picked":["Counterbalance","Shovel"],"picked":"Replay:Multitool"},{"not_picked":["Philosopher\u0027s Stone","ReplayTheSpireMod:DimensionalGlitch"],"picked":"Replay:Fungal Core"}],"items_purged_floors":[],"is_endless":false,"potions_floor_spawned":[2,5,7,11,16,18,19,33,44,49],"killed_by":"Awakened One","ascension_level":4}}