{"host":"q6rs3in4l29iepap","time":1608811211,"event":{"mods":["Aspiration","BaseMod","BetterRewards","Colored Map","Downfall","Friendly Minions","Hermit","Hubris","Infinite Spire","Jorbs\u0027s Wanderer Trilogy","Minty Spire (QoL Compilation)","Replay The Spire","Shade Mod","StSLib","The Bug Knight","The Construct","The Cursed","The Disciple","The Hierophant","The Mystic","The Runesmith"],"gold_per_floor":[112,127,187,206,171,171,202,212,235,9,65,78,78,106,106,202,202,215,233,233,233,233,264,274,274,274,21,40,40,70,88,88,184,184,203,222,241,241,255,288,288,314,314,349,349,362,362,362,362,362,362,362,11,40,40],"floor_reached":56,"playtime":6000,"items_purged":[],"score":1560,"play_id":"804c1115-c387-4382-808a-24f0b8a810ef","local_time":"20201224040011","is_ascension_mode":false,"campfire_choices":[{"floor":6,"key":"RECALL"},{"floor":13,"key":"REST"},{"floor":15,"key":"REST"},{"floor":25,"key":"REST"},{"floor":29,"key":"REST"},{"floor":32,"key":"REST"},{"floor":52,"key":"REST"}],"circlet_count":0,"master_deck":["Strike_R","Strike_R","Strike_R","Strike_R","Defend_R","Defend_R+1","Defend_R","Defend_R+1","Bash","ReplayTheSpireMod:LeadingStrike","Shrug It Off","Clothesline","Whirlwind","Anger","Evolve","Flex","ReplayTheSpireMod:Stacked","Life Link","Seeing Red","Clothesline","Reckless Charge","Reckless Charge+1","Seeing Red","Feel No Pain","Havoc","Whirlwind","Infernal Blade","Power Through","Feel No Pain","Brutality","Wild Strike","Flex+1","stsjorbsmod:Withering","infinitespire:Starlight+1","infinitespire:Starlight","True Grit+1","Pummel+1","hubris:StunningStrike+1","Anger+1","Combust+1","Offering","Replay:Undeath\u0027s Touch+1","Blood for Blood+1","Offering","Cleave+1","Burning Pact","Exhume","ReplayTheSpireMod:Muscle Training+1","Fire Breathing","Fire Breathing","Pommel Strike","Bloodletting","Bash","Twin Strike","ReplayTheSpireMod:Muscle Training","Combust","expansioncontent:QuickStudy","expansioncontent:BronzeBeam","Transmutation","Hemokinesis"],"relics":["Burning Blood","hubris:Potato","Orrery","Darkstone Periapt","Nunchaku","hubris:TenFootPole","Honey Jar","ReplayTheSpireMod:Ring of Addiction","Ring of Peace","Potion Belt","Chameleon Ring","Gremlin Food","PreservedInsect","Dream Catcher","Red Skull","Fusion Hammer","Juzu Bracelet","ReplayFunnel","Replay:Bottled Steam","Replay:Towering Pillar of Hats","hubris:Icosahedron","ReplayTheSpireMod:ShopPack","Blue Doll"],"acts_visited":["Exordium","TheCity","TheBeyond","TheEnding"],"potions_floor_usage":[2,7,8,11,14,23,31,33,33,37,39,42,44,50,50,50,50,53,54,54],"damage_taken":[{"damage":8,"enemies":"Jaw Worm","floor":1,"turns":3},{"damage":1,"enemies":"2 Louse","floor":2,"turns":4},{"damage":2,"enemies":"Small Slimes","floor":4,"turns":3},{"damage":30,"enemies":"Gremlin Nob","floor":7,"turns":3},{"damage":6,"enemies":"3 Louse","floor":8,"turns":3},{"damage":16,"enemies":"Gremlin Nob","floor":11,"turns":3},{"damage":10,"enemies":"Looter","floor":12,"turns":3},{"damage":31,"enemies":"3 Sentries","floor":14,"turns":4},{"damage":55,"enemies":"Slime Boss","floor":16,"turns":10},{"damage":15,"enemies":"3 Byrds","floor":18,"turns":4},{"damage":26,"enemies":"2 Thieves","floor":19,"turns":4},{"damage":35,"enemies":"Replay:Snechameleon","floor":23,"turns":10},{"damage":20,"enemies":"Snecko","floor":24,"turns":8},{"damage":38,"enemies":"Shelled Parasite and Fungi","floor":28,"turns":7},{"damage":4,"enemies":"Book of Stabbing","floor":30,"turns":6},{"damage":25,"enemies":"Sentry and Sphere","floor":31,"turns":6},{"damage":57,"enemies":"hubris:MusketHawk","floor":33,"turns":14},{"damage":5,"enemies":"3 Shapes","floor":35,"turns":4},{"damage":3,"enemies":"Orb Walker","floor":36,"turns":5},{"damage":14,"enemies":"Transient","floor":37,"turns":5},{"damage":31,"enemies":"Jaw Worm Horde","floor":39,"turns":5},{"damage":31,"enemies":"Giant Head","floor":40,"turns":9},{"damage":18,"enemies":"Nemesis","floor":42,"turns":5},{"damage":97,"enemies":"Reptomancer","floor":44,"turns":5},{"damage":0,"enemies":"Sphere and 2 Shapes","floor":46,"turns":3},{"damage":75,"enemies":"Donu and Deca","floor":50,"turns":8},{"damage":46,"enemies":"Shield and Spear","floor":54,"turns":4},{"damage":74,"enemies":"The Heart","floor":55,"turns":10}],"seed_played":"-2755756536660149289","potions_obtained":[{"floor":2,"key":"Fruit Juice"},{"floor":3,"key":"FairyPotion"},{"floor":3,"key":"SpeedPotion"},{"floor":3,"key":"EssenceOfSteel"},{"floor":7,"key":"BloodPotion"},{"floor":8,"key":"Fire Potion"},{"floor":12,"key":"Adrenaline Potion"},{"floor":21,"key":"Toxic Potion"},{"floor":21,"key":"SteroidPotion"},{"floor":21,"key":"Energy Potion"},{"floor":23,"key":"Energy Potion"},{"floor":24,"key":"Fire Potion"},{"floor":31,"key":"Elixir"},{"floor":33,"key":"Dexterity Potion"},{"floor":36,"key":"ElixirPotion"},{"floor":42,"key":"SkillPotion"},{"floor":44,"key":"BlessingOfTheForge"},{"floor":46,"key":"Languid Potion"},{"floor":49,"key":"infinitespire:BlackPotion"},{"floor":49,"key":"Toxic Potion"},{"floor":54,"key":"SpeedPotion"}],"is_trial":false,"path_per_floor":["M","M","?","M","?","R","E","M","T","$","?","M","R","E","R","B",null,"M","M","?","?","?","E","M","R","T","$","M","R","E","M","R","B",null,"M","M","M","?","M","E","?","E","T","E","?","M","?","?","R_BF","B",null,"R","$","E","B",null],"character_chosen":"IRONCLAD","items_purchased":["hubris:Potato","Orrery","Flex","Seeing Red","Feel No Pain","Havoc","Whirlwind","Dream Catcher","hubris:StunningStrike+1","ReplayTheSpireMod:ShopPack","Combust","Fruit Juice","Adrenaline Potion"],"campfire_rested":6,"item_purchase_floors":[0,0,0,10,10,10,10,27,27,53,53,53,53],"current_hp_per_floor":[52,62,62,66,80,80,72,72,72,72,62,58,80,55,79,30,80,71,51,63,69,69,60,66,95,95,95,79,96,94,75,94,67,94,94,94,84,84,69,69,72,85,85,14,14,20,20,81,81,37,81,81,88,63,20],"gold":40,"neow_bonus":"","is_daily":false,"chose_seed":false,"campfire_upgraded":0,"win_rate":0.0,"timestamp":1608811211,"path_taken":["M","M","?","M","?","R","E","M","T","$","?","M","R","E","R","BOSS","M","M","?","?","?","E","M","R","T","$","?","R","E","M","R","BOSS","M","M","M","?","M","E","?","E","T","E","?","M","?","?","R_BF","BOSS","R","$","E","BOSS"],"items_purchased_type":["Relic","Relic","Card","Card","Card","Card","Card","Relic","Card","Relic","Card","Potion","Potion"],"build_version":"2020-12-13","purchased_purges":0,"victory":true,"max_hp_per_floor":[75,80,80,80,80,80,80,80,80,80,80,80,80,80,80,80,80,80,80,92,98,98,98,98,98,98,96,96,96,94,94,94,94,94,94,94,92,92,92,92,95,95,95,95,95,95,95,81,81,81,81,81,88,88,88],"card_choices":[{"not_picked":["Clash","Twin Strike"],"picked":"ReplayTheSpireMod:LeadingStrike","floor":0},{"not_picked":["Clash","Dual Wield"],"picked":"Shrug It Off","floor":0},{"not_picked":["Berserk","Iron Wave"],"picked":"Clothesline","floor":0},{"not_picked":["Metallicize","Abandon"],"picked":"Intimidate","floor":0},{"not_picked":["Perfected Strike","Heavy Blade"],"picked":"Whirlwind","floor":0},{"not_picked":["Pummel","Massacre"],"picked":"ReplayTheSpireMod:Stacked","floor":1},{"not_picked":["True Grit","Pommel Strike"],"picked":"Life Link","floor":2},{"not_picked":["Warcry","Run Through"],"picked":"Seeing Red","floor":3},{"not_picked":["Body Slam","Headbutt"],"picked":"Clothesline","floor":4},{"not_picked":["Dark Embrace","Thunderclap"],"picked":"Reckless Charge","floor":7},{"not_picked":["Juggernaut","ReplayReversal"],"picked":"Reckless Charge","floor":8},{"not_picked":["Cleave","Heavy Blade"],"picked":"Infernal Blade","floor":11},{"not_picked":["Anger","Wild Strike"],"picked":"Power Through","floor":12},{"not_picked":["Uppercut","Flex"],"picked":"Feel No Pain","floor":14},{"not_picked":["Impervious","Demonic Infusion"],"picked":"Brutality","floor":16},{"not_picked":["Heavy Blade","Headbutt","Carnage"],"picked":"Wild Strike","floor":18},{"not_picked":["ReplayTheSpireMod:Strike From Hell","Body Slam","Warcry"],"picked":"Flex+1","floor":19},{"not_picked":["infinitespire:FutureSight","infinitespire:Menacing"],"picked":"infinitespire:Starlight","floor":20},{"not_picked":["Bludgeon","Sword Boomerang","Wild Strike"],"picked":"True Grit+1","floor":23},{"not_picked":["Pommel Strike","Iron Wave","Clash"],"picked":"Pummel+1","floor":24},{"not_picked":["Headbutt","Run Through","Cleave+1"],"picked":"Anger+1","floor":28},{"not_picked":["Dual Wield","hubris:SharpeningStone","Abandon"],"picked":"Combust+1","floor":29},{"not_picked":["Searing Blow+1","Headbutt+1","Anger"],"picked":"Offering","floor":30},{"not_picked":["Iron Wave","Rupture","Warcry"],"picked":"Replay:Undeath\u0027s Touch+1","floor":31},{"not_picked":["Warcry","Eclipse","Headbutt"],"picked":"Blood for Blood+1","floor":32},{"not_picked":["Demonic Infusion","Replay:Many Hands","Juggernaut"],"picked":"Offering","floor":33},{"not_picked":["Intimidate+1","Warcry+1","Havoc"],"picked":"Cleave+1","floor":35},{"not_picked":["Sentinel","Perfected Strike+1","Run Through"],"picked":"Burning Pact","floor":36},{"not_picked":["Sword Boomerang","Warcry+1","Headbutt+1"],"picked":"Exhume","floor":37},{"not_picked":["Disarm","Evolve","Sword Boomerang"],"picked":"ReplayTheSpireMod:Muscle Training+1","floor":39},{"not_picked":["Fiend Fire","Sword Boomerang","Wild Strike+1"],"picked":"Fire Breathing","floor":40},{"not_picked":["Burning Pact+1","Perfected Strike","Hemogenesis"],"picked":"Fire Breathing","floor":42},{"not_picked":["Perfected Strike","Heavy Blade+1","Headbutt"],"picked":"Pommel Strike","floor":44},{"not_picked":["Wild Strike+1","Thunderclap+1","Twin Strike"],"picked":"Bloodletting","floor":46},{"not_picked":["Abandon","True Grit","Perfected Strike"],"picked":"ReplayTheSpireMod:Muscle Training","floor":52},{"not_picked":["expansioncontent:DashGenerateEvil","ReplayTheSpireMod:Necrogeddon","Chrysalis"],"picked":"expansioncontent:QuickStudy","floor":53},{"not_picked":["expansioncontent:TimeRipple","expansioncontent:ManipulateTime","Purity"],"picked":"expansioncontent:BronzeBeam","floor":53},{"not_picked":["Flash of Steel","Replay:SS_fish_3","Replay:SS_forest_5"],"picked":"Transmutation","floor":53},{"not_picked":["Impervious","ReplayTheSpireMod:Strike From Hell","Sentinel+1"],"picked":"Hemokinesis","floor":54}],"player_experience":122371,"relics_obtained":[{"floor":7,"key":"Darkstone Periapt"},{"floor":11,"key":"Nunchaku"},{"floor":14,"key":"hubris:TenFootPole"},{"floor":21,"key":"ReplayTheSpireMod:Ring of Addiction"},{"floor":21,"key":"Ring of Peace"},{"floor":21,"key":"Potion Belt"},{"floor":21,"key":"Chameleon Ring"},{"floor":23,"key":"Gremlin Food"},{"floor":26,"key":"PreservedInsect"},{"floor":30,"key":"Red Skull"},{"floor":40,"key":"Juzu Bracelet"},{"floor":42,"key":"ReplayFunnel"},{"floor":43,"key":"Replay:Bottled Steam"},{"floor":44,"key":"Replay:Towering Pillar of Hats"},{"floor":54,"key":"Blue Doll"}],"event_choices":[{"damage_healed":20,"gold_gain":0,"player_choice":"Healed","damage_taken":0,"max_hp_gain":0,"max_hp_loss":0,"event_name":"The Cleric","floor":5,"gold_loss":35},{"damage_healed":0,"gold_gain":0,"player_choice":"Searched \u00272\u0027 times","damage_taken":0,"max_hp_gain":0,"max_hp_loss":0,"event_name":"Dead Adventurer","floor":11,"gold_loss":0},{"damage_healed":0,"gold_gain":0,"player_choice":"Copied","damage_taken":0,"max_hp_gain":0,"max_hp_loss":0,"event_name":"Duplicator","floor":22,"gold_loss":0,"cards_obtained":["infinitespire:Starlight"]},{"cards_removed":["Languid","Amnesia"],"damage_healed":0,"gold_gain":0,"player_choice":"Removed Curses","damage_taken":0,"max_hp_gain":0,"max_hp_loss":0,"event_name":"Fountain of Cleansing","floor":38,"gold_loss":0},{"damage_healed":0,"gold_gain":0,"player_choice":"2 cards matched","damage_taken":0,"max_hp_gain":0,"max_hp_loss":0,"event_name":"Match and Keep!","floor":47,"gold_loss":0,"cards_obtained":["Bash","Twin Strike"]},{"damage_healed":81,"gold_gain":0,"player_choice":"Heal","damage_taken":0,"max_hp_gain":0,"max_hp_loss":12,"event_name":"The Moai Head","floor":48,"gold_loss":0}],"is_beta":false,"boss_relics":[{"not_picked":["Kintsugi","Velvet Choker"],"picked":"Honey Jar"},{"not_picked":["aspiration:WatcherSkillbook","Tiny House"],"picked":"Fusion Hammer"}],"items_purged_floors":[],"is_endless":false,"potions_floor_spawned":[2,7,8,12,23,24,31,33,36,42,44,46,54],"ascension_level":0}}