{"host":"l66odvkqh04jpxx0","time":1608799189,"event":{"mods":["BaseMod","Colored Powertips","Conspire","Luminous","Minty Spire (QoL Compilation)","Replay The Spire","StSLib","The Construct","The Cursed","The Mystic","The Servant 0.9.4"],"gold_per_floor":[110,125,125,135,145,145,474,500,500,500,500,99,99,99,109,182,182,287,287,302,314,314,413,428,428,428,428,428],"floor_reached":27,"playtime":1974,"items_purged":[],"score":236,"play_id":"ad0c5691-a482-41a4-9e45-f01a91dc8e09","local_time":"20201224163949","is_ascension_mode":false,"campfire_choices":[{"data":"ReplayTheSpireMod:From All Sides","floor":6,"key":"SMITH"},{"floor":10,"key":"REST"},{"floor":17,"key":"DIG"},{"floor":25,"key":"REST"}],"circlet_count":0,"master_deck":["Defend_G","Defend_G","Defend_G","Defend_G","Survivor","Neutralize","Endless Agony+1","Sucker Punch","ReplayTheSpireMod:From All Sides+1","Outmaneuver","Dagger Throw","Heel Hook","Flying Knee","Outmaneuver","Envenom","Poison Darts","Flying Knee","conspire:PoisonWeapons+1","Necronomicurse","Sucker Punch","Bite","Bite","Bite","Bite","Bite"],"relics":["Empty Cage","Old Coin","Bottled Lightning","Ornamental Fan","Shovel","Replay:Ringing Soul","Girya","Runic Pyramid","Necronomicon"],"acts_visited":["Exordium","TheCity"],"potions_floor_usage":[18,18,27],"damage_taken":[{"damage":0,"enemies":"2 Louse","floor":1,"turns":4},{"damage":0,"enemies":"Small Slimes","floor":2,"turns":4},{"damage":0,"enemies":"Jaw Worm","floor":4,"turns":3},{"damage":8,"enemies":"Exordium Wildlife","floor":5,"turns":5},{"damage":25,"enemies":"3 Sentries","floor":8,"turns":8},{"damage":0,"enemies":"Looter","floor":15,"turns":3},{"damage":12,"enemies":"Slime Boss","floor":18,"turns":11},{"damage":2,"enemies":"Chosen","floor":20,"turns":4},{"damage":20,"enemies":"Spheric Guardian","floor":21,"turns":4},{"damage":33,"enemies":"3 Cultists","floor":24,"turns":5},{"damage":43,"enemies":"Slavers","floor":27,"turns":2}],"seed_played":"-3898306241555688212","potions_obtained":[{"floor":1,"key":"GamblersBrew"},{"floor":8,"key":"EssenceOfSteel"},{"floor":15,"key":"GamblersBrew"},{"floor":21,"key":"CultistPotion"}],"is_trial":false,"path_per_floor":["M","M","?","M","M","R","?","E","T","R","?","$","PTL","PTL","M","T","R","B",null,"M","M","?","?","M","R","?","E"],"character_chosen":"THE_SILENT","items_purchased":["Flying Knee","Outmaneuver","Shovel"],"campfire_rested":2,"item_purchase_floors":[12,12,12],"current_hp_per_floor":[70,70,70,70,62,62,62,37,37,58,58,58,58,58,58,58,58,49,73,74,57,44,44,14,39,42,0,0],"gold":428,"neow_bonus":"BOSS_RELIC","is_daily":false,"chose_seed":false,"campfire_upgraded":1,"win_rate":0.0,"timestamp":1608799189,"path_taken":["M","M","?","M","M","R","?","E","T","R","?","$","PTL","PTL","M","?","R","BOSS","M","M","?","?","M","R","?","E"],"items_purchased_type":["Card","Card","Relic"],"build_version":"2020-12-22","purchased_purges":0,"victory":false,"max_hp_per_floor":[70,70,70,70,70,70,70,70,70,70,70,70,70,70,70,70,70,73,73,76,79,82,82,85,85,62,62,62],"card_choices":[{"not_picked":["Prepared","Underhanded Strike"],"picked":"Endless Agony","floor":1},{"not_picked":["Fluid Movement","Prepared"],"picked":"Sucker Punch","floor":2},{"not_picked":["Acrobatics","Deadly Poison"],"picked":"ReplayTheSpireMod:From All Sides","floor":4},{"not_picked":["Fluid Movement","Reflex"],"picked":"Outmaneuver","floor":5},{"not_picked":["Deflect","Backflip"],"picked":"Dagger Throw","floor":7},{"not_picked":["Dagger Spray","Underhanded Strike"],"picked":"Heel Hook","floor":8},{"not_picked":["Dagger Throw","Caltrops"],"picked":"Envenom","floor":15},{"not_picked":["A Thousand Cuts","Doppelganger"],"picked":"Poison Darts","floor":18},{"not_picked":["Infinite Blades+1","Backflip"],"picked":"Flying Knee","floor":20},{"not_picked":["Blade Dance","Flying Knee"],"picked":"conspire:PoisonWeapons+1","floor":21},{"not_picked":["Deadly Poison","conspire:DoublingDagger"],"picked":"Sucker Punch","floor":24}],"player_experience":37426,"relics_obtained":[{"floor":7,"key":"Old Coin"},{"floor":8,"key":"Bottled Lightning"},{"floor":9,"key":"Ornamental Fan"},{"floor":16,"key":"Replay:Ringing Soul"},{"floor":17,"key":"Girya"},{"floor":22,"key":"Necronomicon"}],"event_choices":[{"damage_healed":0,"gold_gain":0,"player_choice":"Ignored","damage_taken":0,"max_hp_gain":0,"max_hp_loss":0,"event_name":"Golden Idol","floor":3,"gold_loss":0},{"damage_healed":0,"gold_gain":0,"player_choice":"Obtained Book","damage_taken":16,"max_hp_gain":0,"max_hp_loss":0,"event_name":"Cursed Tome","floor":22,"gold_loss":0},{"damage_healed":0,"gold_gain":99,"player_choice":"Stole From Cult","damage_taken":0,"max_hp_gain":0,"max_hp_loss":0,"event_name":"Nest","floor":23,"gold_loss":0},{"damage_healed":0,"gold_gain":0,"player_choice":"Became a vampire","damage_taken":0,"max_hp_gain":0,"max_hp_loss":26,"event_name":"Vampires","floor":26,"gold_loss":0,"cards_obtained":["Bite","Bite","Bite","Bite","Bite"]}],"is_beta":false,"boss_relics":[{"not_picked":["Velvet Choker","construct:WeddingRing"],"picked":"Runic Pyramid"}],"items_purged_floors":[],"is_endless":false,"potions_floor_spawned":[1,8,15,21],"killed_by":"Slavers","ascension_level":0}}