{"host":"5raohst9sk3kvp5v","time":1608788078,"event":{"mods":["BaseMod","Colored Powertips","Highlight Path","Minty Spire (QoL Compilation)","Quick Restart","Relic Stats","StSLib"],"gold_per_floor":[112,37,53,104,20,48,59,77,77,127,139,153,188,203,203,280,280,237,254,254,254],"floor_reached":20,"playtime":845,"items_purged":[],"score":426,"play_id":"72bdc687-6934-4b26-a29a-fe4fd6faf3f7","local_time":"20201223233438","is_ascension_mode":true,"campfire_choices":[{"data":"Armaments","floor":15.0,"key":"SMITH"}],"circlet_count":0,"master_deck":["AscendersBane","Strike_R","Strike_R","Strike_R","Strike_R","Defend_R","Defend_R","Defend_R","Defend_R","Bash","Headbutt","Feel No Pain","Whirlwind","Demon Form","Rage","Armaments+1","True Grit","Pommel Strike","Corruption","Twin Strike+1"],"relics":["Burning Blood","NeowsBlessing","PreservedInsect","Self Forming Clay","MealTicket","Black Star"],"acts_visited":["Exordium","TheCity"],"potions_floor_usage":[20,20,20],"damage_taken":[{"damage":0.0,"enemies":"Small Slimes","floor":1.0,"turns":1.0},{"damage":0.0,"enemies":"Jaw Worm","floor":3.0,"turns":1.0},{"damage":0.0,"enemies":"Gremlin Nob","floor":6.0,"turns":1.0},{"damage":0.0,"enemies":"2 Louse","floor":7.0,"turns":1.0},{"damage":21.0,"enemies":"Lots of Slimes","floor":8.0,"turns":5.0},{"damage":5.0,"enemies":"Looter","floor":11.0,"turns":3.0},{"damage":7.0,"enemies":"3 Louse","floor":12.0,"turns":4.0},{"damage":8.0,"enemies":"3 Sentries","floor":13.0,"turns":4.0},{"damage":6.0,"enemies":"Red Slaver","floor":14.0,"turns":4.0},{"damage":46.0,"enemies":"Hexaghost","floor":16.0,"turns":9.0},{"damage":26.0,"enemies":"2 Thieves","floor":18.0,"turns":5.0},{"damage":20.0,"enemies":"Chosen","floor":19.0,"turns":7.0},{"damage":18,"enemies":"Snake Plant","floor":20,"turns":4}],"seed_played":"2348088652257341116","potions_obtained":[{"floor":8.0,"key":"Block Potion"},{"floor":11.0,"key":"DuplicationPotion"},{"floor":13.0,"key":"PowerPotion"},{"floor":16.0,"key":"Weak Potion"},{"floor":18.0,"key":"EntropicBrew"},{"floor":19,"key":"Weak Potion"}],"is_trial":false,"path_per_floor":["M","?","M","T","$","E","M","M","T","?","M","M","E","M","R","B",null,"M","M","M"],"character_chosen":"IRONCLAD","items_purchased":["Feel No Pain"],"campfire_rested":0,"item_purchase_floors":[5],"current_hp_per_floor":[74,74,75,75,75,75,75,60,60,53,54,53,51,51,51,11,59,39,25,19,19],"gold":254,"neow_bonus":"THREE_ENEMY_KILL","is_daily":false,"chose_seed":false,"campfire_upgraded":1,"win_rate":0.0,"timestamp":1608788078,"path_taken":["M","?","M","?","$","E","M","M","T","?","M","M","E","M","R","BOSS","M","?","M"],"items_purchased_type":["Card"],"build_version":"2020-12-22","purchased_purges":0,"victory":false,"max_hp_per_floor":[75,75,75,75,75,75,75,75,75,75,75,75,75,75,75,75,75,75,75,75,75],"relic_stats":{"counters":[13,49],"Self Forming Clay":[96],"MealTicket":0,"PreservedInsect":31,"Black Star":0,"obtain_stats":[{"NeowsBlessing":0,"Self Forming Clay":6,"MealTicket":13,"PreservedInsect":4,"Black Star":17,"Burning Blood":0},{"NeowsBlessing":0,"Self Forming Clay":3,"MealTicket":8,"PreservedInsect":2,"Black Star":10,"Burning Blood":0},{"NeowsBlessing":0,"Self Forming Clay":3,"MealTicket":20,"PreservedInsect":2,"Black Star":33,"Burning Blood":0}],"Burning Blood":55},"card_choices":[{"not_picked":["Clash","Anger","Warcry"],"picked":"SKIP","floor":1.0},{"not_picked":["Body Slam","Sword Boomerang"],"picked":"Headbutt","floor":3.0},{"not_picked":["Sentinel","Sever Soul"],"picked":"Whirlwind","floor":6.0},{"not_picked":["Sword Boomerang","Headbutt"],"picked":"Demon Form","floor":7.0},{"not_picked":["Headbutt","Fire Breathing"],"picked":"Rage","floor":8.0},{"not_picked":["Anger","Havoc"],"picked":"Armaments","floor":11.0},{"not_picked":["Iron Wave","Ghostly Armor"],"picked":"True Grit","floor":12.0},{"not_picked":["Cleave","Wild Strike","Exhume"],"picked":"SKIP","floor":13.0},{"not_picked":["Havoc","Perfected Strike"],"picked":"Pommel Strike","floor":14.0},{"not_picked":["Barricade","Demon Form"],"picked":"Corruption","floor":16.0},{"not_picked":["Perfected Strike","Cleave","Iron Wave"],"picked":"SKIP","floor":18.0},{"not_picked":["Perfected Strike","Cleave","Iron Wave"],"picked":"SKIP","floor":18.0},{"not_picked":["Rage","Blood for Blood"],"picked":"Twin Strike+1","floor":19}],"player_experience":1689595,"relics_obtained":[{"floor":4.0,"key":"PreservedInsect"},{"floor":6.0,"key":"Self Forming Clay"},{"floor":13.0,"key":"MealTicket"}],"event_choices":[{"cards_removed":["Strike_R"],"damage_healed":0.0,"max_hp_gain":0.0,"max_hp_loss":0.0,"gold_gain":0.0,"event_name":"The Cleric","player_choice":"Card Removal","floor":2.0,"gold_loss":75.0,"damage_taken":0.0},{"damage_healed":0.0,"max_hp_gain":0.0,"max_hp_loss":0.0,"gold_gain":50.0,"event_name":"FaceTrader","player_choice":"Touch","floor":10.0,"gold_loss":0.0,"damage_taken":7.0}],"is_beta":false,"boss_relics":[{"not_picked":["Philosopher\u0027s Stone","Black Blood"],"picked":"Black Star"}],"items_purged_floors":[],"is_endless":false,"potions_floor_spawned":[8,11,13,16,18,19],"killed_by":"Snake Plant","ascension_level":20}}