{"host":"baymyijz6sxaqj5s","time":1608826778,"event":{"mods":["AchievementEnabler","BaseMod","Colored Map","Colored Powertips","DeckTracker","KOR Keyword Fix","Keyboard Shortcuts","Minty Spire (QoL Compilation)","Quick Restart","StSLib","SuperFastMode"],"gold_per_floor":[113,113,126,126,106,106,136,154,154,165,180,197,197,216,216,315,315,327,327,327,339,88,88,105,105,105],"floor_reached":25,"playtime":922,"items_purged":[],"score":240,"play_id":"2a786bc5-2377-43cf-baa4-1959d84dd1b2","local_time":"20201225011938","is_ascension_mode":true,"campfire_choices":[{"data":"Backflip","floor":6,"key":"SMITH"},{"floor":13,"key":"REST"},{"data":"Neutralize","floor":15,"key":"SMITH"},{"floor":23,"key":"REST"}],"circlet_count":0,"master_deck":["Strike_G","Strike_G","Strike_G","Strike_G","Strike_G","Defend_G","Defend_G","Defend_G","Defend_G","Defend_G","Survivor","Neutralize+1","Quick Slash","Backflip+1","Deadly Poison+1","Catalyst+1","Deflect+1","Dagger Spray","Envenom","Leg Sweep+1","Bane","Outmaneuver+1"],"relics":["Ring of the Snake","Toxic Egg 2","Eternal Feather","HoveringKite","White Beast Statue"],"acts_visited":["Exordium","TheCity"],"potions_floor_usage":[7,12,16,16,18,21,25],"damage_taken":[{"damage":1,"enemies":"2 Louse","floor":1,"turns":6},{"damage":1,"enemies":"Cultist","floor":3,"turns":3},{"damage":22,"enemies":"3 Sentries","floor":7,"turns":9},{"damage":0,"enemies":"Jaw Worm","floor":8,"turns":3},{"damage":1,"enemies":"Blue Slaver","floor":10,"turns":3},{"damage":8,"enemies":"Red Slaver","floor":11,"turns":4},{"damage":7,"enemies":"3 Louse","floor":12,"turns":3},{"damage":7,"enemies":"Blue Slaver","floor":14,"turns":5},{"damage":10,"enemies":"Hexaghost","floor":16,"turns":9},{"damage":10,"enemies":"Chosen","floor":18,"turns":6},{"damage":17,"enemies":"3 Byrds","floor":21,"turns":8},{"damage":35,"enemies":"Centurion and Healer","floor":24,"turns":9},{"damage":52,"enemies":"Gremlin Leader","floor":25,"turns":4}],"seed_played":"329385018694939510","potions_obtained":[{"floor":5,"key":"CultistPotion"},{"floor":8,"key":"AttackPotion"},{"floor":11,"key":"GhostInAJar"},{"floor":14,"key":"Dexterity Potion"},{"floor":16,"key":"SpeedPotion"},{"floor":18,"key":"Dexterity Potion"},{"floor":24,"key":"Weak Potion"}],"is_trial":false,"path_per_floor":["M","?","M","?","?","R","E","M","T","M","M","M","R","M","R","B",null,"M","?","?","M","$","R","M","E"],"character_chosen":"THE_SILENT","items_purchased":["White Beast Statue"],"campfire_rested":2,"item_purchase_floors":[22],"current_hp_per_floor":[76,76,75,80,80,80,58,58,58,57,49,42,75,68,77,67,82,72,72,56,39,39,77,42,0,0],"gold":105,"neow_bonus":"TEN_PERCENT_HP_BONUS","is_daily":false,"chose_seed":false,"campfire_upgraded":2,"win_rate":0.0,"timestamp":1608826778,"path_taken":["M","?","?","?","?","R","E","M","T","M","M","M","R","M","R","BOSS","M","?","?","M","$","R","M","E"],"items_purchased_type":["Relic"],"build_version":"2020-12-22","purchased_purges":0,"victory":false,"max_hp_per_floor":[77,77,77,82,82,82,82,82,82,82,82,82,82,82,82,82,82,82,82,87,87,87,87,87,87,87],"card_choices":[{"not_picked":["Underhanded Strike","Heel Hook"],"picked":"Quick Slash","floor":1},{"not_picked":["Acrobatics","Phantasmal Killer"],"picked":"Backflip","floor":3},{"not_picked":["Bouncing Flask+1","Finisher"],"picked":"Deadly Poison+1","floor":7},{"not_picked":["Dodge and Roll+1","Outmaneuver+1"],"picked":"Catalyst+1","floor":8},{"not_picked":["Dagger Throw","PiercingWail+1","Expertise+1"],"picked":"SKIP","floor":10},{"not_picked":["Underhanded Strike","PiercingWail+1","Blade Dance+1"],"picked":"SKIP","floor":11},{"not_picked":["Backflip+1","Well Laid Plans"],"picked":"Deflect+1","floor":12},{"not_picked":["Cloak And Dagger+1","Slice"],"picked":"Dagger Spray","floor":14},{"not_picked":["Bullet Time+1","Malaise+1"],"picked":"Envenom","floor":16},{"not_picked":["Slice+1","Expertise+1"],"picked":"Leg Sweep+1","floor":18},{"not_picked":["Catalyst+1","Tactician+1"],"picked":"Bane","floor":21},{"not_picked":["Deadly Poison+1","Accuracy"],"picked":"Outmaneuver+1","floor":24}],"player_experience":223768,"relics_obtained":[{"floor":7,"key":"Toxic Egg 2"},{"floor":9,"key":"Eternal Feather"}],"event_choices":[{"damage_healed":0,"gold_gain":0,"player_choice":"0 cards matched","damage_taken":0,"max_hp_gain":0,"max_hp_loss":0,"event_name":"Match and Keep!","floor":2,"gold_loss":0,"cards_obtained":[]},{"damage_healed":0,"gold_gain":0,"player_choice":"Donut","damage_taken":0,"max_hp_gain":5,"max_hp_loss":0,"event_name":"Big Fish","floor":4,"gold_loss":0},{"damage_healed":0,"gold_gain":0,"player_choice":"Bought 1 Potion","damage_taken":0,"max_hp_gain":0,"max_hp_loss":0,"event_name":"The Woman in Blue","floor":5,"gold_loss":0},{"damage_healed":0,"gold_gain":0,"player_choice":"Ignored","damage_taken":0,"max_hp_gain":0,"max_hp_loss":0,"event_name":"Ghosts","floor":19,"gold_loss":0},{"damage_healed":0,"gold_gain":0,"player_choice":"Shed Blood","damage_taken":21,"max_hp_gain":5,"max_hp_loss":0,"event_name":"Forgotten Altar","floor":20,"gold_loss":0}],"is_beta":false,"boss_relics":[{"not_picked":["Ectoplasm","Runic Dome"],"picked":"HoveringKite"}],"items_purged_floors":[],"is_endless":false,"potions_floor_spawned":[8,11,14,16,18,24],"killed_by":"Gremlin Leader","ascension_level":1}}