{"host":"5bdt6s51dmpd4l3v","time":1608780316,"event":{"mods":["AchievementEnabler","BaseMod","Colored Map","Colored Powertips","Highlight Path","Minty Spire (QoL Compilation)","Quick Restart","Rare Cards Sparkle","StSLib"],"gold_per_floor":[114,114,131,131,31,31,66,66,66,66,66,66,141,152,152,231,231,247,247,247,247],"floor_reached":20,"playtime":1479,"items_purged":[],"score":294,"play_id":"feab5de4-28d2-484e-b562-24d3e961c542","local_time":"20201224112516","is_ascension_mode":true,"campfire_choices":[{"data":"Flex","floor":6,"key":"SMITH"},{"data":"Whirlwind","floor":8,"key":"SMITH"},{"data":"Thunderclap","floor":10,"key":"SMITH"},{"data":"Twin Strike","floor":12,"key":"SMITH"},{"floor":15,"key":"REST"}],"circlet_count":0,"master_deck":["AscendersBane","Strike_R","Strike_R","Strike_R","Strike_R","Strike_R","Defend_R","Defend_R","Defend_R","Bash","Thunderclap+1","Twin Strike+1","Flex+1","Whirlwind+1","Sword Boomerang","Demon Form"],"relics":["Burning Blood","Happy Flower","Peace Pipe","Tiny Chest","Fusion Hammer"],"acts_visited":["Exordium","TheCity"],"potions_floor_usage":[7,7,14],"damage_taken":[{"damage":14,"enemies":"Jaw Worm","floor":1,"turns":3},{"damage":15,"enemies":"2 Louse","floor":3,"turns":3},{"damage":10,"enemies":"3 Sentries","floor":7,"turns":6},{"damage":0,"enemies":"Small Slimes","floor":14,"turns":2},{"damage":62,"enemies":"Hexaghost","floor":16,"turns":7},{"damage":44,"enemies":"Shell Parasite","floor":18,"turns":5},{"damage":21,"enemies":"3 Byrds","floor":20,"turns":2}],"seed_played":"-4566725187212423318","potions_obtained":[{"floor":3,"key":"Block Potion"},{"floor":7,"key":"BloodPotion"}],"is_trial":false,"path_per_floor":["M","?","M","?","$","R","E","R","T","R","?","R","?","M","R","B",null,"M","?","M"],"character_chosen":"IRONCLAD","items_purchased":["Flex","Explosive Potion"],"campfire_rested":1,"item_purchase_floors":[5,5],"current_hp_per_floor":[60,60,51,44,44,44,40,40,40,40,35,35,24,45,67,11,59,21,21,0,0],"gold":247,"neow_bonus":"THREE_CARDS","is_daily":false,"chose_seed":false,"campfire_upgraded":4,"win_rate":0.0,"timestamp":1608780316,"path_taken":["M","?","M","?","?","R","E","R","T","R","?","R","?","M","R","BOSS","M","?","M"],"items_purchased_type":["Card","Potion"],"build_version":"2020-12-22","purchased_purges":0,"victory":false,"max_hp_per_floor":[75,75,75,75,75,75,75,75,75,75,75,75,75,75,75,75,75,75,75,75,75],"card_choices":[{"not_picked":["Clash","Iron Wave"],"picked":"Thunderclap","floor":0},{"not_picked":["Body Slam","Warcry"],"picked":"Twin Strike","floor":1},{"not_picked":["Iron Wave","Havoc","Flame Barrier"],"picked":"SKIP","floor":3},{"not_picked":["Rampage","Limit Break"],"picked":"Whirlwind","floor":7},{"not_picked":["Twin Strike","Power Through"],"picked":"Sword Boomerang","floor":14},{"not_picked":["Reaper","Brutality"],"picked":"Demon Form","floor":16},{"not_picked":["True Grit","Clash","Pommel Strike"],"picked":"SKIP","floor":18}],"player_experience":210866,"relics_obtained":[{"floor":7,"key":"Happy Flower"},{"floor":9,"key":"Peace Pipe"}],"event_choices":[{"damage_healed":0,"gold_gain":0,"player_choice":"Ignored","damage_taken":0,"max_hp_gain":0,"max_hp_loss":0,"event_name":"Liars Game","floor":2,"gold_loss":0},{"cards_removed":["Defend_R"],"damage_healed":0,"gold_gain":0,"player_choice":"Card Removal","damage_taken":7,"max_hp_gain":0,"max_hp_loss":0,"event_name":"Golden Wing","floor":4,"gold_loss":0},{"damage_healed":0,"gold_gain":0,"player_choice":"Success","damage_taken":5,"relics_obtained":["Tiny Chest"],"max_hp_gain":0,"max_hp_loss":0,"event_name":"Scrap Ooze","floor":11,"gold_loss":0},{"damage_healed":0,"gold_gain":75,"player_choice":"Gather Gold","damage_taken":11,"max_hp_gain":0,"max_hp_loss":0,"event_name":"World of Goop","floor":13,"gold_loss":0},{"damage_healed":0,"gold_gain":0,"player_choice":"Ignored","damage_taken":0,"max_hp_gain":0,"max_hp_loss":0,"event_name":"Ghosts","floor":19,"gold_loss":0}],"is_beta":false,"boss_relics":[{"not_picked":["Coffee Dripper","Runic Pyramid"],"picked":"Fusion Hammer"}],"items_purged_floors":[],"is_endless":false,"potions_floor_spawned":[3,7],"killed_by":"3 Byrds","ascension_level":15}}