{"host":"njruw0b0uprlitpx","time":1608839772,"event":{"mods":["2.2 Compatiblity","Astrologer","Bartender","BaseMod","Better Altar","Better Match","Better Note","Better Sensory Stone","Better Skull","Better Third Choice","BetterRewards","Block Reminder","Chen","Colored Map","Colored Powertips","Jedi Mod","Keyboard Shortcuts","Magitek Elite","Minty Spire (QoL Compilation)","Quick Restart","Relic Stats","Replay The Spire","SacredBarkPlus","Spicy Shops","StSLib","SuperFastMode","The Disciple","The Evolution","The Forsaken","The Marked","The Mystic","The Necromancer","The Spell Scribe","TheVelvet","Wandering Minibosses"],"gold_per_floor":[113,126,137,44,44,74,74,74,74,108,125,125,158,158,158,259,259,279,295,295,235,301,317,336,336,417,431,356,388,407,424,424,526,526,538,538,555,555,78,78,78,78,78,104,104,179,280,280,280,385],"floor_reached":51,"playtime":2052,"items_purged":["Shame","Pain","Strike_Bartender"],"score":1451,"play_id":"5fc10e56-8e03-424e-a8dc-e52b777e31a9","local_time":"20201224135612","is_ascension_mode":true,"campfire_choices":[{"data":"OpoOpo_Form","floor":8,"key":"SMITH"},{"floor":12,"key":"REST"},{"floor":15,"key":"REST"},{"floor":25,"key":"REST"},{"floor":32,"key":"REST"},{"data":"Dolphin_Blow","floor":40,"key":"SMITH"},{"data":"Raptor_Form","floor":42,"key":"SMITH"},{"data":"Form_Shift","floor":45,"key":"SMITH"},{"floor":49,"key":"REST"}],"circlet_count":0,"master_deck":["Somersault+1","OpoOpo_Form+1","Rising_Crane+1","Power_Up_Punch+1","Dart+1","Insight_B+1","Feint+1","Momentum+1","Axe_Heel_Kick+1","Discovery+1","Moonsault_Kick+1","Sucker_Punch+1","Wall_of_Ice+1","Scowl+1","Top_Shelf+1","Power_Up_Punch+1","Blizzard_Spikes+1","Hook+1","Ball_Of_Ice+1","Ripple+1","Power_Up_Punch+1","Sucker_Punch+1","Form_Shift+1","Fading_Blow+1","Waterkick+1","theMarked:ComboAttacks+1","Glare+1","Dancing_Jab+1","Press_Forward+1","Meteodrive+1","Ball_Of_Ice+1","Rope_A_Dope+1","Dolphin_Blow+1","Mirage+1","Form_Shift+1","Greased_Lightning+1","Moonsault_Kick+1","Raptor_Form+1","Wall_of_Ice+1","Pot Of Greed+1","Pot Of Greed+1","Pot Of Greed+1","Greased_Lightning+1","Snap_Punch+1","Alacrity+1","Cross+1","Poisoned Strike"],"relics":["Sneakers","Gambling Chip","Incense Burner","Pen Nib","Strange Spoon","Power_Wrist","ReplayTheSpireMod:CursedCoin","Orrery","Replay:PocketPolymizer","Piano_Music","Cowboy_Hat","Lizard Tail","ChewingGum","Matryoshka","Bottled Lightning","Philosopher\u0027s Stone","ReplayTheSpireMod:TigerMarble","Water_Ring","Grinning Jar","PreservedInsect","Replay:Bandana","Mark of the Bloom"],"acts_visited":["Exordium","TheCity","TheBeyond"],"potions_floor_usage":[10,24,29,29,33,33,50],"damage_taken":[{"damage":1,"enemies":"Jaw Worm","floor":1,"turns":4},{"damage":4,"enemies":"Small Slimes","floor":2,"turns":2},{"damage":0,"enemies":"Cultist","floor":3,"turns":2},{"damage":17,"enemies":"3 Sentries","floor":6,"turns":5},{"damage":4,"enemies":"Lagavulin","floor":10,"turns":4},{"damage":0,"enemies":"3 Louse","floor":11,"turns":3},{"damage":15,"enemies":"3 Sentries","floor":13,"turns":4},{"damage":8,"enemies":"The Guardian","floor":16,"turns":7},{"damage":0,"enemies":"Spheric Guardian","floor":18,"turns":1},{"damage":0,"enemies":"Chosen","floor":19,"turns":2},{"damage":0,"enemies":"Snecko","floor":23,"turns":2},{"damage":0,"enemies":"3 Cultists","floor":24,"turns":4},{"damage":12,"enemies":"Chosen and Byrds","floor":27,"turns":3},{"damage":0,"enemies":"Slavers","floor":29,"turns":4},{"damage":0,"enemies":"Snake Plant","floor":30,"turns":4},{"damage":14,"enemies":"Centurion and Healer","floor":31,"turns":2},{"damage":0,"enemies":"Automaton","floor":33,"turns":6},{"damage":13,"enemies":"3 Shapes","floor":35,"turns":2},{"damage":0,"enemies":"3 Darklings","floor":37,"turns":3},{"damage":1,"enemies":"R_Hoarder","floor":44,"turns":3},{"damage":0,"enemies":"Maw","floor":46,"turns":4},{"damage":0,"enemies":"Transient","floor":47,"turns":4},{"damage":13,"enemies":"Donu and Deca","floor":50,"turns":3}],"seed_played":"-1240603876286271716","potions_obtained":[{"floor":2,"key":"jedi:tentaclejuice"},{"floor":13,"key":"SneckoOil"},{"floor":16,"key":"Elixir"},{"floor":18,"key":"jedi:StrikingPotion"},{"floor":22,"key":"SkillPotion"},{"floor":22,"key":"LifebloodPotion"},{"floor":24,"key":"LifebloodPotion"},{"floor":29,"key":"SkillPotion"},{"floor":30,"key":"EssenceOfSteel"},{"floor":35,"key":"jedi:wingpotion"},{"floor":47,"key":"Regen Potion"}],"is_trial":false,"path_per_floor":["M","M","M","$","?","E","$","R","T","E","M","R","E","?","R","B",null,"M","M","?","?","?","M","M","R","T","M","?","E","M","M","R","B",null,"M","?","M","?","$","R","?","R","T","E","R","M","M","?","R","B",null],"character_chosen":"BARTENDER","items_purchased":["OpoOpo_Form","Incense Burner","Pen Nib","Strange Spoon","Rising_Crane","Power_Wrist","ReplayTheSpireMod:CursedCoin","Power_Up_Punch","Dart+1","Insight_B","Discovery","Orrery","ReplayTheSpireMod:TigerMarble","Raptor_Form","Energy Potion","Wall_of_Ice"],"campfire_rested":5,"item_purchase_floors":[0,0,0,0,0,0,0,0,0,0,4,4,39,39,39,39],"current_hp_per_floor":[62,58,58,58,58,41,41,41,41,37,37,58,43,43,64,56,67,67,67,67,67,39,39,39,60,60,48,48,48,48,34,55,55,66,53,53,53,53,53,53,53,53,53,52,52,60,60,60,60,47],"gold":385,"neow_bonus":"","is_daily":false,"chose_seed":false,"campfire_upgraded":4,"win_rate":0.0,"timestamp":1608839772,"path_taken":["M","M","M","$","?","E","$","R","T","E","M","R","E","?","R","BOSS","M","M","?","?","?","M","M","R","T","?","?","E","M","M","R","BOSS","M","?","?","?","$","R","?","R","T","E","R","M","?","?","R","BOSS"],"items_purchased_type":["Card","Relic","Relic","Relic","Card","Relic","Relic","Card","Card","Card","Card","Relic","Relic","Card","Potion","Card"],"build_version":"2020-12-22","purchased_purges":3,"victory":true,"max_hp_per_floor":[70,70,70,70,70,70,70,70,70,70,70,70,70,70,70,70,70,70,70,70,70,70,70,70,70,70,70,70,70,70,70,70,70,70,70,70,70,70,70,70,70,70,70,70,70,70,70,70,70,70],"relic_stats":{"Strange Spoon":[108],"Lizard Tail":0,"Mark of the Bloom":30,"counters":[47,169],"Gambling Chip":[15],"Pen Nib":[23],"PreservedInsect":88,"obtain_stats":[{"Ice Cream":7,"Replay:Accelerometer":44,"Mark of the Bloom":48,"Replay:PocketPolymizer":6,"Piano_Music":9,"jedi:command_rare":48,"Incense Burner":0,"jedi:Pinwheel":13,"Power_Wrist":28,"Cowboy_Hat":10,"Lizard Tail":13,"Replay:Bandana":44,"Matryoshka":26,"Gambling Chip":0,"Genji_Glove":44,"Philosopher\u0027s Stone":34,"WingedGreaves":9,"Girya":26,"jedi:command_uncommon":41,"Sneakers":0,"Happy Flower":43,"ReplayTheSpireMod:CursedCoin":0,"Counterbalance":48,"Pen Nib":0,"PreservedInsect":43,"Strange Spoon":0,"Pondfish Scales":3,"Water_Ring":41,"jedi:ominousloannote":44,"Bronze Scales":14,"Orrery":4,"Molten Egg 2":24,"Pandora\u0027s Box":34,"ChewingGum":17,"Garlic":41,"ReplayTheSpireMod:TigerMarble":39,"Bottled Lightning":29,"Grinning Jar":43,"Abe\u0027s Treasure":17},{"Ice Cream":5,"Replay:Accelerometer":21,"Mark of the Bloom":46,"Replay:PocketPolymizer":28,"Piano_Music":28,"jedi:command_rare":23,"Incense Burner":24,"jedi:Pinwheel":8,"Power_Wrist":14,"Cowboy_Hat":29,"Lizard Tail":31,"Replay:Bandana":44,"Matryoshka":36,"Gambling Chip":24,"Genji_Glove":21,"Philosopher\u0027s Stone":41,"WingedGreaves":6,"Girya":13,"jedi:command_uncommon":43,"Sneakers":0,"Happy Flower":21,"ReplayTheSpireMod:CursedCoin":24,"Counterbalance":23,"Pen Nib":24,"PreservedInsect":43,"Strange Spoon":24,"Pondfish Scales":1,"Water_Ring":43,"jedi:ominousloannote":21,"Bronze Scales":9,"Orrery":27,"Molten Egg 2":13,"Pandora\u0027s Box":17,"ChewingGum":32,"Garlic":21,"ReplayTheSpireMod:TigerMarble":43,"Bottled Lightning":38,"Grinning Jar":43,"Abe\u0027s Treasure":10},{"Ice Cream":17,"Replay:Accelerometer":82,"Mark of the Bloom":166,"Replay:PocketPolymizer":105,"Piano_Music":105,"jedi:command_rare":88,"Incense Burner":92,"jedi:Pinwheel":28,"Power_Wrist":55,"Cowboy_Hat":109,"Lizard Tail":116,"Replay:Bandana":158,"Matryoshka":132,"Gambling Chip":92,"Genji_Glove":82,"Philosopher\u0027s Stone":150,"WingedGreaves":21,"Girya":52,"jedi:command_uncommon":155,"Sneakers":0,"Happy Flower":82,"ReplayTheSpireMod:CursedCoin":92,"Counterbalance":88,"Pen Nib":92,"PreservedInsect":155,"Strange Spoon":92,"Pondfish Scales":2,"Water_Ring":155,"jedi:ominousloannote":82,"Bronze Scales":34,"Orrery":100,"Molten Egg 2":52,"Pandora\u0027s Box":70,"ChewingGum":123,"Garlic":82,"ReplayTheSpireMod:TigerMarble":155,"Bottled Lightning":139,"Grinning Jar":155,"Abe\u0027s Treasure":42}]},"card_choices":[{"not_picked":["Meditate","Greased_Lightning"],"picked":"Feint","floor":1},{"not_picked":["OpoOpo_Form","Dancing_Jab"],"picked":"Momentum","floor":2},{"not_picked":["Meteodrive","Step_Of_The_Wind"],"picked":"Axe_Heel_Kick","floor":3},{"not_picked":["Greased_Lightning","Center_Self"],"picked":"Moonsault_Kick","floor":4},{"not_picked":["Scoop","Free_Pour"],"picked":"Sucker_Punch","floor":4},{"not_picked":["Dragonkick","Meditate"],"picked":"Wall_of_Ice","floor":4},{"not_picked":["Coeurl_Form","Phantom_Blow"],"picked":"Scowl","floor":4},{"not_picked":["Greased_Lightning","Scoop"],"picked":"Top_Shelf","floor":4},{"not_picked":["Step_Of_The_Wind","Stick_and_Move"],"picked":"Power_Up_Punch","floor":6},{"not_picked":["Feint","With_A_Twist"],"picked":"Hook","floor":10},{"not_picked":["Wall_of_Ice","Scoop"],"picked":"Ball_Of_Ice","floor":11},{"not_picked":["OpoOpo_Form","Hook"],"picked":"Power_Up_Punch","floor":13},{"not_picked":["Combo_Master","Spirits_Within"],"picked":"Form_Shift","floor":16},{"not_picked":["Greased_Lightning","Ripple+1"],"picked":"Fading_Blow","floor":18},{"not_picked":["Elbow_Slash+1","Cross"],"picked":"Waterkick","floor":19},{"not_picked":["Scoop","Insight_B"],"picked":"Glare","floor":22},{"not_picked":["Fading_Blow","Rising_Crane"],"picked":"Dancing_Jab","floor":23},{"not_picked":["Coeurl_Form","Tornado_Kick","Sucker_Punch"],"picked":"SKIP","floor":24},{"not_picked":["Free_Pour","Blizzard_Spikes"],"picked":"Meteodrive+1","floor":27},{"not_picked":["Glare","Torment","Rising_Crane"],"picked":"SKIP","floor":29},{"not_picked":["Hook","Elbow_Slash+1","Step_Of_The_Wind"],"picked":"SKIP","floor":30},{"not_picked":["Scoop+1","Bitters"],"picked":"Ball_Of_Ice","floor":31},{"not_picked":["Form_Shift","Beat_Rush"],"picked":"Dolphin_Blow","floor":33},{"not_picked":["Dancing_Jab","Torment"],"picked":"Mirage","floor":35},{"not_picked":["Meditate+1","Scoop+1"],"picked":"Greased_Lightning","floor":37},{"not_picked":["Ball_Of_Ice+1","Torment+1"],"picked":"Greased_Lightning+1","floor":44},{"not_picked":["Coeurl_Form+1","Bitters"],"picked":"Alacrity","floor":46},{"not_picked":["Scoop+1","Fading_Blow"],"picked":"Cross","floor":47}],"player_experience":1741365,"relics_obtained":[{"floor":6,"key":"Replay:PocketPolymizer"},{"floor":9,"key":"Piano_Music"},{"floor":10,"key":"Cowboy_Hat"},{"floor":13,"key":"Lizard Tail"},{"floor":26,"key":"Matryoshka"},{"floor":29,"key":"Bottled Lightning"},{"floor":43,"key":"Grinning Jar"},{"floor":43,"key":"PreservedInsect"},{"floor":44,"key":"Replay:Bandana"}],"event_choices":[{"damage_healed":0,"gold_gain":0,"player_choice":"Grow","damage_taken":0,"max_hp_gain":0,"max_hp_loss":0,"event_name":"Living Wall","floor":14,"gold_loss":0,"cards_upgraded":["Discovery"]},{"cards_removed":["Moonsault_Kick"],"damage_healed":0,"gold_gain":0,"player_choice":"Take \u0026 Give","damage_taken":0,"max_hp_gain":0,"max_hp_loss":0,"event_name":"betterNote:BetterNote","floor":20,"gold_loss":0,"cards_obtained":["theMarked:ComboAttacks"]},{"cards_removed":["Defend_Bartender"],"damage_healed":0,"gold_gain":0,"player_choice":"Gave Gold","damage_taken":0,"max_hp_gain":0,"max_hp_loss":0,"event_name":"Beggar","floor":28,"gold_loss":75},{"damage_healed":0,"gold_gain":0,"player_choice":"Copied","damage_taken":0,"max_hp_gain":0,"max_hp_loss":0,"event_name":"Duplicator","floor":36,"gold_loss":0,"cards_obtained":["Form_Shift"]},{"damage_healed":0,"gold_gain":3,"player_choice":"4","damage_taken":0,"max_hp_gain":0,"max_hp_loss":0,"event_name":"betterStone:BetterStone","floor":38,"gold_loss":0,"cards_obtained":["Moonsault_Kick"]},{"damage_healed":0,"gold_gain":0,"player_choice":"Upgrade","damage_taken":0,"relics_obtained":["Mark of the Bloom"],"max_hp_gain":0,"max_hp_loss":0,"event_name":"MindBloom","floor":48,"gold_loss":0,"cards_upgraded":["Somersault","Rising_Crane","Power_Up_Punch","Feint","Momentum","Axe_Heel_Kick","Moonsault_Kick","Sucker_Punch","Wall_of_Ice","Scowl","Top_Shelf","Power_Up_Punch","Blizzard_Spikes","Hook","Ball_Of_Ice","Ripple","Power_Up_Punch","Sucker_Punch","Fading_Blow","Waterkick","Glare","Dancing_Jab","Press_Forward","Ball_Of_Ice","Rope_A_Dope","Mirage","Form_Shift","Greased_Lightning","Moonsault_Kick","Wall_of_Ice","Pot Of Greed","Pot Of Greed","Pot Of Greed","Pot Of Greed","Snap_Punch","Alacrity","Cross"]}],"is_beta":false,"boss_relics":[{"not_picked":["Busted Crown","Golden_Hairpin"],"picked":"ChewingGum"},{"not_picked":["Replay:Bronze Core","Velvet Choker"],"picked":"Philosopher\u0027s Stone"}],"items_purged_floors":[0,0,39],"is_endless":false,"potions_floor_spawned":[2,13,16,18,24,29,30,31,35,47],"ascension_level":8}}