{"host":"yajbwjoofeeg2olc","time":1608811707,"event":{"mods":["AchievementEnabler","Aspiration","Bard","BaseMod","Beaked The Cultist","Better Altar","Better Match","Better Note","Better Sensory Stone","Better Skull","Better Third Choice","BetterRewards","CCEM","Clockwork Mod","Colored Map","Conspire","GifTheSpireLib","Gremlin Mod","Halation","Hermit","Highlight Path","Hubris","Hunter ??","Jorbs\u0027s Wanderer Trilogy","Mad Scientist","Mimic Mod","Minty Spire (QoL Compilation)","Permanent Neow","Replay The Spire","Shade Mod","Shop Mod","Spicy Shops","StSLib","Stuff the Spire","The Administrix","The Alterego","The Animator","The Construct","The Cursed","The Death Knight","The Disciple","The Exalted","The Forsaken","The Mystic","The Necromancer","The Problem Sleuth","The Runesmith","The Spell Scribe","The Witch","TheHero"],"gold_per_floor":[111,121,134,134,53,53,85,102,128,128,140,170,180,180,180,276,276,295,295,295,2,2,36,48,86,137,167,179,191,231,318,330,342,342],"floor_reached":33,"playtime":2315,"items_purged":["Shade:Strike_Shade"],"score":386,"play_id":"109c3df7-ad9e-4bc7-8afb-4ddcb10497be","local_time":"20201224120827","is_ascension_mode":false,"campfire_choices":[{"data":"Shade:SensePrey","floor":6,"key":"SMITH"},{"data":"Shade:FreshBones","floor":10,"key":"SMITH"},{"data":"Shade:PoundOfFlesh","floor":15,"key":"SMITH"},{"data":"Shade:LichForm","floor":29,"key":"SMITH"},{"floor":32,"key":"REST"}],"circlet_count":0,"master_deck":["Shade:Strike_Shade","Shade:Strike_Shade","Shade:Defend_Shade","Shade:Defend_Shade","Shade:Defend_Shade","Shade:AnimateDead","Shade:CarefulCut","Shade:Tombstone","Shade:FleshToFlesh","Shade:PoundOfFlesh+1","Shade:SensePrey+1","Shade:FreshBones+1","Shade:CloudOfShrapnel","Shade:FleshOffering","Shade:AblativeArmor","Shade:StitchTogether","Shade:Excise","Regret","Shade:Putrefaction","Shade:Awaken","Shade:Trample","ReplayTheSpireMod:Uncanny Aura","Shade:LichForm+1","Shade:SoulToxin","Shade:OpenGraves","Shade:OneIsEnough","Shame","Shade:CommandSoldier"],"relics":["ReplayTheSpireMod:Lightbulb","ReplayTheSpireMod:TigerMarble","StuffTheSpire:RedRose","aspiration:MobileForge","Nloth\u0027s Gift","Letter Opener","Membership Card","MawBank","MealTicket","Mirror","Shuriken","aspiration:FetidBarrel"],"acts_visited":["Exordium","TheCity"],"potions_floor_usage":[16,33,33],"damage_taken":[{"damage":0,"enemies":"Cultist","floor":1,"turns":2},{"damage":7,"enemies":"Jaw Worm","floor":2,"turns":2},{"damage":0,"enemies":"2 Louse","floor":3,"turns":3},{"damage":1,"enemies":"Replay:BlueRogue","floor":7,"turns":5},{"damage":0,"enemies":"Blue Slaver","floor":8,"turns":5},{"damage":0,"enemies":"Large Slime","floor":11,"turns":4},{"damage":11,"enemies":"3 Sentries","floor":12,"turns":6},{"damage":2,"enemies":"Looter","floor":13,"turns":3},{"damage":0,"enemies":"Hexaghost","floor":16,"turns":10},{"damage":0,"enemies":"Shell Parasite","floor":18,"turns":4},{"damage":15,"enemies":"Gremlin Leader","floor":23,"turns":6},{"damage":4,"enemies":"conspire:Head Lice","floor":25,"turns":7},{"damage":0,"enemies":"3 Byrds","floor":26,"turns":6},{"damage":14,"enemies":"3 Byrds","floor":27,"turns":3},{"damage":18,"enemies":"conspire:SneckoGhost","floor":30,"turns":5},{"damage":60,"enemies":"Automaton","floor":33,"turns":6}],"seed_played":"-4932693309839659548","potions_obtained":[{"floor":1,"key":"Energy Potion"},{"floor":3,"key":"AttackPotion"},{"floor":7,"key":"Explosive Potion"},{"floor":8,"key":"BlessingOfTheForge"},{"floor":16,"key":"AttackPotion"},{"floor":22,"key":"ColorlessPotion"}],"is_trial":false,"path_per_floor":["M","M","M","?","$","R","E","M","T","R","M","E","M","?","R","B",null,"M","?","?","$","?","E","$","E","MIM","M","?","R","E","?","R","B"],"character_chosen":"SHADE","items_purchased":["Shade:FreshBones","Shade:CloudOfShrapnel","Membership Card","Shade:Trample","ReplayTheSpireMod:Uncanny Aura"],"campfire_rested":1,"item_purchase_floors":[5,5,21,21,21],"current_hp_per_floor":[65,58,58,58,58,58,57,57,57,57,57,53,51,51,51,58,65,65,65,65,65,65,57,57,63,63,49,49,49,38,32,51,0,0],"gold":342,"neow_bonus":"TRANSFORM_CARD","is_daily":false,"chose_seed":false,"campfire_upgraded":4,"win_rate":0.0,"timestamp":1608811707,"path_taken":["M","M","?","?","?","R","E","M","T","R","M","E","M","?","R","BOSS","M","?","?","$","?","E","$","E","MIM","?","?","R","E","?","R","BOSS"],"items_purchased_type":["Card","Card","Relic","Card","Card"],"build_version":"2020-12-22","purchased_purges":1,"victory":false,"max_hp_per_floor":[65,65,65,65,65,65,65,65,65,65,65,65,65,65,65,65,65,65,65,65,65,65,65,65,65,65,65,65,65,65,65,65,65,65],"card_choices":[{"not_picked":["Shade:Awaken","Shade:FuneraryArmor"],"picked":"Shade:FleshToFlesh","floor":1},{"not_picked":["Shade:Frenzy","Shade:Patience"],"picked":"Shade:PoundOfFlesh","floor":2},{"not_picked":["Shade:AblativeArmor","Shade:TouchOfTheGrave"],"picked":"Shade:SensePrey","floor":3},{"not_picked":["Shade:Premonition","Shade:SpontaneousRitual"],"picked":"Shade:FleshOffering","floor":7},{"not_picked":["Shade:CommandSoldier","Shade:CloudOfShrapnel"],"picked":"Shade:AblativeArmor","floor":8},{"not_picked":["Shade:CommandSoldier","Shade:GoDigging"],"picked":"Shade:StitchTogether","floor":11},{"not_picked":["Shade:SkeletonHug","Shade:Premonition"],"picked":"Shade:Excise","floor":12},{"not_picked":["Shade:BoneShards","Shade:AblativeArmor","Shade:FeralStrike"],"picked":"SKIP","floor":13},{"not_picked":["Shade:SelfBurial","Shade:GreaterAnimation"],"picked":"Shade:Putrefaction","floor":16},{"not_picked":["Shade:SensePrey","Shade:RavenousHorde"],"picked":"Shade:Awaken","floor":18},{"not_picked":["Shade:TouchOfTheGrave","Shade:WallOfFlesh"],"picked":"Shade:LichForm","floor":23},{"not_picked":["Shade:OfferingToTheBeyond","Shade:CallWraith"],"picked":"Shade:SoulToxin","floor":25},{"not_picked":["Shade:FingerOfDeath+1","Shade:FreshBones+1"],"picked":"Shade:OpenGraves","floor":26},{"not_picked":["Shade:SkeletonArmy+1","Shade:RitualOffering"],"picked":"Shade:OneIsEnough","floor":27},{"not_picked":["Shade:SensePrey","Shade:SelfBurial"],"picked":"Shade:CommandSoldier","floor":30}],"player_experience":259214,"relics_obtained":[{"floor":7,"key":"ReplayTheSpireMod:Lightbulb"},{"floor":12,"key":"ReplayTheSpireMod:TigerMarble"},{"floor":20,"key":"Letter Opener"},{"floor":23,"key":"MawBank"},{"floor":25,"key":"MealTicket"},{"floor":26,"key":"Mirror"},{"floor":30,"key":"aspiration:FetidBarrel"}],"event_choices":[{"cards_removed":["Shade:Defend_Shade"],"damage_healed":0,"gold_gain":0,"player_choice":"Purged","damage_taken":0,"max_hp_gain":0,"max_hp_loss":0,"event_name":"Purifier","floor":4,"gold_loss":0},{"damage_healed":0,"gold_gain":0,"player_choice":"Traded Relic","damage_taken":0,"relics_obtained":["Nloth\u0027s Gift"],"max_hp_gain":0,"max_hp_loss":0,"event_name":"N\u0027loth","floor":19,"relics_lost":["Shade:YorickSkull"],"gold_loss":0},{"damage_healed":0,"gold_gain":0,"player_choice":"Relic","damage_taken":0,"max_hp_gain":0,"max_hp_loss":0,"event_name":"Wheel of Change","floor":20,"gold_loss":0},{"damage_healed":0,"gold_gain":0,"player_choice":"Got Potions","damage_taken":0,"max_hp_gain":0,"max_hp_loss":0,"event_name":"Lab","floor":22,"gold_loss":0},{"damage_healed":0,"gold_gain":0,"player_choice":"Stole Relic","damage_taken":0,"relics_obtained":["Shuriken"],"max_hp_gain":0,"max_hp_loss":0,"event_name":"Addict","floor":28,"gold_loss":0,"cards_obtained":["Shame"]},{"damage_healed":0,"gold_gain":75,"player_choice":"Touch","damage_taken":6,"max_hp_gain":0,"max_hp_loss":0,"event_name":"FaceTrader","floor":31,"gold_loss":0}],"is_beta":false,"boss_relics":[{"not_picked":["Bromod:ArcaneGrace","halation:MonkeysPaw"],"picked":"aspiration:MobileForge"}],"items_purged_floors":[21],"is_endless":false,"potions_floor_spawned":[1,3,7,8,16,18,23,30],"killed_by":"Automaton","ascension_level":0}}