{"host":"gflyg4oztsw2ozs7","time":1608830907,"event":{"mods":["AchievementEnabler","BaseMod","DeckTracker","Minty Spire (QoL Compilation)","Permanent Neow","StSLib","SuperFastMode"],"gold_per_floor":[117,217,234,234,250,250,279,294,294,32,32,59,119,139,139,236,236,247,247,247,147,164,164,184,199,270,300,400,300,225,240,240,344,394,413,141,141,66,84,306,326,336,362,388,407,407,441,441,441,441],"floor_reached":51,"playtime":3453,"items_purged":["Strike_B","Strike_B","Defend_B"],"score":792,"play_id":"0952c457-eb7e-4416-91e0-92eec590ee6f","local_time":"20201225022827","is_ascension_mode":false,"campfire_choices":[{"data":"Tempest","floor":6,"key":"SMITH"},{"data":"Zap","floor":11,"key":"SMITH"},{"data":"Defragment","floor":15,"key":"SMITH"},{"data":"Coolheaded","floor":23,"key":"SMITH"},{"floor":32,"key":"DIG"},{"floor":49,"key":"DIG"}],"circlet_count":0,"master_deck":["Defend_B","Defend_B","Zap+1","Dualcast","Creative AI+1","Consume+1","Cold Snap","Tempest+1","Gash+1","Defragment+1","Skim","Redo","Thunder Strike","Hello World","Coolheaded+1","Capacitor","Self Repair+1","Hologram+1","Coolheaded+1","Self Repair+1","Gash+1","Multi-Cast","Blizzard+1","Skim+1","Defragment","Loop","Heatsinks","Coolheaded+1","Multi-Cast","Blizzard+1","Defragment+1"],"relics":["FrozenCore","Mummified Hand","Regal Pillow","Darkstone Periapt","Matryoshka","StrikeDummy","Question Card","Kunai","Pantograph","Red Mask","Shovel","Bottled Tornado","Mango","Tiny House","Sling","Centennial Puzzle","Smiling Mask","Sundial","Frozen Egg 2","Ginger"],"acts_visited":["Exordium","TheCity","TheBeyond"],"potions_floor_usage":[27,37],"damage_taken":[{"damage":1,"enemies":"Jaw Worm","floor":1,"turns":4},{"damage":6,"enemies":"Cultist","floor":3,"turns":4},{"damage":10,"enemies":"Small Slimes","floor":5,"turns":5},{"damage":26,"enemies":"Lagavulin","floor":7,"turns":5},{"damage":13,"enemies":"Exordium Thugs","floor":8,"turns":3},{"damage":50,"enemies":"Gremlin Nob","floor":12,"turns":5},{"damage":29,"enemies":"3 Sentries","floor":13,"turns":5},{"damage":5,"enemies":"3 Louse","floor":14,"turns":2},{"damage":10,"enemies":"The Guardian","floor":16,"turns":8},{"damage":16,"enemies":"2 Thieves","floor":18,"turns":5},{"damage":1,"enemies":"Chosen","floor":22,"turns":5},{"damage":0,"enemies":"Centurion and Healer","floor":24,"turns":7},{"damage":22,"enemies":"Snake Plant","floor":25,"turns":4},{"damage":23,"enemies":"Masked Bandits","floor":27,"turns":6},{"damage":8,"enemies":"Colosseum Slavers","floor":28,"turns":5},{"damage":22,"enemies":"Colosseum Nobs","floor":28,"turns":7},{"damage":8,"enemies":"Shelled Parasite and Fungi","floor":31,"turns":6},{"damage":2,"enemies":"Automaton","floor":33,"turns":6},{"damage":0,"enemies":"3 Shapes","floor":35,"turns":6},{"damage":22,"enemies":"3 Darklings","floor":37,"turns":3},{"damage":43,"enemies":"Transient","floor":39,"turns":5},{"damage":21,"enemies":"Spire Growth","floor":41,"turns":6},{"damage":24,"enemies":"Sphere and 2 Shapes","floor":42,"turns":5},{"damage":5,"enemies":"Giant Head","floor":44,"turns":8},{"damage":58,"enemies":"Transient","floor":45,"turns":5},{"damage":2,"enemies":"Nemesis","floor":47,"turns":11},{"damage":73,"enemies":"Donu and Deca","floor":50,"turns":8}],"seed_played":"-9134749156043892410","potions_obtained":[{"floor":1,"key":"GamblersBrew"},{"floor":8,"key":"Explosive Potion"},{"floor":16,"key":"Ancient Potion"},{"floor":27,"key":"FairyPotion"},{"floor":28,"key":"SmokeBomb"},{"floor":42,"key":"Fruit Juice"}],"is_trial":false,"path_per_floor":["M","?","M","?","M","R","E","M","T","$","R","E","?","M","R","B",null,"M","?","?","$","M","R","M","M","T","?","?","$","?","M","R","B",null,"M","$","M","$","M","?","M","M","T","E","M","?","E","?","R","B",null],"character_chosen":"DEFECT","items_purchased":["Matryoshka","Coolheaded","Sling","Defragment"],"campfire_rested":0,"item_purchase_floors":[10,21,36,38],"current_hp_per_floor":[74,74,68,68,58,58,32,69,69,69,69,19,40,35,35,25,75,59,59,59,59,58,58,58,36,36,23,63,63,63,75,89,89,94,94,94,72,72,49,49,58,54,54,59,57,57,75,75,75,31],"gold":441,"neow_bonus":"REMOVE_CARD","is_daily":false,"chose_seed":false,"campfire_upgraded":4,"win_rate":0.0,"timestamp":1608830907,"path_taken":["M","?","?","?","?","R","E","M","T","?","R","E","?","M","R","BOSS","M","?","?","$","M","R","M","M","T","?","?","?","?","M","R","BOSS","M","$","M","$","M","?","M","M","T","E","M","?","E","?","R","BOSS"],"items_purchased_type":["Relic","Card","Relic","Card"],"build_version":"2020-12-22","purchased_purges":3,"victory":true,"max_hp_per_floor":[75,75,75,75,75,75,75,75,75,75,75,75,75,75,75,75,75,75,75,75,75,75,75,75,75,75,75,75,75,75,75,89,89,94,94,94,94,94,94,94,94,94,94,94,94,94,94,94,94,94],"card_choices":[{"not_picked":["Rip and Tear","Hologram"],"picked":"Consume","floor":1},{"not_picked":["Go for the Eyes","Streamline"],"picked":"Cold Snap","floor":3},{"not_picked":["Ball Lightning","Redo"],"picked":"Tempest","floor":5},{"not_picked":["Turbo","Cold Snap"],"picked":"Gash","floor":7},{"not_picked":["Amplify","Coolheaded"],"picked":"Gash","floor":8},{"not_picked":["Barrage","FTL"],"picked":"Defragment","floor":12},{"not_picked":["Chill","Beam Cell","Redo"],"picked":"Skim","floor":13},{"not_picked":["Steam Power","Steam","Conserve Battery"],"picked":"Redo","floor":14},{"not_picked":["Machine Learning","Meteor Strike","Buffer"],"picked":"Thunder Strike","floor":16},{"not_picked":["Conserve Battery+1","Rebound+1","Ball Lightning"],"picked":"Hello World","floor":18},{"not_picked":["Fusion","Static Discharge","Hologram"],"picked":"Capacitor","floor":22},{"not_picked":["Fusion","Redo","Hologram"],"picked":"Self Repair+1","floor":24},{"not_picked":["Cold Snap","Sweeping Beam","Ball Lightning"],"picked":"Hologram+1","floor":25},{"not_picked":["Seek","Barrage+1","Go for the Eyes+1"],"picked":"Coolheaded+1","floor":27},{"not_picked":["Reinforced Body","Beam Cell","Storm"],"picked":"Self Repair+1","floor":28},{"not_picked":["Steam+1","Storm","Auto Shields+1"],"picked":"Gash+1","floor":31},{"not_picked":["Thunder Strike","Hyperbeam","Creative AI"],"picked":"Multi-Cast","floor":33},{"not_picked":["Ball Lightning","Consume+1","Sunder+1"],"picked":"Blizzard","floor":34},{"not_picked":["Leap+1","Redo+1","Barrage+1"],"picked":"Skim+1","floor":35},{"not_picked":["Go for the Eyes","Auto Shields","Doom and Gloom+1"],"picked":"Loop","floor":39},{"not_picked":["Darkness+1","Melter","Stack"],"picked":"Heatsinks","floor":41},{"not_picked":["Sweeping Beam","Barrage+1","Conserve Battery+1"],"picked":"Coolheaded+1","floor":42},{"not_picked":["Leap","Turbo","Storm+1"],"picked":"Multi-Cast","floor":44},{"not_picked":["Streamline+1","Gash+1","Fusion"],"picked":"Blizzard+1","floor":45},{"not_picked":["Turbo","Ball Lightning","Cold Snap"],"picked":"Defragment+1","floor":47}],"player_experience":74177,"relics_obtained":[{"floor":7,"key":"Regal Pillow"},{"floor":9,"key":"Darkstone Periapt"},{"floor":12,"key":"StrikeDummy"},{"floor":26,"key":"Kunai"},{"floor":26,"key":"Pantograph"},{"floor":27,"key":"Red Mask"},{"floor":28,"key":"Shovel"},{"floor":28,"key":"Bottled Tornado"},{"floor":32,"key":"Mango"},{"floor":43,"key":"Centennial Puzzle"},{"floor":43,"key":"Smiling Mask"},{"floor":44,"key":"Sundial"},{"floor":47,"key":"Frozen Egg 2"},{"floor":49,"key":"Ginger"}],"event_choices":[{"damage_healed":0,"gold_gain":100,"player_choice":"Pray","damage_taken":0,"max_hp_gain":0,"max_hp_loss":0,"event_name":"Golden Shrine","floor":2,"gold_loss":0},{"damage_healed":0,"gold_gain":0,"player_choice":"Upgraded","damage_taken":0,"max_hp_gain":0,"max_hp_loss":0,"event_name":"Upgrade Shrine","floor":4,"gold_loss":0,"cards_upgraded":["Consume"]},{"damage_healed":0,"gold_gain":0,"player_choice":"Searched \u00272\u0027 times","damage_taken":0,"relics_obtained":["Question Card"],"max_hp_gain":0,"max_hp_loss":0,"event_name":"Dead Adventurer","floor":13,"gold_loss":0},{"damage_healed":0,"gold_gain":0,"player_choice":"Ignored","damage_taken":0,"max_hp_gain":0,"max_hp_loss":0,"event_name":"Vampires","floor":19,"gold_loss":0},{"cards_removed":["Strike_B"],"damage_healed":0,"gold_gain":0,"player_choice":"Elegance","damage_taken":0,"max_hp_gain":0,"max_hp_loss":0,"event_name":"Back to Basics","floor":20,"gold_loss":0},{"damage_healed":0,"gold_gain":0,"player_choice":"Fought Bandits","damage_taken":0,"max_hp_gain":0,"max_hp_loss":0,"event_name":"Masked Bandits","floor":27,"gold_loss":0},{"damage_healed":0,"gold_gain":0,"player_choice":"Fight","damage_taken":0,"max_hp_gain":0,"max_hp_loss":0,"event_name":"Colosseum","floor":28,"gold_loss":0},{"damage_healed":0,"gold_gain":0,"player_choice":"Fought Nobs","damage_taken":0,"max_hp_gain":0,"max_hp_loss":0,"event_name":"Colosseum","floor":28,"gold_loss":0},{"cards_removed":["Defend_B"],"damage_healed":0,"gold_gain":0,"player_choice":"Gave Gold","damage_taken":0,"max_hp_gain":0,"max_hp_loss":0,"event_name":"Beggar","floor":30,"gold_loss":75},{"damage_healed":0,"gold_gain":222,"player_choice":"Wore Mask","damage_taken":0,"max_hp_gain":0,"max_hp_loss":0,"event_name":"Tomb of Lord Red Mask","floor":40,"gold_loss":0},{"cards_removed":["Gash"],"damage_healed":0,"gold_gain":0,"player_choice":"Removed Attack","damage_taken":0,"max_hp_gain":0,"max_hp_loss":0,"event_name":"Falling","floor":46,"gold_loss":0},{"damage_healed":0,"gold_gain":0,"player_choice":"Upgraded","damage_taken":0,"max_hp_gain":0,"max_hp_loss":0,"event_name":"Upgrade Shrine","floor":48,"gold_loss":0,"cards_upgraded":["Blizzard"]}],"is_beta":false,"boss_relics":[{"not_picked":["Fusion Hammer","Ectoplasm"],"picked":"FrozenCore"},{"not_picked":["Snecko Eye","Calling Bell"],"picked":"Tiny House"}],"items_purged_floors":[21,29,36],"is_endless":false,"potions_floor_spawned":[1,8,16,18,27,28,28,31,37,42,47],"ascension_level":0}}