{"host":"gzk4gkgy3zij1c51","time":1608810451,"event":{"mods":["BaseMod","Colored Map","Downfall","Highlight Path","Infinite Spire","Minty Spire (QoL Compilation)","Relic Stats","StSLib","everything is the same but u backflip on backflip"],"gold_per_floor":[99,99,99,5,5,5,5,5,5,5,5,5,5,5,5,5,5,5,0,0,0,0,0,0,0,0,0,0,0,0,0,0,0,0,0,0,0,0,0,0,0,0,0,0,0,0,0,0,0,0,0,0,0,0,0,0,0,0],"floor_reached":57,"playtime":3818,"items_purged":["Defend_G"],"score":1072,"play_id":"30efb45b-6f17-4a70-ba19-a8e83f853059","local_time":"20201224114731","is_ascension_mode":true,"campfire_choices":[{"floor":7.0,"key":"REST"},{"data":"Infinite Blades","floor":12.0,"key":"SMITH"},{"data":"Accuracy","floor":15.0,"key":"SMITH"},{"data":"Cloak And Dagger","floor":23.0,"key":"SMITH"},{"data":"After Image","floor":32.0,"key":"SMITH"},{"data":"infinitespire:Collect","floor":40.0,"key":"SMITH"},{"data":"infinitespire:Collect","floor":49.0,"key":"SMITH"}],"circlet_count":0,"master_deck":["Defend_G","Defend_G","Defend_G","Survivor","Neutralize","Underhanded Strike","Accuracy+1","Dagger Throw","Masterful Stab","Well Laid Plans","Dagger Spray","Infinite Blades+1","Reflex","Bouncing Flask","Cloak And Dagger+1","A Thousand Cuts","Poisoned Stab","Bite","Bite","Bite","Bite","Bite","Adrenaline","Flying Knee","infinitespire:Collect+1","infinitespire:SevenWalls","Dodge and Roll","Deflect+1","After Image+1","infinitespire:Neurotoxin","Finisher+1","Accuracy+1","infinitespire:Collect+1","Cloak And Dagger+1","Acrobatics+1","Slice","Quick Slash+1","Endless Agony+1","Deflect+1","Venomology","Underhanded Strike","infinitespire:Oblivion+1"],"relics":["Ectoplasm","Ginger","Ancient Tea Set","Meat on the Bone","Kunai","FossilizedHelix","Incense Burner","sneckomod:SneckoTalon","Art of War","Bronze Scales","WristBlade","Happy Flower","Ninja Scroll","SacredBark"],"acts_visited":["Exordium","TheCity","TheBeyond"],"potions_floor_usage":[57,57],"damage_taken":[{"damage":0.0,"enemies":"Cultist","floor":1.0,"turns":5.0},{"damage":0.0,"enemies":"2 Louse","floor":5.0,"turns":3.0},{"damage":49.0,"enemies":"Gremlin Nob","floor":6.0,"turns":5.0},{"damage":15.0,"enemies":"3 Sentries","floor":8.0,"turns":6.0},{"damage":19.0,"enemies":"Lagavulin","floor":10.0,"turns":7.0},{"damage":0.0,"enemies":"Jaw Worm","floor":11.0,"turns":2.0},{"damage":0.0,"enemies":"Blue Slaver","floor":13.0,"turns":3.0},{"damage":0.0,"enemies":"Gremlin Nob","floor":14.0,"turns":4.0},{"damage":0.0,"enemies":"Hexaghost","floor":16.0,"turns":9.0},{"damage":0.0,"enemies":"Chosen","floor":18.0,"turns":4.0},{"damage":26.0,"enemies":"Nightmare","floor":24.0,"turns":6.0},{"damage":5.0,"enemies":"3 Byrds","floor":27.0,"turns":3.0},{"damage":0.0,"enemies":"Centurion and Healer","floor":29.0,"turns":5.0},{"damage":16.0,"enemies":"Snake Plant","floor":30.0,"turns":3.0},{"damage":0.0,"enemies":"Chosen and Byrds","floor":31.0,"turns":4.0},{"damage":0.0,"enemies":"Champ","floor":33.0,"turns":8.0},{"damage":0.0,"enemies":"Orb Walker","floor":35.0,"turns":3.0},{"damage":41.0,"enemies":"3 Shapes","floor":36.0,"turns":5.0},{"damage":20.0,"enemies":"3 Darklings","floor":38.0,"turns":5.0},{"damage":0.0,"enemies":"Spire Growth","floor":39.0,"turns":4.0},{"damage":0.0,"enemies":"Giant Head","floor":41.0,"turns":6.0},{"damage":0.0,"enemies":"Maw","floor":42.0,"turns":5.0},{"damage":0.0,"enemies":"4 Shapes","floor":46.0,"turns":4.0},{"damage":6.0,"enemies":"Nemesis","floor":48.0,"turns":5.0},{"damage":11.0,"enemies":"Donu and Deca","floor":50.0,"turns":6.0},{"damage":8,"enemies":"2 Louse","floor":52,"turns":1},{"damage":8,"enemies":"Jaw Worm","floor":53,"turns":1},{"damage":47,"enemies":"Lagavulin","floor":57,"turns":5}],"seed_played":"-2168930036827944561","potions_obtained":[{"floor":1.0,"key":"Explosive Potion"},{"floor":10.0,"key":"DistilledChaos"},{"floor":14.0,"key":"ColorlessPotion"},{"floor":16.0,"key":"DistilledChaos"},{"floor":27.0,"key":"GamblersBrew"},{"floor":30.0,"key":"Weak Potion"},{"floor":38.0,"key":"DistilledChaos"},{"floor":39.0,"key":"infinitespire:BlackPotion"},{"floor":42.0,"key":"Fire Potion"},{"floor":46.0,"key":"sneckomod:MuddlingPotion"},{"floor":52,"key":"ColorlessPotion"}],"is_trial":false,"path_per_floor":["M","?","?","$","M","E","R","E","T","E","M","R","M","E","R","B",null,"M","?","?","?","?","R","NM","$","T","M","AVR","M","M","M","R","B",null,"M","M","?","M","M","R","E","M","T","$","AVR","M","$","E","R","B",null,"M","M","?","?","?","E"],"character_chosen":"THE_SILENT","items_purchased":["Accuracy","Dagger Throw"],"campfire_rested":1,"item_purchase_floors":[4,4],"current_hp_per_floor":[70,70,70,70,70,21,42,27,27,20,32,32,44,44,44,44,70,70,70,49,42,42,42,34,34,34,37,37,49,39,47,47,54,54,54,27,27,27,35,35,49,52,52,52,52,54,54,48,48,48,54,46,38,54,41,41,0,0],"gold":0,"neow_bonus":"BOSS_RELIC","is_daily":false,"chose_seed":false,"campfire_upgraded":6,"win_rate":0.0,"timestamp":1608810451,"path_taken":["M","?","?","?","M","E","R","E","T","E","M","R","M","E","R","BOSS","M","?","?","?","?","R","NM","?","T","?","AVR","M","M","M","R","BOSS","M","M","?","M","M","R","E","M","T","?","AVR","M","$","E","R","BOSS","M","M","?","?","?","E"],"items_purchased_type":["Card","Card"],"build_version":"2020-12-22","purchased_purges":1,"victory":false,"max_hp_per_floor":[70,70,70,70,70,70,70,70,70,70,70,70,70,70,70,70,70,70,70,49,54,54,54,54,54,54,54,54,54,54,54,54,54,54,54,54,54,54,54,54,54,54,54,54,54,54,54,54,54,54,54,54,54,54,54,54,54,54],"relic_stats":{"Happy Flower":[9],"counters":[28,127],"Bronze Scales":[178],"Ectoplasm":871,"Art of War":[0],"Ginger":[15],"Kunai":[84],"obtain_stats":[{"Happy Flower":41,"SacredBark":51,"Incense Burner":14,"Ginger":2,"Ancient Tea Set":6,"sneckomod:SneckoTalon":17,"WristBlade":34,"Ninja Scroll":48,"Bronze Scales":26,"Ectoplasm":0,"Art of War":24,"Kunai":9,"FossilizedHelix":10,"Ring of the Snake":0,"Meat on the Bone":8},{"Happy Flower":21,"SacredBark":25,"Incense Burner":8,"Ginger":1,"Ancient Tea Set":3,"sneckomod:SneckoTalon":9,"WristBlade":16,"Ninja Scroll":24,"Bronze Scales":11,"Ectoplasm":0,"Art of War":11,"Kunai":4,"FossilizedHelix":5,"Ring of the Snake":0,"Meat on the Bone":4},{"Happy Flower":100,"SacredBark":120,"Incense Burner":35,"Ginger":5,"Ancient Tea Set":13,"sneckomod:SneckoTalon":44,"WristBlade":77,"Ninja Scroll":114,"Bronze Scales":54,"Ectoplasm":0,"Art of War":54,"Kunai":19,"FossilizedHelix":26,"Ring of the Snake":0,"Meat on the Bone":19}],"Meat on the Bone":60},"card_choices":[{"not_picked":["PiercingWail","Prepared"],"picked":"Underhanded Strike","floor":1.0},{"not_picked":["Dagger Spray","Acrobatics"],"picked":"Masterful Stab","floor":5.0},{"not_picked":["Quick Slash","Sucker Punch"],"picked":"Well Laid Plans","floor":6.0},{"not_picked":["Escape Plan","Outmaneuver"],"picked":"Dagger Spray","floor":8.0},{"not_picked":["Choke","Sucker Punch"],"picked":"Infinite Blades","floor":10.0},{"not_picked":["Endless Agony","Deflect"],"picked":"Reflex","floor":11.0},{"not_picked":["Reflex","Quick Slash"],"picked":"Bouncing Flask","floor":13.0},{"not_picked":["Sucker Punch","Acrobatics"],"picked":"Cloak And Dagger","floor":14.0},{"not_picked":["Corpse Explosion","Wraith Form v2"],"picked":"A Thousand Cuts","floor":16.0},{"not_picked":["Deadly Poison","Underhanded Strike"],"picked":"Poisoned Stab","floor":18.0},{"not_picked":["Dash","Doppelganger"],"picked":"Adrenaline","floor":24.0},{"not_picked":["Accuracy","Tactician"],"picked":"Flying Knee","floor":27.0},{"not_picked":["Well Laid Plans","Escape Plan"],"picked":"Dodge and Roll","floor":29.0},{"not_picked":["Dagger Spray","PiercingWail"],"picked":"Deflect+1","floor":30.0},{"not_picked":["Prepared","Underhanded Strike"],"picked":"After Image","floor":31.0},{"not_picked":["Corpse Explosion","After Image"],"picked":"infinitespire:Neurotoxin","floor":33.0},{"not_picked":["Dagger Throw+1","Cloak And Dagger"],"picked":"Finisher+1","floor":35.0},{"not_picked":["Poisoned Stab+1","Acrobatics"],"picked":"Accuracy+1","floor":36.0},{"not_picked":["Crippling Poison","Dodge and Roll+1"],"picked":"Cloak And Dagger+1","floor":38.0},{"not_picked":["Reflex+1","Dodge and Roll+1"],"picked":"Acrobatics+1","floor":39.0},{"not_picked":["Deflect","Glass Knife"],"picked":"Slice","floor":41.0},{"not_picked":["Deflect","Tactician"],"picked":"Quick Slash+1","floor":42.0},{"not_picked":["Slice","Flying Knee"],"picked":"Endless Agony+1","floor":46.0},{"not_picked":["Finisher+1","Calculated Gamble+1"],"picked":"Deflect+1","floor":48.0},{"not_picked":["Wraith Form v2","Grand Finale"],"picked":"Venomology","floor":50.0},{"not_picked":["Outmaneuver","Deflect","Slice"],"picked":"SKIP","floor":52},{"not_picked":["Masterful Stab","Bullet Time"],"picked":"Underhanded Strike","floor":53},{"not_picked":["infinitespire:Execution","infinitespire:SealOfDarkness+"],"picked":"infinitespire:Oblivion","floor":55}],"player_experience":949786,"relics_obtained":[{"floor":2.0,"key":"Ginger"},{"floor":6.0,"key":"Ancient Tea Set"},{"floor":8.0,"key":"Meat on the Bone"},{"floor":9.0,"key":"Kunai"},{"floor":10.0,"key":"FossilizedHelix"},{"floor":14.0,"key":"Incense Burner"},{"floor":24.0,"key":"Art of War"},{"floor":26.0,"key":"Bronze Scales"},{"floor":41.0,"key":"Happy Flower"},{"floor":48.0,"key":"Ninja Scroll"}],"event_choices":[{"damage_healed":0.0,"max_hp_gain":0.0,"max_hp_loss":0.0,"gold_gain":0.0,"event_name":"Liars Game","player_choice":"Ignored","floor":3.0,"gold_loss":0.0,"damage_taken":0.0},{"damage_healed":0.0,"max_hp_gain":0.0,"max_hp_loss":0.0,"gold_gain":0.0,"event_name":"Masked Bandits","player_choice":"Paid Fearfully","floor":19.0,"gold_loss":5.0,"damage_taken":0.0},{"damage_healed":0.0,"max_hp_gain":0.0,"max_hp_loss":21.0,"gold_gain":0.0,"event_name":"Vampires","player_choice":"Became a vampire","floor":20.0,"gold_loss":0.0,"damage_taken":0.0,"cards_obtained":["Bite","Bite","Bite","Bite","Bite"]},{"damage_healed":0.0,"max_hp_gain":5.0,"max_hp_loss":0.0,"gold_gain":0.0,"event_name":"Forgotten Altar","player_choice":"Shed Blood","floor":21.0,"gold_loss":0.0,"damage_taken":12.0},{"cards_removed":["Defend_G"],"damage_healed":0.0,"max_hp_gain":0.0,"max_hp_loss":0.0,"gold_gain":0.0,"event_name":"Back to Basics","player_choice":"Elegance","floor":22.0,"gold_loss":0.0,"damage_taken":0.0},{"damage_healed":0.0,"max_hp_gain":0.0,"max_hp_loss":0.0,"gold_gain":0.0,"event_name":"Duplicator","player_choice":"Copied","floor":37.0,"gold_loss":0.0,"damage_taken":0.0,"cards_obtained":["infinitespire:Collect"]},{"damage_healed":18,"gold_gain":0,"player_choice":"Banana","damage_taken":0,"max_hp_gain":0,"max_hp_loss":0,"event_name":"Big Fish","floor":54,"gold_loss":0},{"damage_healed":0,"gold_gain":0,"player_choice":"Grow","damage_taken":0,"max_hp_gain":0,"max_hp_loss":0,"event_name":"Living Wall","floor":56,"gold_loss":0,"cards_upgraded":["infinitespire:Oblivion"]}],"is_beta":false,"boss_relics":[{"not_picked":["Coffee Dripper","Black Star"],"picked":"sneckomod:SneckoTalon"},{"not_picked":["Velvet Choker","Tiny House"],"picked":"WristBlade"},{"not_picked":["Busted Crown","infinitespire:Cupcake"],"picked":"SacredBark"}],"items_purged_floors":[45],"is_endless":true,"potions_floor_spawned":[1,10,14,16,27,30,38,39,42,46,52],"killed_by":"Lagavulin","ascension_level":3}}