{"host":"1bmpebsu0h6jmm2g","time":1608816065,"event":{"mods":["BaseMod","Colored Map","DeckTracker","Highlight Path","Keyboard Shortcuts","Minty Spire (QoL Compilation)","Permanent Neow","Quick Restart","Relic Stats","Slay the Relics Exporter","StSLib","SuperFastMode"],"gold_per_floor":[112,129,129,149,164,164,164],"floor_reached":6,"playtime":171,"items_purged":[],"score":76,"play_id":"9d60487a-3c0c-49fe-83df-9f1434f62b31","local_time":"20201224222105","is_ascension_mode":true,"campfire_choices":[],"circlet_count":0,"master_deck":["AscendersBane","Strike_G","Strike_G","Strike_G","Strike_G","Strike_G","Defend_G","Defend_G","Defend_G","Defend_G","Survivor","Neutralize","Footwork","Blade Dance","Blur"],"relics":["Ring of the Snake","Omamori"],"acts_visited":["Exordium"],"potions_floor_usage":[5,5],"damage_taken":[{"damage":2,"enemies":"Jaw Worm","floor":1,"turns":7},{"damage":5,"enemies":"2 Louse","floor":2,"turns":5},{"damage":2,"enemies":"Cultist","floor":4,"turns":5},{"damage":12,"enemies":"Gremlin Gang","floor":5,"turns":5},{"damage":13,"enemies":"Lagavulin","floor":6,"turns":5}],"seed_played":"-5967864750395418119","potions_obtained":[{"floor":1,"key":"Energy Potion"},{"floor":4,"key":"PowerPotion"}],"is_trial":false,"path_per_floor":["M","M","?","M","M","E"],"character_chosen":"THE_SILENT","items_purchased":[],"campfire_rested":0,"item_purchase_floors":[],"current_hp_per_floor":[57,52,45,43,31,18,18],"gold":164,"neow_bonus":"RANDOM_COMMON_RELIC","is_daily":false,"chose_seed":false,"campfire_upgraded":0,"win_rate":0.0,"timestamp":1608816065,"path_taken":["M","M","?","M","M","E"],"items_purchased_type":[],"build_version":"2020-12-22","purchased_purges":0,"victory":false,"max_hp_per_floor":[66,66,66,66,66,66,66],"relic_stats":{"counters":[5,27],"obtain_stats":[{"Omamori":0,"Ring of the Snake":0},{"Omamori":0,"Ring of the Snake":0},{"Omamori":0,"Ring of the Snake":0}],"Ring of the Snake":[10]},"card_choices":[{"not_picked":["Dodge and Roll","Flying Knee"],"picked":"Footwork","floor":1},{"not_picked":["Finisher","Dodge and Roll"],"picked":"Blade Dance","floor":2},{"not_picked":["Deadly Poison","Glass Knife"],"picked":"Blur","floor":4},{"not_picked":["Deflect","Deadly Poison","Distraction"],"picked":"SKIP","floor":5}],"player_experience":476456,"relics_obtained":[],"event_choices":[{"cards_removed":["Defend_G"],"damage_healed":0,"gold_gain":0,"player_choice":"Card Removal","damage_taken":7,"max_hp_gain":0,"max_hp_loss":0,"event_name":"Golden Wing","floor":3,"gold_loss":0}],"is_beta":false,"boss_relics":[],"items_purged_floors":[],"is_endless":false,"potions_floor_spawned":[1,4],"killed_by":"Lagavulin","ascension_level":20}}