{"host":"0cnf9zf1gia27zti","time":1608770091,"event":{"mods":["BaseMod","BetterRewards","Card Forge","Colored Map","Colored Powertips","Conspire","Downfall","Minty Spire (QoL Compilation)","Practice Mode","Quick Restart","Replay The Spire","Robot Space Explorer","Shade Mod","Spicy Shops","StSLib"],"gold_per_floor":[114,143,143,100,114,146,146,160,160,218,218,218,57,84,84,155,155,168,168,186,199,33,61,18,31,31,31,45,45,55,55,55,132,132,147,157,157,157],"floor_reached":37,"playtime":11866,"items_purged":["Defend_G"],"score":850,"play_id":"18cbe2fa-1292-43a7-b9d4-6a4a69339f05","local_time":"20201224003451","is_ascension_mode":true,"campfire_choices":[{"floor":7,"key":"REST"},{"floor":11,"key":"REST"},{"data":"Blade Dance","floor":15,"key":"SMITH"},{"floor":27,"key":"REST"},{"floor":29,"key":"REST"},{"floor":32,"key":"REST"}],"circlet_count":0,"master_deck":["AscendersBane","Strike_G","Strike_G","Strike_G","Strike_G","Strike_G","Defend_G","Defend_G","Defend_G","Defend_G","Survivor","Neutralize+1","Cloak And Dagger","Infinite Blades","Cloak And Dagger","Prepared","Quick Slash","Backflip","Infinite Blades","Choke","Blade Dance+1","Backstab","Choke","Doppelganger","Finisher","conspire:DoublingDagger","Cloak And Dagger","Accuracy","Prepared","Blade Dance+1","Blade Dance","Envenom","Clumsy","Accuracy"],"relics":["Ring of the Serpent","Hammer of Thor","Seething Fire","Anvil of the Gods","ReplayTheSpireMod:Ninjato","Omamori","ReplayTheSpireMod:CursedCoin","BargainBundle","Gambling Chip","Replay:Mystery Machine","Replay:Bottled Snecko","Juzu Bracelet","DollysMirror","Basket Of Snakes","Blue Doll","Blood Vial","Pen Nib","Replay:Ancient Bell","Replay:Wax Seal","Replay:Bottled Steam","Peace Pipe"],"acts_visited":["Exordium","TheCity","TheBeyond"],"potions_floor_usage":[2,2,10,20,30,33],"damage_taken":[{"damage":7,"enemies":"Small Slimes","floor":1,"turns":3},{"damage":18,"enemies":"conspire:MimicChest","floor":2,"turns":3},{"damage":0,"enemies":"Jaw Worm","floor":5,"turns":4},{"damage":14,"enemies":"Gremlin Nob","floor":6,"turns":4},{"damage":0,"enemies":"2 Louse","floor":8,"turns":2},{"damage":9,"enemies":"Gremlin Nob","floor":10,"turns":3},{"damage":6,"enemies":"3 Sentries","floor":14,"turns":6},{"damage":0,"enemies":"Slime Boss","floor":16,"turns":3},{"damage":0,"enemies":"Chosen","floor":18,"turns":3},{"damage":0,"enemies":"3 Byrds","floor":20,"turns":2},{"damage":28,"enemies":"Centurion and Healer","floor":21,"turns":4},{"damage":13,"enemies":"Gremlin Leader","floor":23,"turns":6},{"damage":0,"enemies":"Snecko","floor":25,"turns":3},{"damage":0,"enemies":"Snake Plant","floor":28,"turns":2},{"damage":12,"enemies":"Sentry and Sphere","floor":30,"turns":4},{"damage":26,"enemies":"Automaton","floor":33,"turns":5},{"damage":16,"enemies":"Orb Walker","floor":35,"turns":2},{"damage":4,"enemies":"3 Shapes","floor":36,"turns":1},{"damage":52,"enemies":"3 Darklings","floor":37,"turns":2}],"seed_played":"-8577378495219793101","potions_obtained":[{"floor":2,"key":"LiquidMemories"},{"floor":8,"key":"Elixir"},{"floor":14,"key":"SneckoOil"},{"floor":18,"key":"champ:CounterPotion"},{"floor":23,"key":"Explosive Potion"},{"floor":30,"key":"CunningPotion"}],"is_trial":false,"path_per_floor":["M","?","?","$","M","E","R","M","T","?","R","?","$","E","R","B",null,"M","?","M","M","$","E","$","M","T","R","M","R","M","$","R","B",null,"M","M","M"],"character_chosen":"THE_SILENT","items_purchased":["ReplayTheSpireMod:Ninjato","Cloak And Dagger","Omamori","Infinite Blades","ReplayTheSpireMod:CursedCoin","BargainBundle","Cloak And Dagger","Prepared","Quick Slash","Toxic Potion","Fire Potion","Infinite Blades","DollysMirror","Blue Doll","Blade Dance+1"],"campfire_rested":5,"item_purchase_floors":[0,0,0,0,0,0,0,0,0,0,0,4,13,22,24],"current_hp_per_floor":[52,34,56,56,56,42,61,61,61,52,66,66,66,60,60,60,65,65,65,65,37,37,24,24,26,26,45,47,66,54,54,66,40,60,46,44,0,0],"gold":157,"neow_bonus":"","is_daily":false,"chose_seed":false,"campfire_upgraded":1,"win_rate":0.0,"timestamp":1608770091,"path_taken":["M","?","?","$","M","E","R","M","T","?","R","?","?","E","R","BOSS","M","?","M","M","?","E","$","M","T","R","M","R","M","$","R","BOSS","M","M","M"],"items_purchased_type":["Relic","Card","Relic","Card","Relic","Relic","Card","Card","Card","Potion","Potion","Card","Relic","Relic","Card"],"build_version":"2020-12-22","purchased_purges":1,"victory":false,"max_hp_per_floor":[66,66,66,66,66,66,66,66,66,66,66,66,66,66,66,66,66,66,66,66,66,66,66,66,66,66,66,66,66,66,66,66,66,66,66,66,66,66],"card_choices":[{"not_picked":["Poisoned Stab","Dagger Spray","Predator"],"picked":"SKIP","floor":1},{"not_picked":["Bane","Dagger Spray"],"picked":"Backflip","floor":2},{"not_picked":["Eviscerate","Backflip"],"picked":"Choke","floor":5},{"not_picked":["Prepared","Sucker Punch"],"picked":"Blade Dance","floor":6},{"not_picked":["ReplayTheSpireMod:Tripwire","Well Laid Plans","Blur"],"picked":"SKIP","floor":8},{"not_picked":["Hidden Blade","conspire:PoisonWeapons"],"picked":"Backstab","floor":10},{"not_picked":["Replay:Poison Smokescreen","ReplayTheSpireMod:From All Sides","Backflip"],"picked":"SKIP","floor":14},{"not_picked":["ReplayTheSpireMod:Necrosis","Unload"],"picked":"Doppelganger","floor":16},{"not_picked":["Deflect","Sucker Punch"],"picked":"Finisher","floor":18},{"not_picked":["Bane","Well Laid Plans","Caltrops"],"picked":"SKIP","floor":20},{"not_picked":["Dagger Spray","Calculated Gamble"],"picked":"Cloak And Dagger","floor":21},{"not_picked":["Quick Slash","Riddle With Holes+1"],"picked":"Prepared","floor":23},{"not_picked":["Deadly Poison","Outmaneuver"],"picked":"Blade Dance","floor":25},{"not_picked":["Hidden Blade+1","Toxin Wave","Catalyst"],"picked":"SKIP","floor":28},{"not_picked":["Heel Hook","Unload","Draining Mist"],"picked":"SKIP","floor":30},{"not_picked":["Phantasmal Killer","Night Terror"],"picked":"Envenom","floor":33},{"not_picked":["Hallucinations","ReplayTheSpireMod:Doomed"],"picked":"ReplayTheSpireMod:Restless Dread","floor":34},{"not_picked":["Amnesia","Writhe"],"picked":"Clumsy","floor":34},{"not_picked":["ReplayTheSpireMod:IOU","Delirium"],"picked":"ReplayTheSpireMod:Restless Dread","floor":34},{"not_picked":["Acrobatics","Deflect+1"],"picked":"Accuracy","floor":35},{"not_picked":["ReplayTheSpireMod:Exploit Weakness+1","Underhanded Strike","Quick Slash"],"picked":"SKIP","floor":36}],"player_experience":2424182,"relics_obtained":[{"floor":2,"key":"Gambling Chip"},{"floor":6,"key":"Replay:Mystery Machine"},{"floor":9,"key":"Replay:Bottled Snecko"},{"floor":10,"key":"Juzu Bracelet"},{"floor":14,"key":"Basket Of Snakes"},{"floor":23,"key":"Blood Vial"},{"floor":26,"key":"Pen Nib"}],"event_choices":[{"damage_healed":22,"gold_gain":0,"player_choice":"Banana","damage_taken":0,"max_hp_gain":0,"max_hp_loss":0,"event_name":"Big Fish","floor":3,"gold_loss":0},{"damage_healed":0,"gold_gain":30,"player_choice":"Searched \u00273\u0027 times","damage_taken":0,"max_hp_gain":0,"max_hp_loss":0,"event_name":"Dead Adventurer","floor":10,"gold_loss":0},{"damage_healed":0,"gold_gain":0,"player_choice":"Ignored","damage_taken":0,"max_hp_gain":0,"max_hp_loss":0,"event_name":"Liars Game","floor":12,"gold_loss":0},{"damage_healed":0,"gold_gain":0,"player_choice":"1 cards matched","damage_taken":0,"max_hp_gain":0,"max_hp_loss":0,"event_name":"Match and Keep!","floor":19,"gold_loss":0,"cards_obtained":["conspire:DoublingDagger"]}],"is_beta":false,"boss_relics":[{"not_picked":["HoveringKite","Abe\u0027s Treasure"],"picked":"Ring of the Serpent"},{"not_picked":["Velvet Choker","Busted Crown"],"picked":"Replay:Ancient Bell"},{"not_picked":["Centennial Puzzle","Nunchaku"],"picked":"Replay:Wax Seal"},{"not_picked":["Letter Opener","Sundial"],"picked":"Replay:Bottled Steam"},{"not_picked":["Calipers","Thread and Needle"],"picked":"Peace Pipe"}],"items_purged_floors":[0],"is_endless":false,"potions_floor_spawned":[2,8,14,18,23,30],"killed_by":"3 Darklings","ascension_level":16}}