{"host":"soyfmymeou4emntr","time":1608840457,"event":{"mods":["BaseMod","Minty Spire (QoL Compilation)","Relic Sorter","Relic Stats","StSLib"],"gold_per_floor":[117,42,42,54,67,67,103,112,139,30,30,30],"floor_reached":11,"playtime":694,"items_purged":[],"score":142,"play_id":"fe6c3982-5249-4f75-bbd8-aa70645e750e","local_time":"20201224130737","is_ascension_mode":true,"campfire_choices":[{"data":"Crippling Poison","floor":6,"key":"SMITH"}],"circlet_count":0,"master_deck":["AscendersBane","Strike_G","Strike_G","Strike_G","Defend_G","Defend_G","Defend_G","Defend_G","Defend_G","Survivor","Neutralize","Crippling Poison+1","Terror","Crippling Poison","Dagger Throw","Caltrops"],"relics":["Ring of the Snake","Mango","Art of War","CeramicFish","Juzu Bracelet"],"acts_visited":["Exordium"],"potions_floor_usage":[7,11,11],"damage_taken":[{"damage":2,"enemies":"Jaw Worm","floor":1,"turns":6},{"damage":0,"enemies":"2 Louse","floor":4,"turns":3},{"damage":1,"enemies":"Small Slimes","floor":5,"turns":4},{"damage":40,"enemies":"Gremlin Nob","floor":7,"turns":5},{"damage":9,"enemies":"3 Sentries","floor":11,"turns":4}],"seed_played":"-2983240662027733658","potions_obtained":[{"floor":1,"key":"Poison Potion"}],"is_trial":false,"path_per_floor":["M","?","?","M","M","R","E","?","T","$","E"],"character_chosen":"THE_SILENT","items_purchased":["SteroidPotion","SkillPotion"],"campfire_rested":0,"item_purchase_floors":[10,10],"current_hp_per_floor":[71,71,45,45,44,44,4,4,4,4,0,0],"gold":30,"neow_bonus":"ONE_RARE_RELIC","is_daily":false,"chose_seed":false,"campfire_upgraded":1,"win_rate":0.0,"timestamp":1608840457,"path_taken":["M","?","?","M","M","R","E","?","T","$","E"],"items_purchased_type":["Potion","Potion"],"build_version":"2020-12-22","purchased_purges":0,"victory":false,"max_hp_per_floor":[74,74,74,74,74,74,74,74,74,74,74,74],"relic_stats":{"counters":[5,22],"CeramicFish":18,"Art of War":[6],"Juzu Bracelet":0,"obtain_stats":[{"CeramicFish":7,"Mango":0,"Art of War":3,"Juzu Bracelet":9,"Ring of the Snake":0},{"CeramicFish":4,"Mango":0,"Art of War":1,"Juzu Bracelet":4,"Ring of the Snake":0},{"CeramicFish":18,"Mango":0,"Art of War":6,"Juzu Bracelet":18,"Ring of the Snake":0}],"Ring of the Snake":[10]},"card_choices":[{"not_picked":["Bouncing Flask","Quick Slash"],"picked":"Crippling Poison","floor":1},{"not_picked":["Outmaneuver","Dodge and Roll"],"picked":"Terror","floor":4},{"not_picked":["Flying Knee","Backstab"],"picked":"Crippling Poison","floor":5},{"not_picked":["Reflex","Quick Slash"],"picked":"Dagger Throw","floor":7}],"player_experience":2623411,"relics_obtained":[{"floor":7,"key":"CeramicFish"},{"floor":9,"key":"Juzu Bracelet"}],"event_choices":[{"cards_removed":["Strike_G"],"damage_healed":0,"gold_gain":0,"player_choice":"Card Removal","damage_taken":0,"max_hp_gain":0,"max_hp_loss":0,"event_name":"The Cleric","floor":2,"gold_loss":75},{"damage_healed":0,"gold_gain":0,"player_choice":"Success","damage_taken":26,"relics_obtained":["Art of War"],"max_hp_gain":0,"max_hp_loss":0,"event_name":"Scrap Ooze","floor":3,"gold_loss":0},{"damage_healed":0,"gold_gain":0,"cards_transformed":["Strike_G"],"player_choice":"Transformed","damage_taken":0,"max_hp_gain":0,"max_hp_loss":0,"event_name":"Transmorgrifier","floor":8,"gold_loss":0,"cards_obtained":["Caltrops"]}],"is_beta":false,"boss_relics":[],"items_purged_floors":[],"is_endless":false,"potions_floor_spawned":[1],"killed_by":"3 Sentries","ascension_level":20}}