{"host":"ci7ivtocgfxh0ueo","time":1608847683,"event":{"mods":["BaseMod","GifTheSpireLib","Minty Spire (QoL Compilation)","StSLib"],"gold_per_floor":[109,109,119,41,51,51,66,76,76,76,76,76,97,125,125,205,205,228,7,7,7,16,51,51,51,51],"floor_reached":25,"playtime":968,"items_purged":[],"score":390,"play_id":"9a72d75a-e143-4a19-be3b-2a63ebfab1ca","local_time":"20201225060803","is_ascension_mode":true,"campfire_choices":[{"data":"Neutralize","floor":6,"key":"SMITH"},{"floor":10,"key":"REST"},{"data":"Survivor","floor":12,"key":"SMITH"},{"data":"Panache","floor":15,"key":"SMITH"},{"floor":24,"key":"REST"}],"circlet_count":0,"master_deck":["AscendersBane","Strike_G","Strike_G","Strike_G","Strike_G","Strike_G","Defend_G","Defend_G","Defend_G","Defend_G","Defend_G","Survivor+1","Neutralize+1","Panache+1","Acrobatics","Dagger Throw","Deflect","PiercingWail","Slice","Footwork+1","Unload","Underhanded Strike","Tools of the Trade","Tactician","Distraction","Dagger Throw","Writhe","Distraction"],"relics":["Ring of the Snake","CeramicFish","MealTicket","StrikeDummy"],"acts_visited":["Exordium","TheCity"],"potions_floor_usage":[7,16,16,23,23],"damage_taken":[{"damage":3,"enemies":"2 Louse","floor":1,"turns":5},{"damage":10,"enemies":"Cultist","floor":3,"turns":5},{"damage":0,"enemies":"Jaw Worm","floor":5,"turns":4},{"damage":3,"enemies":"Lots of Slimes","floor":7,"turns":3},{"damage":17,"enemies":"Large Slime","floor":8,"turns":7},{"damage":0,"enemies":"Blue Slaver","floor":13,"turns":4},{"damage":0,"enemies":"Looter","floor":14,"turns":3},{"damage":25,"enemies":"The Guardian","floor":16,"turns":15},{"damage":38,"enemies":"Spheric Guardian","floor":18,"turns":6},{"damage":15,"enemies":"Slavers","floor":23,"turns":3},{"damage":22,"enemies":"3 Byrds","floor":25,"turns":5}],"seed_played":"-8344944752299796196","potions_obtained":[{"floor":8,"key":"Weak Potion"},{"floor":13,"key":"Strength Potion"},{"floor":14,"key":"CunningPotion"}],"is_trial":false,"path_per_floor":["M","?","M","$","M","R","M","M","T","R","?","R","M","M","R","B",null,"M","$","?","$","?","E","R","M"],"character_chosen":"THE_SILENT","items_purchased":["Deflect","SkillPotion","Distraction","Dagger Throw","Fire Potion","Dexterity Potion"],"campfire_rested":2,"item_purchase_floors":[4,4,19,19,19,19],"current_hp_per_floor":[56,56,46,46,46,46,43,26,26,45,45,45,45,45,45,20,55,17,17,17,17,17,2,21,0,0],"gold":51,"neow_bonus":"RANDOM_COLORLESS_2","is_daily":false,"chose_seed":false,"campfire_upgraded":3,"win_rate":0.0,"timestamp":1608847683,"path_taken":["M","?","M","$","M","R","M","?","T","R","?","R","?","M","R","BOSS","M","$","?","$","?","E","R","M"],"items_purchased_type":["Card","Potion","Card","Card","Potion","Potion"],"build_version":"2020-12-22","purchased_purges":0,"victory":false,"max_hp_per_floor":[66,66,66,66,66,66,66,66,66,66,66,66,66,66,66,66,66,66,66,66,66,66,66,66,66,66],"card_choices":[{"not_picked":["Violence","Transmutation"],"picked":"Panache","floor":0},{"not_picked":["Catalyst","Underhanded Strike"],"picked":"Acrobatics","floor":1},{"not_picked":["Slice","Bane"],"picked":"Dagger Throw","floor":3},{"not_picked":["Backflip","Prepared"],"picked":"PiercingWail","floor":5},{"not_picked":["Bane","Setup"],"picked":"Slice","floor":7},{"not_picked":["Tactician","Quick Slash"],"picked":"Footwork","floor":8},{"not_picked":["Flying Knee","Dodge and Roll"],"picked":"Unload","floor":13},{"not_picked":["Blur","Concentrate"],"picked":"Underhanded Strike","floor":14},{"not_picked":["Unload","Doppelganger"],"picked":"Tools of the Trade","floor":16},{"not_picked":["Slice","Prepared"],"picked":"Tactician","floor":18},{"not_picked":["Backflip","Dagger Spray"],"picked":"Distraction","floor":23}],"player_experience":1295547,"relics_obtained":[{"floor":9,"key":"CeramicFish"},{"floor":23,"key":"StrikeDummy"}],"event_choices":[{"cards_removed":["Shame"],"damage_healed":0,"gold_gain":0,"player_choice":"Removed Curses","damage_taken":0,"max_hp_gain":0,"max_hp_loss":0,"event_name":"Fountain of Cleansing","floor":2,"gold_loss":0},{"damage_healed":0,"gold_gain":0,"player_choice":"Upgraded","damage_taken":0,"max_hp_gain":0,"max_hp_loss":0,"event_name":"Upgrade Shrine","floor":11,"gold_loss":0,"cards_upgraded":["Footwork"]},{"damage_healed":0,"gold_gain":0,"player_choice":"Ignored","damage_taken":0,"max_hp_gain":0,"max_hp_loss":0,"event_name":"Cursed Tome","floor":20,"gold_loss":0},{"damage_healed":0,"gold_gain":0,"player_choice":"Opened","damage_taken":0,"relics_obtained":["MealTicket"],"max_hp_gain":0,"max_hp_loss":0,"event_name":"The Mausoleum","floor":22,"gold_loss":0,"cards_obtained":["Writhe"]}],"is_beta":false,"boss_relics":[{"not_picked":["Sozu","Ectoplasm","Runic Pyramid"]}],"items_purged_floors":[],"is_endless":false,"potions_floor_spawned":[8,13,14],"killed_by":"3 Byrds","ascension_level":17}}