{"host":"z9grmtg2w0nmz8n1","time":1608787120,"event":{"mods":["Aspiration","Bard","BaseMod","Beaked The Cultist","Better Altar","Better Match","Better Note","Better Sensory Stone","Better Skull","Better Third Choice","BetterRewards","CCEM","Colored Map","Conspire","Downfall","GifTheSpireLib","Googly Eyes","Halation","Hermit","Highlight Path","Hubris","Hunter ??","Jedi Mod","Jorbs\u0027s Wanderer Trilogy","Mad Scientist","Marisa????????","Minty Spire (QoL Compilation)","Permanent Neow","Replay The Spire","Shade Mod","Shop Mod","Spicy Shops","StSLib","Stuff the Spire","The Bug Knight","The Construct","The Necromancer","The Runesmith","The Witch"],"gold_per_floor":[142,142,142,157,177,177,221,233,282,339,358,384,384,447,447,447,447],"floor_reached":16,"playtime":797,"items_purged":[],"score":172,"play_id":"033bd885-106f-408b-994d-a359c0f263dd","local_time":"20201224031840","is_ascension_mode":false,"campfire_choices":[{"floor":6,"key":"RECALL"},{"data":"LeftHookFist","floor":13,"key":"SMITH"},{"floor":15,"key":"REST"}],"circlet_count":0,"master_deck":["Strike_Giant","Strike_Giant","Defend_Giant","Defend_Giant","Defend_Giant","Defend_Giant","CultistPetCall","EagleFirst","EagleFirst","EagleSecond+1","Protect_Giant","Combo Recycle","Protect_Giant","LeftHookFist+1","Pummel Giant"],"relics":["GiantSoulBox","halation:EternalFortune","Centennial Puzzle","Ancient Tea Set","GiantSoulStone","CCEMRelics:JestersCrown"],"acts_visited":["Exordium"],"potions_floor_usage":[11,12,12],"damage_taken":[{"damage":6,"enemies":"2 Louse","floor":1,"turns":3},{"damage":0,"enemies":"Cultist","floor":4,"turns":3},{"damage":0,"enemies":"Small Slimes","floor":5,"turns":4},{"damage":7,"enemies":"Exordium Thugs","floor":7,"turns":5},{"damage":2,"enemies":"Blue Slaver","floor":8,"turns":4},{"damage":0,"enemies":"HollowMod:MossKnight","floor":10,"turns":3},{"damage":0,"enemies":"2 Fungi Beasts","floor":11,"turns":2},{"damage":24,"enemies":"Gremlin Nob","floor":12,"turns":3},{"damage":18,"enemies":"3 Sentries","floor":14,"turns":6},{"damage":55,"enemies":"The Guardian","floor":16,"turns":12}],"seed_played":"-3301192218944449324","potions_obtained":[{"floor":1,"key":"Explosive Potion"},{"floor":4,"key":"LiquidBronze"},{"floor":7,"key":"FearPotion"},{"floor":8,"key":"ColorlessPotion"},{"floor":11,"key":"SpeedPotion"}],"is_trial":false,"path_per_floor":["M","?","?","M","M","R","M","M","T","E","M","E","R","E","R","B"],"character_chosen":"Giant","items_purchased":[],"campfire_rested":1,"item_purchase_floors":[],"current_hp_per_floor":[59,62,62,65,65,65,63,61,61,66,66,42,42,29,54,0,0],"gold":447,"neow_bonus":"UPGRADE_CARD","is_daily":false,"chose_seed":false,"campfire_upgraded":1,"win_rate":0.0,"timestamp":1608787120,"path_taken":["M","?","?","M","?","R","M","M","T","E","M","E","R","E","R","BOSS"],"items_purchased_type":[],"build_version":"2020-12-22","purchased_purges":0,"victory":false,"max_hp_per_floor":[65,68,68,71,71,71,76,76,76,81,81,81,81,86,86,86,86],"card_choices":[{"not_picked":["Blood Defend","Revenge Attack","Random Death Rattle"],"picked":"SKIP","floor":1},{"not_picked":["Clone Minion","Mana Growth","TakeAction_Giant"],"picked":"SKIP","floor":4},{"not_picked":["Calmness Giant","Backflip Giant"],"picked":"Protect_Giant","floor":5},{"not_picked":["Drunk Grant","SpikerPetCall"],"picked":"Combo Recycle","floor":7},{"not_picked":["TakeAction_Giant","Giant Prayer"],"picked":"Protect_Giant","floor":8},{"not_picked":["Fanatic Cultist","Backflip Giant","The End Giant"],"picked":"SKIP","floor":10},{"not_picked":["Mana Growth","Rupture Giant"],"picked":"LeftHookFist","floor":11},{"not_picked":["Meditate Giant","Sacrifice Summons","GremlinTsunderePetCall"],"picked":"SKIP","floor":12},{"not_picked":["HealerPetCall","TakeAction_Giant"],"picked":"Pummel Giant","floor":14}],"player_experience":691179,"relics_obtained":[{"floor":4,"key":"halation:EternalFortune"},{"floor":10,"key":"Centennial Puzzle"},{"floor":12,"key":"Ancient Tea Set"},{"floor":14,"key":"GiantSoulStone"},{"floor":14,"key":"CCEMRelics:JestersCrown"}],"event_choices":[{"damage_healed":0,"gold_gain":1,"player_choice":"1","damage_taken":0,"max_hp_gain":0,"max_hp_loss":0,"event_name":"betterStone:BetterStone","floor":3,"gold_loss":0}],"is_beta":false,"boss_relics":[],"items_purged_floors":[],"is_endless":false,"potions_floor_spawned":[1,4,7,8,11],"killed_by":"The Guardian","ascension_level":0}}