{"host":"lpzg4v7pyfhtcn50","time":1608769022,"event":{"mods":["Act Like it!","BaseMod","Better Note","Colored Map","Colored Powertips","Conspire","Downfall","Minty Spire (QoL Compilation)","Permanent Neow","Replay The Spire","Shop Mod","StSLib"],"gold_per_floor":[99,113,124,124,124,109,109,59,44,44,79,64,14,25,43,141,141,16,34,44,54,74,100,127,127,127,2,33,47,47,47,66,163,163,113,130,130,55,55,73,73,89,107,135,10,45,45,79,89,89,89,114,14,14,14],"floor_reached":56,"playtime":5093,"items_purged":["Shame","Voices"],"score":1277,"play_id":"ec6540b6-369a-43d6-908f-b98e9d8a6f98","local_time":"20201223181702","is_ascension_mode":true,"campfire_choices":[{"floor":1,"key":"RECALL"},{"data":"Slimebound:Split","floor":8,"key":"SMITH"},{"data":"Slimebound:CorrosiveSpit","floor":10,"key":"SMITH"},{"data":"Slimebound:LeadByExample","floor":13,"key":"SMITH"},{"data":"Slimebound:LevelUp","floor":18,"key":"SMITH"},{"data":"Slimebound:OneTwoCombo","floor":27,"key":"SMITH"},{"data":"Slimebound:LevelUp+1","floor":30,"key":"SMITH"},{"data":"Slimebound:SelfFormingGoo","floor":35,"key":"SMITH"},{"floor":45,"key":"REST"},{"data":"Slimebound:LevelUp","floor":54,"key":"SMITH"}],"circlet_count":0,"master_deck":["Slimebound:Defend_Slimebound","Slimebound:Defend_Slimebound","Slimebound:Split+1","Slimebound:CorrosiveSpit+1","Slimebound:LeechEnergy","Slimebound:SamplingLick","Slimebound:LeadByExample+1","Slimebound:DisruptingSlam","Slimebound:SplitMire","Slimebound:LevelUp+2","Slimebound:ForwardTackle","Slimebound:OneTwoCombo+1","Slimebound:SplitMire+1","Slimebound:Repurpose","Slimebound:SpikyOuterGoop","Slimebound:SelfFormingGoo+1","Slimebound:WasteNot","CommonCold","Decay","Slimebound:SplitMire+1","Slimebound:ForwardTackle","CommonCold","Slimebound:SplitMire+1","Slimebound:LevelUp+1","Slimebound:OneTwoCombo","Slimebound:SlimeSlap"],"relics":["Slimebound:AbsorbEndCombat","Lantern","Slimebound:GreedOozeRelic","Mercury Hourglass","Garlic","Toy Ornithopter","Cursed Key","downfall:HeartBlessingRed","Dream Catcher","downfall:HeartBlessingGreen","conspire:InfiniteJournal","Kintsugi","Replay:Bottled Steam","Mummified Hand","Bottled Flame","downfall:HeartBlessingBlue","Ice Cream","PreservedInsect","Anchor"],"acts_visited":["Exordium","TheCity","TheBeyond","TheEnding"],"potions_floor_usage":[],"damage_taken":[{"damage":15,"enemies":"Jaw Worm","floor":2,"turns":4},{"damage":12,"enemies":"conspire:RoseBush","floor":3,"turns":3},{"damage":4,"enemies":"downfall:FleeingMerchant","floor":6,"turns":4},{"damage":14,"enemies":"downfall:FleeingMerchant","floor":9,"turns":4},{"damage":30,"enemies":"Gremlin Nob","floor":11,"turns":4},{"damage":13,"enemies":"downfall:FleeingMerchant","floor":12,"turns":4},{"damage":0,"enemies":"Small Slimes","floor":14,"turns":2},{"damage":0,"enemies":"Blue Slaver","floor":15,"turns":2},{"damage":27,"enemies":"downfall:Watcher","floor":16,"turns":5},{"damage":8,"enemies":"Spheric Guardian","floor":19,"turns":3},{"damage":18,"enemies":"Shell Parasite","floor":20,"turns":2},{"damage":11,"enemies":"Snecko","floor":21,"turns":3},{"damage":12,"enemies":"Centurion and Healer","floor":22,"turns":3},{"damage":19,"enemies":"conspire:Head Lice","floor":23,"turns":4},{"damage":19,"enemies":"downfall:FleeingMerchant","floor":28,"turns":3},{"damage":4,"enemies":"3 Cultists","floor":29,"turns":3},{"damage":24,"enemies":"conspire:HollyBat","floor":32,"turns":6},{"damage":37,"enemies":"downfall:Defect","floor":33,"turns":5},{"damage":21,"enemies":"3 Darklings","floor":36,"turns":4},{"damage":24,"enemies":"Orb Walker","floor":40,"turns":2},{"damage":32,"enemies":"Writhing Mass","floor":42,"turns":4},{"damage":4,"enemies":"Jaw Worm Horde","floor":43,"turns":2},{"damage":69,"enemies":"Reptomancer","floor":44,"turns":4},{"damage":65,"enemies":"Nemesis","floor":46,"turns":5},{"damage":22,"enemies":"R_Hoarder","floor":48,"turns":4},{"damage":8,"enemies":"4 Shapes","floor":49,"turns":3},{"damage":42,"enemies":"downfall:Ironclad","floor":50,"turns":5},{"damage":20,"enemies":"downfall:CharBossMerchant","floor":52,"turns":3},{"damage":72,"enemies":"downfall:NeowBoss","floor":55,"turns":17}],"seed_played":"2208920934947811335","potions_obtained":[{"floor":3,"key":"Swift Potion"},{"floor":14,"key":"AttackPotion"},{"floor":15,"key":"DistilledChaos"},{"floor":21,"key":"hexamod:EctoCoolerPotion"},{"floor":23,"key":"Adrenaline Potion"},{"floor":48,"key":"FearPotion"}],"is_trial":false,"path_per_floor":["R","M","M","?","?","$","T","R","$","R","E","$","R","M","M","B",null,"R_BF","M","M","M","M","E","T","?","?","R","$","M","R","$","M","B",null,"R_BF","M","?","$","T","M","T","M","M","E","R","E","?","E","M","B",null,"E","$","R","B",null],"character_chosen":"SLIMEBOUND","items_purchased":["conspire:InfiniteJournal"],"campfire_rested":1,"item_purchase_floors":[28],"current_hp_per_floor":[60,57,52,52,45,60,60,60,60,60,38,49,49,49,53,53,60,60,60,60,56,60,57,57,47,47,47,56,65,65,65,61,62,65,65,60,60,60,60,62,62,55,65,24,56,29,29,55,67,75,75,75,75,75,75],"gold":14,"neow_bonus":"RANDOM_COMMON_RELIC","is_daily":false,"chose_seed":false,"campfire_upgraded":8,"win_rate":0.0,"timestamp":1608769022,"path_taken":["R","M","M","?","?","$","T","R","$","R","E","$","R","M","M","BOSS","R_BF","M","M","M","M","E","T","?","?","R","$","M","R","$","M","BOSS","R_BF","M","?","$","?","M","T","M","M","E","R","E","?","E","M","BOSS","E","$","R","BOSS"],"items_purchased_type":["Relic"],"build_version":"2020-12-22","purchased_purges":2,"victory":true,"max_hp_per_floor":[60,60,60,60,60,60,60,60,60,60,60,60,60,60,60,60,60,60,60,60,60,60,60,60,65,65,65,65,65,65,65,65,65,65,65,65,65,65,65,65,65,65,65,65,75,75,75,75,75,75,75,75,75,75,75],"card_choices":[{"not_picked":["Slimebound:SamplingLick","Slimebound:PressTheAttack"],"picked":"Slimebound:LeechEnergy","floor":2},{"not_picked":["Slimebound:ViciousTackle","Slimebound:Equalize"],"picked":"Slimebound:AcidTongue","floor":3},{"not_picked":["Slimebound:LeechEnergy","Slimebound:SplitLeeching"],"picked":"Slimebound:SamplingLick","floor":6},{"not_picked":["Slimebound:SlimeTap","Slimebound:OozeBath"],"picked":"Slimebound:LeadByExample","floor":9},{"not_picked":["Slimebound:SplitAcid","Slimebound:Equalize"],"picked":"Slimebound:DisruptingSlam","floor":11},{"not_picked":["Slimebound:SplitLeeching","Slimebound:SplitAcid"],"picked":"Slimebound:SplitMire","floor":12},{"not_picked":["Slimebound:SlimeTap","Slimebound:PressTheAttack"],"picked":"Slimebound:LevelUp","floor":14},{"not_picked":["Slimebound:LeechingTouch","Slimebound:Dissolve"],"picked":"Slimebound:ForwardTackle","floor":15},{"not_picked":["Slimebound:DouseInSlime","Slimebound:PrepareCrush"],"picked":"Slimebound:OneTwoCombo","floor":16},{"not_picked":["Slimebound:LeechEnergy","Slimebound:SplitAcid"],"picked":"Slimebound:SplitMire+1","floor":19},{"not_picked":["Slimebound:LeechingTouch","Slimebound:ComboTackle","Slimebound:Equalize"],"picked":"SKIP","floor":20},{"not_picked":["Slimebound:SlimeSlap","Slimebound:Gluttony+1"],"picked":"Slimebound:Repurpose","floor":21},{"not_picked":["Slimebound:Schlurp","Slimebound:HauntingLick","Slimebound:DisruptingSlam"],"picked":"SKIP","floor":22},{"not_picked":["Slimebound:OozeBath","Slimebound:ComboTackle","Slimebound:LeechEnergy"],"picked":"SKIP","floor":23},{"not_picked":["Slimebound:SlimeSpikes+1","Slimebound:GrowthPunch+1","Slimebound:Schlurp+1"],"picked":"SKIP","floor":28},{"not_picked":["Slimebound:Schlurp","Slimebound:LeechingTouch","Slimebound:Nibble"],"picked":"SKIP","floor":29},{"not_picked":["Slimebound:SplitBruiser+1","Slimebound:DisruptingSlam+1"],"picked":"Slimebound:SelfFormingGoo","floor":32},{"not_picked":["Slimebound:MassRepurpose","Slimebound:PrepareCrush"],"picked":"Slimebound:WasteNot","floor":33},{"not_picked":["Slimebound:MegaLick","Slimebound:SlimeSpikes+1"],"picked":"Slimebound:SplitMire+1","floor":36},{"not_picked":["Slimebound:RollThrough","Slimebound:LeechingTouch"],"picked":"Slimebound:SplitMire+1","floor":40},{"not_picked":["Slimebound:GoopTackle","Slimebound:GoopSpray+1","Slimebound:Repurpose"],"picked":"SKIP","floor":42},{"not_picked":["Slimebound:Replication","Slimebound:ComboTackle+1"],"picked":"Slimebound:LevelUp","floor":43},{"not_picked":["Slimebound:FinishingTackle","Slimebound:SamplingLick","Slimebound:SplitAcid"],"picked":"SKIP","floor":44},{"not_picked":["Slimebound:SlimeSpikes+1","Slimebound:SlimeSlap"],"picked":"Slimebound:OneTwoCombo","floor":46},{"not_picked":["Slimebound:SlimeSpikes+1","Slimebound:ItLooksTasty"],"picked":"Slimebound:SlimeSlap","floor":48},{"not_picked":["Slimebound:ViciousTackle+1","Slimebound:SplitBruiser+1","Slimebound:TongueLash+1"],"picked":"SKIP","floor":49},{"not_picked":["Slimebound:GoopTackle+1","Slimebound:LeechEnergy+1","Slimebound:ComboTackle+1"],"picked":"SKIP","floor":52}],"player_experience":171384,"relics_obtained":[{"floor":7,"key":"Garlic"},{"floor":11,"key":"Toy Ornithopter"},{"floor":23,"key":"Dream Catcher"},{"floor":39,"key":"Replay:Bottled Steam"},{"floor":41,"key":"Mummified Hand"},{"floor":44,"key":"Bottled Flame"},{"floor":46,"key":"Ice Cream"},{"floor":48,"key":"PreservedInsect"},{"floor":52,"key":"Anchor"}],"event_choices":[{"damage_healed":0,"gold_gain":0,"player_choice":"Success","damage_taken":7,"relics_obtained":["Mercury Hourglass"],"max_hp_gain":0,"max_hp_loss":0,"event_name":"Scrap Ooze","floor":5,"gold_loss":0},{"damage_healed":0,"gold_gain":0,"player_choice":"Read","damage_taken":0,"max_hp_gain":0,"max_hp_loss":0,"event_name":"The Library","floor":26,"gold_loss":0,"cards_obtained":["Slimebound:SpikyOuterGoop"]},{"damage_healed":0,"gold_gain":0,"cards_transformed":["Slimebound:AcidTongue"],"player_choice":"Transformed","damage_taken":0,"max_hp_gain":0,"max_hp_loss":0,"event_name":"Transmorgrifier","floor":37,"gold_loss":0,"cards_obtained":["Slimebound:ForwardTackle"]},{"cards_removed":["Slimebound:Defend_Slimebound"],"damage_healed":0,"gold_gain":0,"player_choice":"Removed Skill","damage_taken":0,"max_hp_gain":0,"max_hp_loss":0,"event_name":"Falling","floor":47,"gold_loss":0}],"is_beta":false,"boss_relics":[{"not_picked":["SacredBark","Busted Crown"],"picked":"Cursed Key"},{"not_picked":["conspire:RoyalGoblet","Empty Cage"],"picked":"Kintsugi"}],"items_purged_floors":[38,53],"is_endless":false,"potions_floor_spawned":[3,14,15,21,23,29,32,40,46,48,52],"ascension_level":1}}