{"host":"sav7uxregyirlf69","time":1608823579,"event":{"mods":["AchievementEnabler","BaseMod","Colored Map","DeckTracker","Keyboard Shortcuts","Minty Spire (QoL Compilation)","READ ME - Guardian Mod","StSLib","SuperFastMode"],"gold_per_floor":[119,119,137,156,173,173,202,202,226,226,239,14,14,31,31,132,132,145,145,0,0,13,41,57,57,57,74,74,91,111,121,121,217,217,229,229,229,249,249,249],"floor_reached":39,"playtime":990,"items_purged":["Strike_B","Strike_B"],"score":608,"play_id":"518068f2-054e-449b-b1fd-9d901022c6f9","local_time":"20201225002619","is_ascension_mode":true,"campfire_choices":[{"data":"Self Repair","floor":10.0,"key":"SMITH"},{"data":"Loop","floor":13.0,"key":"SMITH"},{"data":"Melter","floor":15.0,"key":"SMITH"},{"floor":25.0,"key":"REST"},{"data":"Turbo","floor":28.0,"key":"SMITH"},{"floor":32.0,"key":"REST"}],"circlet_count":0,"master_deck":["AscendersBane","Strike_B","Defend_B+1","Defend_B","Defend_B","Defend_B","Zap+1","Dualcast+1","Self Repair+1","Melter+1","Loop+1","Sweeping Beam","Sweeping Beam","Leap","Seek","Cold Snap+1","Coolheaded+1","Coolheaded","Gash","Turbo+1","Gash","Gash","Reinforced Body","Defragment","Rainbow","Hologram+1","Panacea","Bandage Up","Redo+1"],"relics":["Cracked Core","NeowsBlessing","Nunchaku","War Paint","TheAbacus","Runic Pyramid","Ancient Tea Set","Dream Catcher","Nuclear Battery"],"acts_visited":["Exordium","TheCity","TheBeyond"],"potions_floor_usage":[],"damage_taken":[{"damage":0.0,"enemies":"2 Louse","floor":1.0,"turns":1.0},{"damage":0.0,"enemies":"Cultist","floor":3.0,"turns":1.0},{"damage":0.0,"enemies":"Small Slimes","floor":4.0,"turns":1.0},{"damage":12.0,"enemies":"Looter","floor":5.0,"turns":4.0},{"damage":45.0,"enemies":"Gremlin Nob","floor":7.0,"turns":5.0},{"damage":20.0,"enemies":"Large Slime","floor":11.0,"turns":5.0},{"damage":18.0,"enemies":"Exordium Thugs","floor":14.0,"turns":3.0},{"damage":16.0,"enemies":"The Guardian","floor":16.0,"turns":8.0},{"damage":20.0,"enemies":"Shell Parasite","floor":18.0,"turns":4.0},{"damage":14.0,"enemies":"3 Byrds","floor":22.0,"turns":5.0},{"damage":19.0,"enemies":"Book of Stabbing","floor":23.0,"turns":7.0},{"damage":22.0,"enemies":"Snake Plant","floor":24.0,"turns":5.0},{"damage":28.0,"enemies":"Snecko","floor":27.0,"turns":9.0},{"damage":3.0,"enemies":"Centurion and Healer","floor":29.0,"turns":7.0},{"damage":0.0,"enemies":"Chosen and Byrds","floor":30.0,"turns":7.0},{"damage":27.0,"enemies":"Snake Plant","floor":31.0,"turns":4.0},{"damage":34.0,"enemies":"Collector","floor":33.0,"turns":11.0},{"damage":16.0,"enemies":"Orb Walker","floor":35.0,"turns":3.0},{"damage":22,"enemies":"3 Darklings","floor":38,"turns":6},{"damage":0,"enemies":"4 Shapes","floor":39,"turns":1}],"seed_played":"-8967678020992250634","potions_obtained":[{"floor":1.0,"key":"Swift Potion"},{"floor":3.0,"key":"SkillPotion"},{"floor":7.0,"key":"LiquidBronze"},{"floor":14.0,"key":"EntropicBrew"},{"floor":27.0,"key":"SpeedPotion"},{"floor":30.0,"key":"Fire Potion"},{"floor":31.0,"key":"DuplicationPotion"},{"floor":35.0,"key":"Regen Potion"}],"is_trial":false,"path_per_floor":["M","?","M","M","M","?","E","?","T","R","M","$","R","M","R","B",null,"M","?","$","?","M","E","M","R","T","M","R","M","M","M","R","B",null,"M","?","?","M","M"],"character_chosen":"DEFECT","items_purchased":["TheAbacus","Coolheaded"],"campfire_rested":2,"item_purchase_floors":[12,20],"current_hp_per_floor":[68,68,68,68,63,63,25,50,50,50,40,40,40,32,32,26,63,53,53,53,53,49,40,28,50,50,32,32,39,49,32,54,30,64,58,48,48,40,40,40],"gold":249,"neow_bonus":"THREE_ENEMY_KILL","is_daily":false,"chose_seed":false,"campfire_upgraded":4,"win_rate":0.0,"timestamp":1608823579,"path_taken":["M","?","?","M","M","?","E","?","T","R","M","?","R","M","R","BOSS","M","?","$","?","M","E","M","R","T","M","R","M","?","?","R","BOSS","M","?","?","M","M"],"items_purchased_type":["Relic","Card"],"build_version":"2020-12-22","purchased_purges":2,"victory":false,"max_hp_per_floor":[75,75,75,75,75,75,75,75,75,75,75,75,75,75,75,75,75,75,75,75,75,75,75,75,75,75,75,75,75,75,75,75,75,75,75,75,75,75,75,75],"card_choices":[{"not_picked":["Darkness","BootSequence"],"picked":"Self Repair","floor":1.0},{"not_picked":["Beam Cell","Force Field"],"picked":"Melter","floor":3.0},{"not_picked":["Reinforced Body","Aggregate"],"picked":"Loop","floor":4.0},{"not_picked":["Beam Cell","Heatsinks"],"picked":"Sweeping Beam","floor":5.0},{"not_picked":["Rip and Tear","Steam","Beam Cell"],"picked":"SKIP","floor":7.0},{"not_picked":["Rip and Tear","Steam","Beam Cell"],"picked":"SKIP","floor":7.0},{"not_picked":["Streamline","Melter"],"picked":"Leap","floor":11.0},{"not_picked":["Reprogram","Leap","Sweeping Beam"],"picked":"SKIP","floor":14.0},{"not_picked":["Machine Learning","Buffer"],"picked":"Seek","floor":16.0},{"not_picked":["Genetic Algorithm+1","Barrage+1"],"picked":"Cold Snap+1","floor":18.0},{"not_picked":["Compile Driver","Steam+1","Reprogram"],"picked":"SKIP","floor":22.0},{"not_picked":["Seek","Ball Lightning"],"picked":"Gash","floor":23.0},{"not_picked":["Leap","Compile Driver","Rebound+1"],"picked":"SKIP","floor":24.0},{"not_picked":["Ball Lightning","Sunder+1"],"picked":"Turbo","floor":27.0},{"not_picked":["Rip and Tear","Compile Driver"],"picked":"Gash","floor":29.0},{"not_picked":["Coolheaded","Scrape"],"picked":"Gash","floor":30.0},{"not_picked":["Stack+1","Coolheaded"],"picked":"Reinforced Body","floor":31.0},{"not_picked":["Steam+1","Streamline+1"],"picked":"Defragment","floor":32.0},{"not_picked":["Multi-Cast","Machine Learning"],"picked":"Rainbow","floor":33.0},{"not_picked":["Beam Cell","Gash"],"picked":"Hologram+1","floor":35.0},{"not_picked":["Chrysalis","Blind"],"picked":"Panacea","floor":36},{"not_picked":["Chrysalis","HandOfGreed"],"picked":"Bandage Up","floor":36},{"not_picked":["Coolheaded","Ball Lightning"],"picked":"Redo+1","floor":38}],"player_experience":1003196,"relics_obtained":[{"floor":7.0,"key":"Nunchaku"},{"floor":9.0,"key":"War Paint"},{"floor":23.0,"key":"Ancient Tea Set"},{"floor":26.0,"key":"Dream Catcher"}],"event_choices":[{"damage_healed":0.0,"max_hp_gain":0.0,"max_hp_loss":0.0,"gold_gain":0.0,"event_name":"Upgrade Shrine","player_choice":"Upgraded","floor":2.0,"gold_loss":0.0,"damage_taken":0.0,"cards_upgraded":["Zap"]},{"damage_healed":0.0,"max_hp_gain":0.0,"max_hp_loss":0.0,"gold_gain":0.0,"cards_transformed":["Strike_B"],"event_name":"Living Wall","player_choice":"Change","floor":6.0,"gold_loss":0.0,"damage_taken":0.0,"cards_obtained":["Sweeping Beam"]},{"damage_healed":25.0,"max_hp_gain":0.0,"max_hp_loss":0.0,"gold_gain":0.0,"event_name":"Big Fish","player_choice":"Banana","floor":8.0,"gold_loss":0.0,"damage_taken":0.0},{"damage_healed":0.0,"max_hp_gain":0.0,"max_hp_loss":0.0,"gold_gain":0.0,"event_name":"The Library","player_choice":"Read","floor":19.0,"gold_loss":0.0,"damage_taken":0.0,"cards_obtained":["Coolheaded"]},{"damage_healed":0.0,"max_hp_gain":0.0,"max_hp_loss":0.0,"gold_gain":0.0,"event_name":"Upgrade Shrine","player_choice":"Upgraded","floor":21.0,"gold_loss":0.0,"damage_taken":0.0,"cards_upgraded":["Coolheaded"]},{"damage_healed":0,"gold_gain":0,"player_choice":"Memory 3","damage_taken":10,"max_hp_gain":0,"max_hp_loss":0,"event_name":"SensoryStone","floor":36,"gold_loss":0},{"damage_healed":0,"gold_gain":0,"player_choice":"Ignored","damage_taken":0,"max_hp_gain":0,"max_hp_loss":0,"event_name":"Tomb of Lord Red Mask","floor":37,"gold_loss":0}],"is_beta":false,"boss_relics":[{"not_picked":["SlaversCollar","Runic Dome"],"picked":"Runic Pyramid"},{"not_picked":["Cursed Key","SacredBark"],"picked":"Nuclear Battery"}],"items_purged_floors":[12,20],"is_endless":false,"potions_floor_spawned":[1,3,7,14,27,30,31,35],"killed_by":"4 Shapes","ascension_level":10}}