{"host":"12piqfhmdln9x2la","time":1608830816,"event":{"mods":["2.2 Compatiblity","AchievementEnabler","BaseMod","BetterRewards","Colored Powertips","Minty Spire (QoL Compilation)","Quick Restart","SuperFastMode"],"gold_per_floor":[113,113,188,206,206,233,3,34,34,62,62,80,9,32,32,130,130,140,140,140,156,156,156,156,156,156],"floor_reached":25,"playtime":384,"items_purged":["Defend_R"],"score":289,"play_id":"866300dd-2303-4b5a-b932-efb0de22548c","local_time":"20201225022656","is_ascension_mode":true,"campfire_choices":[{"floor":11,"key":"RECALL"},{"data":"Feed","floor":15,"key":"SMITH"},{"data":"RitualDagger","floor":23,"key":"SMITH"}],"circlet_count":0,"master_deck":["Defend_R","Defend_R","Bash","Armaments","Rage","Heavy Blade","Feed+1","Cleave","Bloodletting+1","Armaments+1","Heavy Blade","Impervious+1","Hemokinesis","RitualDagger+1","Bite","Bite","Bite","Bite","Bite","Flex+1","Shame"],"relics":["Burning Blood","NeowsBlessing","Toxic Egg 2","Bronze Scales","Bag of Marbles","Strawberry","Nunchaku","Black Star","Toy Ornithopter"],"acts_visited":["Exordium","TheCity"],"potions_floor_usage":[10,16,16,25],"damage_taken":[{"damage":0,"enemies":"Jaw Worm","floor":1,"turns":1},{"damage":0,"enemies":"2 Louse","floor":4,"turns":1},{"damage":0,"enemies":"Lagavulin","floor":6,"turns":1},{"damage":22,"enemies":"3 Sentries","floor":8,"turns":9},{"damage":15,"enemies":"Gremlin Nob","floor":10,"turns":3},{"damage":8,"enemies":"Small Slimes","floor":12,"turns":2},{"damage":26,"enemies":"Slime Boss","floor":16,"turns":6},{"damage":48,"enemies":"Shell Parasite","floor":18,"turns":7},{"damage":17,"enemies":"Chosen","floor":21,"turns":2},{"damage":56,"enemies":"Gremlin Leader","floor":25,"turns":5}],"seed_played":"306751552071274725","potions_obtained":[{"floor":1,"key":"SpeedPotion"},{"floor":8,"key":"PowerPotion"},{"floor":10,"key":"AttackPotion"},{"floor":12,"key":"DistilledChaos"}],"is_trial":false,"path_per_floor":["M","?","?","M","?","E","$","E","T","E","R","M","$","T","R","B",null,"M","?","?","M","?","R","?","E"],"character_chosen":"IRONCLAD","items_purchased":["Bronze Scales","Armaments+1","Heavy Blade"],"campfire_rested":0,"item_purchase_floors":[7,13,13],"current_hp_per_floor":[80,80,69,75,68,74,74,58,58,59,59,60,60,60,60,40,93,55,49,49,44,44,44,44,0,0],"gold":156,"neow_bonus":"THREE_ENEMY_KILL","is_daily":false,"chose_seed":false,"campfire_upgraded":2,"win_rate":0.0,"timestamp":1608830816,"path_taken":["M","?","?","M","?","E","$","E","T","E","R","M","?","?","R","BOSS","M","?","?","M","?","R","?","E"],"items_purchased_type":["Relic","Card","Card"],"build_version":"2020-12-22","purchased_purges":1,"victory":false,"max_hp_per_floor":[80,80,80,80,80,80,80,80,80,90,90,93,93,93,93,93,93,97,97,67,71,71,71,71,71,71],"card_choices":[{"not_picked":["Rampage","Clash"],"picked":"Armaments","floor":1},{"not_picked":["Dark Embrace","Perfected Strike"],"picked":"Rage","floor":4},{"not_picked":["Shrug It Off+1","Headbutt"],"picked":"Heavy Blade","floor":6},{"not_picked":["Armaments+1","True Grit+1"],"picked":"Feed","floor":8},{"not_picked":["Warcry+1","Headbutt"],"picked":"Cleave","floor":10},{"not_picked":["Warcry+1","Perfected Strike"],"picked":"Bloodletting+1","floor":12},{"not_picked":["Fiend Fire","Barricade"],"picked":"Impervious+1","floor":16},{"not_picked":["Warcry+1","Second Wind+1"],"picked":"Hemokinesis","floor":18},{"not_picked":["Fire Breathing","Evolve"],"picked":"Flex+1","floor":21}],"player_experience":117771,"relics_obtained":[{"floor":6,"key":"Toxic Egg 2"},{"floor":8,"key":"Bag of Marbles"},{"floor":10,"key":"Strawberry"},{"floor":14,"key":"Nunchaku"}],"event_choices":[{"cards_removed":["Strike_R"],"damage_healed":0,"gold_gain":0,"player_choice":"Forget","damage_taken":0,"max_hp_gain":0,"max_hp_loss":0,"event_name":"Living Wall","floor":2,"gold_loss":0},{"damage_healed":0,"gold_gain":75,"player_choice":"Gather Gold","damage_taken":11,"max_hp_gain":0,"max_hp_loss":0,"event_name":"World of Goop","floor":3,"gold_loss":0},{"cards_removed":["Defend_R"],"damage_healed":0,"gold_gain":0,"player_choice":"Card Removal","damage_taken":7,"max_hp_gain":0,"max_hp_loss":0,"event_name":"Golden Wing","floor":5,"gold_loss":0},{"damage_healed":0,"gold_gain":0,"player_choice":"Joined the Cult","damage_taken":6,"max_hp_gain":0,"max_hp_loss":0,"event_name":"Nest","floor":19,"gold_loss":0,"cards_obtained":["RitualDagger"]},{"damage_healed":0,"gold_gain":0,"player_choice":"Became a vampire","damage_taken":0,"max_hp_gain":0,"max_hp_loss":30,"event_name":"Vampires","floor":20,"gold_loss":0,"cards_obtained":["Bite","Bite","Bite","Bite","Bite"]},{"damage_healed":0,"gold_gain":0,"player_choice":"Ignored","damage_taken":0,"max_hp_gain":0,"max_hp_loss":0,"event_name":"Ghosts","floor":22,"gold_loss":0},{"damage_healed":0,"gold_gain":0,"player_choice":"Stole Relic","damage_taken":0,"relics_obtained":["Toy Ornithopter"],"max_hp_gain":0,"max_hp_loss":0,"event_name":"Addict","floor":24,"gold_loss":0,"cards_obtained":["Shame"]}],"is_beta":false,"boss_relics":[{"not_picked":["Busted Crown","Snecko Eye"],"picked":"Black Star"}],"items_purged_floors":[7],"is_endless":false,"potions_floor_spawned":[1,8,10,12],"killed_by":"Gremlin Leader","ascension_level":2}}