{"host":"cgaibh95wzkurumv","time":1608845411,"event":{"mods":["BaseMod","Minty Spire (QoL Compilation)","Replay The Spire","StSLib","The Runesmith"],"gold_per_floor":[114,114,133,152,2,40,59,78,78,97,135,135,173,192,192,317,317,336,355,374,393,195,195,233,233,283,283,302,401,420,439,439,564,564,583,602,327,346,346,384,384,403,478,516,849,864,894,966,966,966],"floor_reached":51,"playtime":3443,"items_purged":["Injury"],"score":908,"play_id":"22089c6c-674e-463a-a303-6beba350f527","local_time":"20201224183011","daily_mods":["Insanity","Purple Cards","DeadlyEvents"],"is_ascension_mode":false,"campfire_choices":[{"data":"Buffer","floor":12,"key":"SMITH"},{"data":"Defragment","floor":15,"key":"SMITH"},{"data":"Crystallizer","floor":23,"key":"SMITH"},{"data":"Creative AI","floor":27,"key":"SMITH"},{"data":"White Noise","floor":32,"key":"SMITH"},{"data":"Vault","floor":41,"key":"SMITH"},{"floor":49,"key":"DIG"}],"circlet_count":0,"master_deck":["Coolheaded","Crescendo","Self Repair","SashWhip","Fusion","ReachHeaven","CrushJoints","Aggregate","Replay:Anticipation","Steam","BowlingBash","Stack","ForeignInfluence","Go for the Eyes","Prostrate","Sweeping Beam","CutThroughFate","Crescendo","Streamline","Meditate","Swivel","CrushJoints","Turbo","Wireheading","FlurryOfBlows","Capacitor","Go for the Eyes","Consume+1","BootSequence","SashWhip","Defragment+1","Redo","Sweeping Beam","Streamline","Self Repair","Panic Button","Cold Snap","Barrage","Glacier","Panic Button","Coolheaded","EmptyFist","ReplayTheSpireMod:Repulse","ThirdEye","FearNoEvil","Leap","Lockon","White Noise+1","ClearTheMind","Buffer+1","Scrape","Compile Driver","Creative AI+1","Conclude+1","Biased Cognition+1","Glacier+1","WindmillStrike","Leap+1","Crystallizer+1","Injury","Vault+1","Spreading Infection","SandsOfTime","Injury"],"relics":["Cracked Core","Membership Card","Vajra","Bottled Lightning","MealTicket","Counterbalance","Replay:Grab Bag","Cursed Key","Busted Crown","Astrolabe","Inserter","Carrot","Replay:Rubber Ducky","MutagenicStrength","Bag of Preparation","Replay:Ancient Bell","Omamori","Replay:Bottled Flurry","Replay:Towering Pillar of Hats","Oddly Smooth Stone","Replay:Bottled Steam","Frozen Eye","Prayer Wheel","Dream Catcher","Eternal Feather","Shovel","Question Card","Bag of Marbles","TungstenRod"],"acts_visited":["Exordium","TheCity","TheBeyond"],"potions_floor_usage":[10,18,31,31,46,50,50],"damage_taken":[{"damage":0,"enemies":"Small Slimes","floor":1,"turns":3},{"damage":0,"enemies":"Jaw Worm","floor":3,"turns":2},{"damage":0,"enemies":"Cultist","floor":4,"turns":3},{"damage":6,"enemies":"Replay:BlueRogue","floor":6,"turns":7},{"damage":0,"enemies":"Lots of Slimes","floor":7,"turns":4},{"damage":0,"enemies":"2 Fungi Beasts","floor":8,"turns":3},{"damage":1,"enemies":"3 Louse","floor":10,"turns":3},{"damage":14,"enemies":"Gremlin Nob","floor":11,"turns":4},{"damage":12,"enemies":"3 Sentries","floor":13,"turns":5},{"damage":0,"enemies":"Large Slime","floor":14,"turns":7},{"damage":26,"enemies":"Slime Boss","floor":16,"turns":9},{"damage":10,"enemies":"2 Thieves","floor":18,"turns":3},{"damage":0,"enemies":"Shell Parasite","floor":19,"turns":4},{"damage":14,"enemies":"Snake Plant","floor":20,"turns":5},{"damage":5,"enemies":"Chosen and Byrds","floor":21,"turns":5},{"damage":14,"enemies":"Replay:Snechameleon","floor":24,"turns":6},{"damage":2,"enemies":"Sentry and Sphere","floor":28,"turns":4},{"damage":19,"enemies":"Snake Plant","floor":30,"turns":5},{"damage":2,"enemies":"Snecko","floor":31,"turns":4},{"damage":2,"enemies":"Champ","floor":33,"turns":14},{"damage":0,"enemies":"3 Darklings","floor":35,"turns":5},{"damage":0,"enemies":"Orb Walker","floor":36,"turns":1},{"damage":14,"enemies":"Maw","floor":38,"turns":10},{"damage":2,"enemies":"Giant Head","floor":40,"turns":13},{"damage":2,"enemies":"4 Shapes","floor":42,"turns":3},{"damage":21,"enemies":"Reptomancer","floor":44,"turns":13},{"damage":5,"enemies":"Writhing Mass","floor":46,"turns":6},{"damage":0,"enemies":"Giant Head","floor":47,"turns":10},{"damage":7,"enemies":"Donu and Deca","floor":50,"turns":11}],"seed_played":"-4388098555046818604","potions_obtained":[{"floor":6,"key":"Explosive Potion"},{"floor":8,"key":"DistilledChaos"},{"floor":10,"key":"AttackPotion"},{"floor":11,"key":"SpeedPotion"},{"floor":14,"key":"ColorlessPotion"},{"floor":18,"key":"Energy Potion"},{"floor":31,"key":"SpeedPotion"},{"floor":36,"key":"Swift Potion"},{"floor":47,"key":"SkillPotion"},{"floor":48,"key":"LiquidBronze"}],"is_trial":false,"path_per_floor":["M","?","M","M","$","E","M","M","T","M","E","R","E","M","R","B",null,"M","M","M","M","$","R","E","?","T","R","M","?","M","M","R","B",null,"M","M","$","M","?","E","R","M","T","E","?","M","E","?","R","B",null],"character_chosen":"DEFECT","items_purchased":["Membership Card","Carrot","Crystallizer","Oddly Smooth Stone","Replay:Bottled Steam","Frozen Eye"],"campfire_rested":0,"item_purchase_floors":[5,22,22,37,37,37],"current_hp_per_floor":[75,75,75,75,75,69,75,75,75,75,61,61,56,63,63,44,75,65,65,51,53,68,68,61,61,61,61,59,59,40,38,38,43,75,75,75,75,75,75,75,75,73,73,66,66,68,75,57,75,75],"gold":966,"neow_bonus":"","is_daily":true,"chose_seed":false,"campfire_upgraded":6,"win_rate":0.0,"timestamp":1608845411,"path_taken":["M","?","M","M","$","E","?","?","T","M","E","R","?","M","R","BOSS","M","?","M","M","$","R","E","?","T","R","M","?","M","M","R","BOSS","M","M","$","M","?","E","R","M","T","?","?","?","?","?","R","BOSS"],"items_purchased_type":["Relic","Relic","Card","Relic","Relic","Relic"],"build_version":"2020-12-22","purchased_purges":1,"victory":true,"max_hp_per_floor":[75,75,75,75,75,75,75,75,75,75,75,75,75,75,75,75,75,75,75,75,75,75,75,75,75,75,75,75,75,75,75,75,75,75,75,75,75,75,75,75,75,75,75,75,75,75,75,75,75,75],"card_choices":[{"not_picked":["Compile Driver","Gash"],"picked":"White Noise","floor":1},{"not_picked":["Ball Lightning","ThirdEye","Replay:BluntJabs"],"picked":"SKIP","floor":3},{"not_picked":["LikeWater","Prostrate","Consecrate"],"picked":"SKIP","floor":4},{"not_picked":["BowlingBash","Streamline"],"picked":"ClearTheMind","floor":6},{"not_picked":["Blizzard","Redo"],"picked":"Buffer","floor":7},{"not_picked":["CrushJoints","Hologram","Prostrate"],"picked":"SKIP","floor":8},{"not_picked":["Turbo","White Noise"],"picked":"Scrape","floor":10},{"not_picked":["Thunder Strike","JustLucky"],"picked":"Compile Driver","floor":11},{"not_picked":["Time Bomb","Halt"],"picked":"Creative AI","floor":13},{"not_picked":["Redo","Prostrate","Sunder"],"picked":"SKIP","floor":14},{"not_picked":["JustLucky"],"picked":"SKIP","floor":18},{"not_picked":["BootSequence"],"picked":"SKIP","floor":19},{"not_picked":[],"picked":"WindmillStrike","floor":20},{"not_picked":[],"picked":"Leap+1","floor":21},{"not_picked":["Streamline"],"picked":"SKIP","floor":24},{"not_picked":["Consecrate"],"picked":"SKIP","floor":28},{"not_picked":["FollowUp"],"picked":"SKIP","floor":30},{"not_picked":["Capacitor+1"],"picked":"SKIP","floor":31},{"not_picked":[],"picked":"Vault","floor":33},{"not_picked":[],"picked":"Looming Evil","floor":34},{"not_picked":[],"picked":"Replay:Hysterical Blindness","floor":34},{"not_picked":[],"picked":"Spreading Infection","floor":34},{"not_picked":["Melter"],"picked":"SKIP","floor":35},{"not_picked":["Double Energy"],"picked":"SKIP","floor":36},{"not_picked":[],"picked":"ReplayTheSpireMod:Fabricate Wheel","floor":38},{"not_picked":["Chaos"],"picked":"SKIP","floor":40},{"not_picked":[],"picked":"SandsOfTime","floor":42},{"not_picked":["Replay:ManipulateFuture+1"],"picked":"SKIP","floor":42},{"not_picked":["Brilliance"],"picked":"SKIP","floor":44},{"not_picked":["Sweeping Beam+1"],"picked":"SKIP","floor":46},{"not_picked":["Replay:AtTheReady"],"picked":"SKIP","floor":46},{"not_picked":["MentalFortress+1"],"picked":"SKIP","floor":47}],"player_experience":240319,"relics_obtained":[{"floor":6,"key":"Vajra"},{"floor":9,"key":"Bottled Lightning"},{"floor":11,"key":"MealTicket"},{"floor":13,"key":"Counterbalance"},{"floor":24,"key":"Replay:Rubber Ducky"},{"floor":26,"key":"Bag of Preparation"},{"floor":40,"key":"Dream Catcher"},{"floor":43,"key":"Eternal Feather"},{"floor":44,"key":"Shovel"},{"floor":47,"key":"Question Card"},{"floor":48,"key":"Bag of Marbles"},{"floor":49,"key":"TungstenRod"}],"event_choices":[{"damage_healed":0,"gold_gain":0,"player_choice":"Take Wound","damage_taken":0,"relics_obtained":["Golden Idol"],"max_hp_gain":0,"max_hp_loss":0,"event_name":"Golden Idol","floor":2,"gold_loss":0,"cards_obtained":["Injury"]},{"damage_healed":0,"gold_gain":0,"player_choice":"Inject Mutagens","damage_taken":0,"relics_obtained":["MutagenicStrength"],"max_hp_gain":0,"max_hp_loss":0,"event_name":"Drug Dealer","floor":25,"gold_loss":0},{"damage_healed":0,"gold_gain":99,"player_choice":"Stole From Cult","damage_taken":0,"max_hp_gain":0,"max_hp_loss":0,"event_name":"Nest","floor":29,"gold_loss":0},{"damage_healed":0,"gold_gain":0,"player_choice":"Forge","damage_taken":0,"max_hp_gain":0,"max_hp_loss":0,"event_name":"Accursed Blacksmith","floor":39,"gold_loss":0,"cards_upgraded":["Consume"]},{"damage_healed":0,"gold_gain":333,"player_choice":"Gave Idol","damage_taken":0,"max_hp_gain":0,"max_hp_loss":0,"event_name":"The Moai Head","floor":45,"relics_lost":["Golden Idol"],"gold_loss":0}],"is_beta":false,"boss_relics":[{"not_picked":["Snecko Eye","ReplayTheSpireMod:DimensionalGlitch"],"picked":"Replay:Grab Bag"},{"not_picked":["Replay:Wanted Poster","Sozu"],"picked":"Cursed Key"},{"not_picked":["ChewingGum","Velvet Choker"],"picked":"Busted Crown"},{"not_picked":["Kintsugi","SacredBark"],"picked":"Astrolabe"},{"not_picked":["Snecko Heart","Ring of Chaos"],"picked":"Inserter"},{"not_picked":["Tiny House","Fusion Hammer"],"picked":"Replay:Ancient Bell"},{"not_picked":["Blue Doll","Ancient Tea Set"],"picked":"Omamori"},{"not_picked":["Pear","InkBottle"],"picked":"Replay:Bottled Flurry"},{"not_picked":["Prayer Wheel","Dead Branch"],"picked":"Replay:Towering Pillar of Hats"}],"items_purged_floors":[22],"is_endless":false,"potions_floor_spawned":[6,8,10,11,14,18,21,31,36,42,47],"ascension_level":0}}