{"host":"5dzuyvrjb30uqvwu","time":1608789664,"event":{"mods":["AchievementEnabler","BaseMod","Colored Powertips","Lobotomy","Minty Spire (QoL Compilation)","Quick Restart","slay the spire mod where everything is the same but ironclad has a cowboy hat"],"gold_per_floor":[115,129,148,148,167,167,185,198,198,239,119,119,119,135,135,266,266,291,291,291,291],"floor_reached":20,"playtime":1478,"items_purged":["Adoration"],"score":176,"play_id":"52433e00-5952-4ee4-9f76-0ee69ffb7966","local_time":"20201223220104","is_ascension_mode":false,"campfire_choices":[{"floor":15,"key":"REST"}],"circlet_count":0,"master_deck":["SpecialBullet","SpecialBullet","SpecialBullet","SpecialBullet","SpecialBullet","SpecialBullet","SpecialBullet","SpecialBullet","RecordCode","ExtractionCode","TrainingCode","OldLady","Heaven","WristCuter","VoidDream","Horn","InformationCode","FourthMatchFlame","Bloodbath","Penitence","WristCuter","Beak","DaCapo","PunishingBird","SoundOfStar","BearPaw+1","CrumblingArmor","TheSmile","Tough"],"relics":["CogitoBucket","Golden Idol","BehaviorAdjustment","Happy Flower","Du-Vu Doll","Black Star"],"acts_visited":["Exordium","TheCity"],"potions_floor_usage":[8,16],"damage_taken":[{"damage":0,"enemies":"Cultist","floor":1,"turns":2},{"damage":11,"enemies":"Jaw Worm","floor":2,"turns":3},{"damage":2,"enemies":"Small Slimes","floor":3,"turns":2},{"damage":7,"enemies":"3 Louse","floor":5,"turns":2},{"damage":0,"enemies":"2 Fungi Beasts","floor":7,"turns":2},{"damage":0,"enemies":"Looter","floor":8,"turns":6},{"damage":7,"enemies":"3 Sentries","floor":10,"turns":4},{"damage":10,"enemies":"Exordium Wildlife","floor":14,"turns":3},{"damage":21,"enemies":"Hexaghost","floor":16,"turns":8},{"damage":13,"enemies":"Chosen","floor":18,"turns":4},{"damage":66,"enemies":"3 Byrds","floor":20,"turns":3}],"seed_played":"4452803622278587138","potions_obtained":[{"floor":3,"key":"PowerPotion"},{"floor":7,"key":"Swift Potion"},{"floor":14,"key":"BlessingOfTheForge"}],"is_trial":false,"path_per_floor":["M","M","M","?","M","R","M","M","T","E","$","?","R","M","R","B",null,"M","?","M"],"character_chosen":"Angela","items_purchased":["WristCuter"],"campfire_rested":1,"item_purchase_floors":[11],"current_hp_per_floor":[70,59,57,40,33,33,33,33,33,26,26,19,19,10,31,12,70,61,61,0,0],"gold":291,"neow_bonus":"ONE_RANDOM_RARE_CARD","is_daily":false,"chose_seed":false,"campfire_upgraded":0,"win_rate":0.0,"timestamp":1608789664,"path_taken":["M","?","M","?","M","R","M","M","T","E","?","?","R","M","R","BOSS","M","?","M"],"items_purchased_type":["Card"],"build_version":"2020-12-22","purchased_purges":1,"victory":false,"max_hp_per_floor":[70,70,70,70,70,70,70,70,70,70,70,70,70,70,70,70,70,70,70,70,70],"card_choices":[{"not_picked":["OSAHOGD","SingingMachine"],"picked":"OldLady","floor":1},{"not_picked":["Harmony","Tough"],"picked":"SKIP","floor":1},{"not_picked":["Noise"],"picked":"Heaven","floor":2},{"not_picked":["Soda"],"picked":"LifeForTheDareDevil","floor":2},{"not_picked":["SolemnVow"],"picked":"WristCuter","floor":3},{"not_picked":["HeroicMonk","WallGazer"],"picked":"VoidDream","floor":5},{"not_picked":["SoundOfStar"],"picked":"Horn","floor":5},{"not_picked":["Horn"],"picked":"InTheNameOfLoveAndHate","floor":7},{"not_picked":["ScreamingWedge","Tough"],"picked":"SKIP","floor":8},{"not_picked":["Galaxy"],"picked":"FourthMatchFlame","floor":10},{"not_picked":["MeatLantern","Porccubus"],"picked":"Bloodbath","floor":10},{"not_picked":["Noise"],"picked":"Penitence","floor":10},{"not_picked":["SolemnVow"],"picked":"Beak","floor":14},{"not_picked":["ParadiseLost"],"picked":"DaCapo","floor":16},{"not_picked":["Freischutz","LittleHelper"],"picked":"PunishingBird","floor":16},{"not_picked":["Adoration"],"picked":"SoundOfStar","floor":16},{"not_picked":["Heaven"],"picked":"BearPaw+1","floor":18},{"not_picked":["WhitesApple","ShyLook"],"picked":"CrumblingArmor","floor":18},{"not_picked":["Penitence","Lantern"],"picked":"SKIP","floor":18}],"player_experience":322827,"relics_obtained":[{"floor":10,"key":"Happy Flower"}],"event_choices":[{"damage_healed":0,"gold_gain":0,"player_choice":"Take Damage","damage_taken":17,"relics_obtained":["Golden Idol"],"max_hp_gain":0,"max_hp_loss":0,"event_name":"Golden Idol","floor":4,"gold_loss":0},{"damage_healed":0,"gold_gain":0,"player_choice":"Success","damage_taken":7,"relics_obtained":["Du-Vu Doll"],"max_hp_gain":0,"max_hp_loss":0,"event_name":"Scrap Ooze","floor":12,"gold_loss":0},{"damage_healed":0,"gold_gain":0,"cards_transformed":["InTheNameOfLoveAndHate","LifeForTheDareDevil"],"player_choice":"Became Test Subject","damage_taken":0,"max_hp_gain":0,"max_hp_loss":0,"event_name":"Drug Dealer","floor":19,"gold_loss":0,"cards_obtained":["TheSmile","Tough"]}],"is_beta":false,"boss_relics":[{"not_picked":["Sozu","Calling Bell"],"picked":"Black Star"}],"items_purged_floors":[11],"is_endless":false,"potions_floor_spawned":[3,7,14],"killed_by":"3 Byrds","ascension_level":0}}