{"host":"Melcetto","time":1608786494,"event":{"mods":["AlwaysNeverKeys","BaseMod","Better Vampires","Colored Map","Colored Powertips","DeckTracker","Emptier Cage","Minty Spire (QoL Compilation)","Permanent Neow","Quick Restart","Random Character Button","Rare Cards Sparkle","Relic Sorter","Relic Stats","StSLib","Transform Curses"],"gold_per_floor":[113,113,129,148,148,148,33,66,90,108,108,151,164,207,207,309,381,414,414,79,98,123,156,156,181,181,16,16,59,109,143,143,231,231,249,249,259,1,26,26,57,69,81,122,153,202,214,244,256,268,280,292,304,39,74,74],"floor_reached":57,"playtime":6479,"items_purged":["Strike_R","Clash"],"score":3093,"play_id":"aca63aab-51c8-4c1b-a556-09b684a79f37","local_time":"20201224000814","is_ascension_mode":true,"campfire_choices":[{"data":"Rampage","floor":6.0,"key":"SMITH"},{"floor":11.0,"key":"REST"},{"data":"Demon Form","floor":15.0,"key":"SMITH"},{"data":"Armaments","floor":24.0,"key":"SMITH"},{"floor":28.0,"key":"REST"},{"floor":32.0,"key":"DIG"},{"floor":40.0,"key":"DIG"},{"floor":42.0,"key":"DIG"},{"floor":47.0,"key":"DIG"},{"floor":49.0,"key":"DIG"},{"floor":53.0,"key":"DIG"}],"circlet_count":0,"master_deck":["AscendersBane","Bash","Shrug It Off","Rampage+1","Evolve","Demon Form+1","Carnage+1","Barricade","Heavy Blade","Limit Break","Impervious","Uppercut","Exhume","Sword Boomerang+1","Intimidate","Demon Form","Armaments+1","Metallicize","Disarm","Metallicize+1","Exhume","Body Slam+1","Fiend Fire","Reaper","Heavy Blade","Dark Embrace"],"relics":["Snecko Eye","Bloody Idol","Art of War","Orichalcum","PreservedInsect","CeramicFish","Pandora\u0027s Box","Oddly Smooth Stone","Frozen Eye","Happy Flower","Vajra","Shuriken","Thread and Needle","Shovel","Bottled Flame","Philosopher\u0027s Stone","TheAbacus","Du-Vu Doll","Red Skull","MawBank","Whetstone","Akabeko","Torii","Bottled Tornado","Toy Ornithopter","Gambling Chip","Gremlin Horn","Bronze Scales","Ice Cream"],"acts_visited":["Exordium","TheCity","TheBeyond","TheEnding"],"potions_floor_usage":[56,56],"damage_taken":[{"damage":7.0,"enemies":"Jaw Worm","floor":1.0,"turns":3.0},{"damage":0.0,"enemies":"Small Slimes","floor":3.0,"turns":2.0},{"damage":0.0,"enemies":"Cultist","floor":4.0,"turns":3.0},{"damage":28.0,"enemies":"Gremlin Nob","floor":8.0,"turns":4.0},{"damage":0.0,"enemies":"Exordium Wildlife","floor":10.0,"turns":3.0},{"damage":7.0,"enemies":"Lagavulin","floor":12.0,"turns":6.0},{"damage":2.0,"enemies":"Exordium Thugs","floor":13.0,"turns":4.0},{"damage":14.0,"enemies":"3 Sentries","floor":14.0,"turns":4.0},{"damage":0.0,"enemies":"Hexaghost","floor":16.0,"turns":8.0},{"damage":13.0,"enemies":"Spheric Guardian","floor":18.0,"turns":4.0},{"damage":0.0,"enemies":"3 Byrds","floor":21.0,"turns":5.0},{"damage":9.0,"enemies":"Shelled Parasite and Fungi","floor":22.0,"turns":4.0},{"damage":8.0,"enemies":"Book of Stabbing","floor":23.0,"turns":4.0},{"damage":40.0,"enemies":"Slavers","floor":25.0,"turns":4.0},{"damage":0.0,"enemies":"Gremlin Leader","floor":29.0,"turns":4.0},{"damage":4.0,"enemies":"Book of Stabbing","floor":31.0,"turns":4.0},{"damage":35.0,"enemies":"Collector","floor":33.0,"turns":5.0},{"damage":0.0,"enemies":"3 Shapes","floor":35.0,"turns":5.0},{"damage":0.0,"enemies":"3 Darklings","floor":37.0,"turns":6.0},{"damage":2.0,"enemies":"Mind Bloom Boss Battle","floor":39.0,"turns":6.0},{"damage":36.0,"enemies":"Reptomancer","floor":41.0,"turns":4.0},{"damage":0.0,"enemies":"Nemesis","floor":44.0,"turns":5.0},{"damage":14.0,"enemies":"Maw","floor":45.0,"turns":7.0},{"damage":22.0,"enemies":"Reptomancer","floor":46.0,"turns":5.0},{"damage":1.0,"enemies":"Sphere and 2 Shapes","floor":48.0,"turns":5.0},{"damage":67.0,"enemies":"Awakened One","floor":50.0,"turns":7.0},{"damage":1.0,"enemies":"Time Eater","floor":51.0,"turns":6.0},{"damage":30.0,"enemies":"Shield and Spear","floor":55.0,"turns":4.0},{"damage":77,"enemies":"The Heart","floor":56,"turns":8}],"seed_played":"17808654259161727","potions_obtained":[{"floor":3.0,"key":"ElixirPotion"},{"floor":10.0,"key":"FearPotion"},{"floor":14.0,"key":"EntropicBrew"},{"floor":18.0,"key":"Strength Potion"},{"floor":21.0,"key":"EntropicBrew"},{"floor":25.0,"key":"Swift Potion"},{"floor":31.0,"key":"Strength Potion"},{"floor":45.0,"key":"SteroidPotion"},{"floor":46.0,"key":"FearPotion"},{"floor":55.0,"key":"Fire Potion"}],"is_trial":false,"path_per_floor":["M","?","M","M","?","R","$","E","T","M","R","E","M","E","R","B",null,"M","?","$","M","M","E","R","E","T","$","R","E","?","E","R","B",null,"M","?","M","$","?","R","E","R","T","E","M","E","R","M","R","B","B",null,"R","$","E","B",null],"character_chosen":"IRONCLAD","items_purchased":["Evolve","Oddly Smooth Stone","Frozen Eye","Exhume","TheAbacus","Bronze Scales","Dark Embrace","DistilledChaos"],"campfire_rested":2,"item_purchase_floors":[7,20,20,27,38,54,54,54],"current_hp_per_floor":[61,61,61,61,41,41,41,13,13,13,33,26,24,10,10,10,54,41,41,41,46,47,44,44,9,9,14,34,44,43,49,49,24,57,68,58,63,63,66,66,68,68,68,68,68,68,68,68,68,68,67,68,68,68,57,17],"gold":74,"neow_bonus":"BOSS_RELIC","is_daily":false,"chose_seed":false,"campfire_upgraded":3,"win_rate":0.0,"timestamp":1608786494,"path_taken":["M","?","M","M","?","R","?","E","T","M","R","E","M","E","R","BOSS","M","?","$","M","M","E","R","E","T","$","R","E","?","E","R","BOSS","M","?","M","$","?","R","E","R","T","E","M","E","R","M","R","BOSS","BOSS","R","$","E","BOSS"],"items_purchased_type":["Card","Relic","Relic","Card","Relic","Relic","Card","Potion"],"build_version":"2020-12-18","purchased_purges":2,"victory":true,"max_hp_per_floor":[75,68,68,68,68,68,68,68,68,68,68,68,68,68,68,68,68,68,68,68,68,68,68,68,68,68,68,68,68,68,68,68,68,68,68,68,68,68,68,68,68,68,68,68,68,68,68,68,68,68,68,68,68,68,68,68],"relic_stats":{"Happy Flower":[28],"Torii":35,"Gremlin Horn":[1,1],"counters":[29,139],"CeramicFish":162,"PreservedInsect":456,"Whetstone":["Sword Boomerang","Carnage"],"Orichalcum":[222],"MawBank":156,"Shovel":6,"TheAbacus":[120],"Shuriken":[7],"Bloody Idol":82,"Gambling Chip":[12],"Bronze Scales":[108],"Snecko Eye":[229,234,240,250],"Pandora\u0027s Box":["Uppercut","Exhume","Clash","Sword Boomerang","Intimidate","Demon Form","Armaments","Metallicize"],"Art of War":[25],"obtain_stats":[{"Ice Cream":55,"Torii":44,"Gremlin Horn":53,"CeramicFish":14,"Vajra":25,"Whetstone":42,"Bottled Tornado":46,"Burning Blood":0,"Frozen Eye":20,"Shovel":31,"TheAbacus":38,"Gambling Chip":49,"Philosopher\u0027s Stone":34,"Red Skull":40,"Happy Flower":23,"Golden Idol":2,"Oddly Smooth Stone":20,"Thread and Needle":29,"PreservedInsect":12,"Orichalcum":9,"MawBank":41,"Akabeko":43,"Du-Vu Doll":39,"Bottled Flame":32,"Shuriken":26,"Bloody Idol":19,"Bronze Scales":54,"Snecko Eye":0,"Pandora\u0027s Box":17,"Art of War":8,"Toy Ornithopter":47},{"Ice Cream":28,"Torii":22,"Gremlin Horn":27,"CeramicFish":8,"Vajra":14,"Whetstone":21,"Bottled Tornado":24,"Burning Blood":0,"Frozen Eye":10,"Shovel":16,"TheAbacus":19,"Gambling Chip":25,"Philosopher\u0027s Stone":17,"Red Skull":20,"Happy Flower":13,"Golden Idol":1,"Oddly Smooth Stone":10,"Thread and Needle":15,"PreservedInsect":6,"Orichalcum":4,"MawBank":21,"Akabeko":21,"Du-Vu Doll":20,"Bottled Flame":16,"Shuriken":14,"Bloody Idol":10,"Bronze Scales":27,"Snecko Eye":0,"Pandora\u0027s Box":9,"Art of War":4,"Toy Ornithopter":24},{"Ice Cream":131,"Torii":97,"Gremlin Horn":127,"CeramicFish":29,"Vajra":58,"Whetstone":92,"Bottled Tornado":109,"Burning Blood":0,"Frozen Eye":41,"Shovel":66,"TheAbacus":82,"Gambling Chip":114,"Philosopher\u0027s Stone":71,"Red Skull":88,"Happy Flower":54,"Golden Idol":3,"Oddly Smooth Stone":41,"Thread and Needle":62,"PreservedInsect":21,"Orichalcum":12,"MawBank":92,"Akabeko":92,"Du-Vu Doll":88,"Bottled Flame":66,"Shuriken":58,"Bloody Idol":41,"Bronze Scales":127,"Snecko Eye":0,"Pandora\u0027s Box":37,"Art of War":12,"Toy Ornithopter":109}],"Toy Ornithopter":15},"card_choices":[{"not_picked":["Flex","Combust"],"picked":"Shrug It Off","floor":1.0},{"not_picked":["Pommel Strike","Wild Strike"],"picked":"Rampage","floor":3.0},{"not_picked":["Clash","Body Slam","Rampage"],"picked":"SKIP","floor":4.0},{"not_picked":["Clash","Body Slam","Rampage"],"picked":"SKIP","floor":4.0},{"not_picked":["Cleave","Thunderclap"],"picked":"Demon Form","floor":8.0},{"not_picked":["Inflame","Entrench"],"picked":"Carnage","floor":10.0},{"not_picked":["Havoc","Carnage"],"picked":"Barricade","floor":12.0},{"not_picked":["Perfected Strike","Sever Soul"],"picked":"Heavy Blade","floor":13.0},{"not_picked":["Iron Wave","Dropkick"],"picked":"Limit Break","floor":14.0},{"not_picked":["Bludgeon","Limit Break"],"picked":"Impervious","floor":16.0},{"not_picked":["Havoc","Iron Wave"],"picked":"Disarm","floor":18.0},{"not_picked":["Perfected Strike","Flex","Clothesline"],"picked":"SKIP","floor":21.0},{"not_picked":["Searing Blow","Warcry"],"picked":"Metallicize+1","floor":22.0},{"not_picked":["Havoc","Clothesline","Sword Boomerang"],"picked":"SKIP","floor":23.0},{"not_picked":["Evolve","Headbutt","Ghostly Armor+1"],"picked":"SKIP","floor":25.0},{"not_picked":["Infernal Blade","Body Slam+1","Pommel Strike"],"picked":"SKIP","floor":29.0},{"not_picked":["Infernal Blade","Pommel Strike"],"picked":"Body Slam+1","floor":29.0},{"not_picked":["Power Through","Pummel"],"picked":"Fiend Fire","floor":31.0},{"not_picked":["Offering","Demon Form"],"picked":"Reaper","floor":33.0},{"not_picked":["Bloodletting+1","Ghostly Armor","Pommel Strike"],"picked":"SKIP","floor":35.0},{"not_picked":["Sentinel","Intimidate+1","Body Slam+1"],"picked":"SKIP","floor":37.0},{"not_picked":["Cleave","Clash+1","Warcry+1"],"picked":"SKIP","floor":41.0},{"not_picked":["Sever Soul+1","Seeing Red+1","Shrug It Off"],"picked":"SKIP","floor":44.0},{"not_picked":["Flex","Perfected Strike","Thunderclap"],"picked":"SKIP","floor":45.0},{"not_picked":["Rage","Fiend Fire"],"picked":"Heavy Blade","floor":46.0},{"not_picked":["Burning Pact","Sever Soul","Warcry+1"],"picked":"SKIP","floor":48.0},{"not_picked":["Iron Wave","Cleave","Heavy Blade"],"picked":"SKIP","floor":55.0}],"player_experience":18799645,"relics_obtained":[{"floor":8.0,"key":"Art of War"},{"floor":9.0,"key":"Orichalcum"},{"floor":12.0,"key":"PreservedInsect"},{"floor":14.0,"key":"CeramicFish"},{"floor":23.0,"key":"Happy Flower"},{"floor":25.0,"key":"Vajra"},{"floor":26.0,"key":"Shuriken"},{"floor":29.0,"key":"Thread and Needle"},{"floor":31.0,"key":"Shovel"},{"floor":32.0,"key":"Bottled Flame"},{"floor":39.0,"key":"Du-Vu Doll"},{"floor":40.0,"key":"Red Skull"},{"floor":41.0,"key":"MawBank"},{"floor":42.0,"key":"Whetstone"},{"floor":43.0,"key":"Akabeko"},{"floor":44.0,"key":"Torii"},{"floor":46.0,"key":"Bottled Tornado"},{"floor":47.0,"key":"Toy Ornithopter"},{"floor":49.0,"key":"Gambling Chip"},{"floor":53.0,"key":"Gremlin Horn"},{"floor":55.0,"key":"Ice Cream"}],"event_choices":[{"damage_healed":0.0,"max_hp_gain":0.0,"max_hp_loss":7.0,"gold_gain":0.0,"event_name":"Golden Idol","player_choice":"Lose Max HP","floor":2.0,"gold_loss":0.0,"damage_taken":0.0,"relics_obtained":["Golden Idol"]},{"damage_healed":0.0,"max_hp_gain":0.0,"max_hp_loss":0.0,"gold_gain":0.0,"event_name":"Shining Light","player_choice":"Entered Light","floor":5.0,"gold_loss":0.0,"damage_taken":20.0,"cards_upgraded":["Defend_R","Defend_R"]},{"damage_healed":0.0,"max_hp_gain":0.0,"max_hp_loss":0.0,"gold_gain":0.0,"event_name":"Forgotten Altar","player_choice":"Gave Idol","floor":19.0,"relics_lost":["Golden Idol"],"gold_loss":0.0,"damage_taken":0.0,"relics_obtained":["Bloody Idol"]},{"damage_healed":0.0,"max_hp_gain":0.0,"max_hp_loss":0.0,"gold_gain":50.0,"event_name":"FaceTrader","player_choice":"Touch","floor":30.0,"gold_loss":0.0,"damage_taken":6.0},{"damage_healed":0.0,"max_hp_gain":0.0,"max_hp_loss":0.0,"gold_gain":0.0,"event_name":"SensoryStone","player_choice":"Memory 3","floor":36.0,"gold_loss":0.0,"damage_taken":10.0},{"damage_healed":0.0,"max_hp_gain":0.0,"max_hp_loss":0.0,"gold_gain":0.0,"event_name":"MindBloom","player_choice":"Fight","floor":39.0,"gold_loss":0.0,"damage_taken":0.0}],"is_beta":true,"boss_relics":[{"not_picked":["Runic Pyramid","Calling Bell"],"picked":"Pandora\u0027s Box"},{"not_picked":["SacredBark","Empty Cage"],"picked":"Philosopher\u0027s Stone"}],"items_purged_floors":[7,38],"is_endless":false,"potions_floor_spawned":[3,10,14,18,21,25,31,45,46,55],"ascension_level":20}}