{"host":"f5gffvlv6a66yqkd","time":1608821039,"event":{"mods":["2.2 Compatiblity","BaseMod","Colored Map","DeckTracker","Keyboard Shortcuts","Minty Spire (QoL Compilation)","Permanent Neow","Quick Restart","Relic Stats","StSLib","SuperFastMode"],"gold_per_floor":[111,129,129,129,129,143,143,153,180,197,197,209,225,225,225,300,300,310,328,328,338,263,263,263,279,279,308,149,149,161,172,172,246,246,260,95,95,115,115,129,156,181,181,181,208,223,223,233,233,233,233,233,233,55,85,85,85],"floor_reached":56,"playtime":2283,"items_purged":["Defend_B","Sweeping Beam"],"score":1867,"play_id":"e73cb51d-8472-49af-b61f-87a4f025c932","local_time":"20201224234359","is_ascension_mode":true,"campfire_choices":[{"data":"Buffer","floor":7.0,"key":"SMITH"},{"data":"Conserve Battery","floor":11.0,"key":"SMITH"},{"data":"Undo","floor":15.0,"key":"SMITH"},{"data":"Biased Cognition","floor":23.0,"key":"SMITH"},{"data":"Defragment","floor":29.0,"key":"SMITH"},{"data":"Defragment","floor":32.0,"key":"SMITH"},{"data":"Machine Learning","floor":44.0,"key":"SMITH"},{"floor":49.0,"key":"RECALL"},{"data":"Capacitor","floor":53.0,"key":"SMITH"}],"circlet_count":0,"master_deck":["AscendersBane","Defend_B+1","Zap+1","Dualcast+1","Conserve Battery+1","Buffer+1","Doom and Gloom","Undo+1","Ball Lightning","Cold Snap","Rebound","Biased Cognition+1","Sunder+1","Self Repair+1","Sweeping Beam+1","Turbo","Glacier","Go for the Eyes","Defragment+1","Defragment+1","Creative AI","Redo","Double Energy","Machine Learning+1","Reboot","Chill+1","Capacitor+1","Loop"],"relics":["FrozenCore","Emotion Chip","Astrolabe","Vajra","OrangePellets","Regal Pillow","Bronze Scales","Mango","Pen Nib","Shovel","Ginger"],"acts_visited":["Exordium","TheCity","TheBeyond","TheEnding"],"potions_floor_usage":[56,56],"damage_taken":[{"damage":4.0,"enemies":"Small Slimes","floor":1.0,"turns":3.0},{"damage":1.0,"enemies":"2 Louse","floor":2.0,"turns":2.0},{"damage":0.0,"enemies":"Cultist","floor":6.0,"turns":3.0},{"damage":0.0,"enemies":"Blue Slaver","floor":8.0,"turns":4.0},{"damage":1.0,"enemies":"Exordium Wildlife","floor":10.0,"turns":2.0},{"damage":1.0,"enemies":"3 Louse","floor":12.0,"turns":2.0},{"damage":13.0,"enemies":"Large Slime","floor":13.0,"turns":5.0},{"damage":14.0,"enemies":"The Guardian","floor":16.0,"turns":15.0},{"damage":1.0,"enemies":"Spheric Guardian","floor":18.0,"turns":3.0},{"damage":12.0,"enemies":"2 Thieves","floor":19.0,"turns":4.0},{"damage":12.0,"enemies":"3 Cultists","floor":21.0,"turns":4.0},{"damage":16.0,"enemies":"Sentry and Sphere","floor":25.0,"turns":4.0},{"damage":19.0,"enemies":"Gremlin Leader","floor":27.0,"turns":7.0},{"damage":27.0,"enemies":"Cultist and Chosen","floor":30.0,"turns":5.0},{"damage":0.0,"enemies":"Snake Plant","floor":31.0,"turns":6.0},{"damage":17.0,"enemies":"Collector","floor":33.0,"turns":13.0},{"damage":20.0,"enemies":"3 Darklings","floor":35.0,"turns":7.0},{"damage":1.0,"enemies":"3 Shapes","floor":38.0,"turns":10.0},{"damage":3.0,"enemies":"Sphere and 2 Shapes","floor":40.0,"turns":6.0},{"damage":0.0,"enemies":"Nemesis","floor":41.0,"turns":12.0},{"damage":0.0,"enemies":"Mind Bloom Boss Battle","floor":42.0,"turns":9.0},{"damage":42.0,"enemies":"Giant Head","floor":45.0,"turns":13.0},{"damage":12.0,"enemies":"Writhing Mass","floor":46.0,"turns":5.0},{"damage":0.0,"enemies":"4 Shapes","floor":48.0,"turns":9.0},{"damage":3.0,"enemies":"Donu and Deca","floor":50.0,"turns":12.0},{"damage":6.0,"enemies":"Time Eater","floor":51.0,"turns":16.0},{"damage":18.0,"enemies":"Shield and Spear","floor":55.0,"turns":11.0},{"damage":80,"enemies":"The Heart","floor":56,"turns":14}],"seed_played":"3455790014603379119","potions_obtained":[{"floor":1.0,"key":"GamblersBrew"},{"floor":2.0,"key":"ColorlessPotion"},{"floor":6.0,"key":"Fruit Juice"},{"floor":12.0,"key":"LiquidMemories"},{"floor":19.0,"key":"SkillPotion"},{"floor":30.0,"key":"Swift Potion"},{"floor":33.0,"key":"AttackPotion"},{"floor":35.0,"key":"LiquidBronze"},{"floor":40.0,"key":"BlessingOfTheForge"},{"floor":46.0,"key":"AttackPotion"}],"is_trial":false,"path_per_floor":["M","M","?","?","?","M","R","M","T","M","R","M","M","?","R","B",null,"M","M","?","M","?","R","?","M","T","E","$","R","M","M","R","B",null,"M","$","?","M","?","M","E","?","T","R","E","M","?","M","R","B","B",null,"R","$","E","B"],"character_chosen":"DEFECT","items_purchased":["PotionOfCapacity","OrangePellets","Loop"],"campfire_rested":0,"item_purchase_floors":[28,36,54],"current_hp_per_floor":[60,59,52,31,31,31,31,31,31,30,30,34,21,21,21,7,59,68,66,66,64,64,64,64,58,58,49,49,49,22,32,32,25,63,53,53,53,62,62,69,76,90,90,90,58,56,56,66,66,73,77,87,87,87,79,0,0],"gold":85,"neow_bonus":"ONE_RARE_RELIC","is_daily":false,"chose_seed":false,"campfire_upgraded":8,"win_rate":0.0,"timestamp":1608821039,"path_taken":["M","M","?","?","?","M","R","M","T","M","R","M","?","?","R","BOSS","M","M","?","M","?","R","?","M","T","E","$","R","?","M","R","BOSS","M","$","?","?","?","M","E","?","T","R","E","M","?","M","R","BOSS","BOSS","R","$","E","BOSS"],"items_purchased_type":["Potion","Relic","Card"],"build_version":"2020-12-22","purchased_purges":2,"victory":false,"max_hp_per_floor":[71,71,71,71,71,71,71,71,71,71,71,76,76,76,76,76,76,76,76,76,76,76,76,76,76,76,76,76,76,76,76,76,76,76,76,76,76,76,76,76,76,90,90,90,90,90,90,90,90,90,90,90,90,90,90,90,90],"relic_stats":{"OrangePellets":[18],"Emotion Chip":[77,31,40,6,0],"Regal Pillow":0,"Shovel":0,"counters":[28,206],"Astrolabe":["Sunder","Self Repair","Sweeping Beam"],"Bronze Scales":[489],"Pen Nib":[9],"Ginger":[2],"obtain_stats":[{"OrangePellets":36,"Emotion Chip":0,"Regal Pillow":37,"Shovel":45,"Astrolabe":17,"Bronze Scales":41,"Vajra":27,"Mango":42,"Pen Nib":43,"Ginger":55,"Cracked Core":0,"FrozenCore":34},{"OrangePellets":17,"Emotion Chip":0,"Regal Pillow":17,"Shovel":22,"Astrolabe":8,"Bronze Scales":20,"Vajra":13,"Mango":21,"Pen Nib":21,"Ginger":27,"Cracked Core":0,"FrozenCore":16},{"OrangePellets":89,"Emotion Chip":0,"Regal Pillow":89,"Shovel":139,"Astrolabe":36,"Bronze Scales":117,"Vajra":58,"Mango":126,"Pen Nib":126,"Ginger":192,"Cracked Core":0,"FrozenCore":82}],"FrozenCore":[40]},"card_choices":[{"not_picked":["Go for the Eyes","Leap"],"picked":"Conserve Battery","floor":1.0},{"not_picked":["Undo","Consume"],"picked":"Sweeping Beam","floor":2.0},{"not_picked":["BootSequence","Beam Cell"],"picked":"Buffer","floor":6.0},{"not_picked":["Turbo","Streamline"],"picked":"Doom and Gloom","floor":8.0},{"not_picked":["Conserve Battery","Loop"],"picked":"Undo","floor":10.0},{"not_picked":["Leap","Reprogram"],"picked":"Ball Lightning","floor":12.0},{"not_picked":["Machine Learning","Stack"],"picked":"Cold Snap","floor":13.0},{"not_picked":["Echo Form","All For One"],"picked":"Biased Cognition","floor":16.0},{"not_picked":["Barrage","Beam Cell"],"picked":"Turbo","floor":18.0},{"not_picked":["Gash","Steam+1"],"picked":"Glacier","floor":19.0},{"not_picked":["Cold Snap","Turbo"],"picked":"Go for the Eyes","floor":21.0},{"not_picked":["Aggregate","Go for the Eyes","Gash"],"picked":"SKIP","floor":25.0},{"not_picked":["White Noise+1","Turbo"],"picked":"Defragment","floor":27.0},{"not_picked":["Static Discharge","Sweeping Beam"],"picked":"Defragment","floor":30.0},{"not_picked":["Coolheaded","Stack","Steam Power"],"picked":"SKIP","floor":31.0},{"not_picked":["Machine Learning","Multi-Cast"],"picked":"Creative AI","floor":33.0},{"not_picked":["Melter","Cold Snap"],"picked":"Redo","floor":35.0},{"not_picked":["Redo","Stack","Force Field+1"],"picked":"SKIP","floor":38.0},{"not_picked":["Hello World+1","Beam Cell"],"picked":"Double Energy","floor":40.0},{"not_picked":["Melter","Leap"],"picked":"Machine Learning","floor":41.0},{"not_picked":["Beam Cell","Cold Snap"],"picked":"Reboot","floor":45.0},{"not_picked":["Redo","Compile Driver+1"],"picked":"Chill","floor":46.0},{"not_picked":["Barrage","Steam"],"picked":"Capacitor","floor":48.0},{"not_picked":["Leap","Streamline","Stack"],"picked":"SKIP","floor":55.0}],"player_experience":1476959,"relics_obtained":[{"floor":27.0,"key":"Vajra"},{"floor":41.0,"key":"Bronze Scales"},{"floor":42.0,"key":"Mango"},{"floor":43.0,"key":"Pen Nib"},{"floor":45.0,"key":"Shovel"},{"floor":55.0,"key":"Ginger"}],"event_choices":[{"cards_removed":["Injury"],"damage_healed":0.0,"max_hp_gain":0.0,"max_hp_loss":0.0,"gold_gain":0.0,"event_name":"Golden Wing","player_choice":"Card Removal","floor":3.0,"gold_loss":0.0,"damage_taken":7.0},{"damage_healed":0.0,"max_hp_gain":0.0,"max_hp_loss":0.0,"gold_gain":0.0,"event_name":"Shining Light","player_choice":"Entered Light","floor":4.0,"gold_loss":0.0,"damage_taken":21.0,"cards_upgraded":["Defend_B","Dualcast"]},{"damage_healed":0.0,"max_hp_gain":0.0,"max_hp_loss":0.0,"gold_gain":0.0,"event_name":"Accursed Blacksmith","player_choice":"Forge","floor":5.0,"gold_loss":0.0,"damage_taken":0.0,"cards_upgraded":["Zap"]},{"damage_healed":0.0,"max_hp_gain":0.0,"max_hp_loss":0.0,"gold_gain":0.0,"cards_transformed":["Strike_B"],"event_name":"Living Wall","player_choice":"Change","floor":14.0,"gold_loss":0.0,"damage_taken":0.0,"cards_obtained":["Rebound"]},{"damage_healed":0.0,"max_hp_gain":0.0,"max_hp_loss":0.0,"gold_gain":0.0,"event_name":"Vampires","player_choice":"Ignored","floor":20.0,"gold_loss":0.0,"damage_taken":0.0},{"cards_removed":["Defend_B"],"damage_healed":0.0,"max_hp_gain":0.0,"max_hp_loss":0.0,"gold_gain":0.0,"event_name":"Beggar","player_choice":"Gave Gold","floor":22.0,"gold_loss":75.0,"damage_taken":0.0},{"damage_healed":0.0,"max_hp_gain":0.0,"max_hp_loss":0.0,"gold_gain":0.0,"event_name":"Ghosts","player_choice":"Ignored","floor":24.0,"gold_loss":0.0,"damage_taken":0.0},{"damage_healed":0.0,"max_hp_gain":0.0,"max_hp_loss":0.0,"gold_gain":0.0,"event_name":"WeMeetAgain","player_choice":"Gave Potion","floor":37.0,"gold_loss":0.0,"damage_taken":0.0,"relics_obtained":["Regal Pillow"]},{"cards_removed":["Defend_B"],"damage_healed":0.0,"max_hp_gain":0.0,"max_hp_loss":0.0,"gold_gain":0.0,"event_name":"Falling","player_choice":"Removed Skill","floor":39.0,"gold_loss":0.0,"damage_taken":0.0},{"damage_healed":0.0,"max_hp_gain":0.0,"max_hp_loss":0.0,"gold_gain":0.0,"event_name":"MindBloom","player_choice":"Fight","floor":42.0,"gold_loss":0.0,"damage_taken":0.0},{"damage_healed":0.0,"max_hp_gain":0.0,"max_hp_loss":0.0,"gold_gain":0.0,"event_name":"Upgrade Shrine","player_choice":"Upgraded","floor":47.0,"gold_loss":0.0,"damage_taken":0.0,"cards_upgraded":["Chill"]}],"is_beta":false,"boss_relics":[{"not_picked":["Calling Bell","Black Star"],"picked":"Astrolabe"},{"not_picked":["Coffee Dripper","SacredBark"],"picked":"FrozenCore"}],"items_purged_floors":[28,54],"is_endless":false,"potions_floor_spawned":[1,2,6,12,19,30,31,33,35,40,42,46],"killed_by":"The Heart","ascension_level":20}}