{"host":"qhn6g0owdgjb77rz","time":1608796485,"event":{"mods":["BaseMod","Colored Map","Downfall","Minty Spire (QoL Compilation)","Relic Sorter","Replay The Spire","StSLib"],"gold_per_floor":[399,415,21,37,56,56,56,69,69,86,121,135,162,180,191,291,291,291,301,312,323,16,16,42,42,42,42,42],"floor_reached":26,"playtime":1969,"items_purged":["Slimebound:Strike_Slimebound"],"score":322,"play_id":"65f907e0-228b-4229-ace4-67a41316e7b0","local_time":"20201224165445","is_ascension_mode":true,"campfire_choices":[{"floor":1.0,"key":"DIG"},{"data":"Slimebound:FinishingTackle","floor":6.0,"key":"SMITH"},{"data":"Slimebound:RollThrough","floor":9.0,"key":"SMITH"},{"data":"Slimebound:DuplicatedForm","floor":18,"key":"SMITH"},{"data":"Slimebound:Grow","floor":23,"key":"SMITH"}],"circlet_count":0,"master_deck":["Slimebound:Strike_Slimebound","Slimebound:Strike_Slimebound","Slimebound:Tackle","Slimebound:Defend_Slimebound","Slimebound:Defend_Slimebound","Slimebound:Defend_Slimebound","Slimebound:Defend_Slimebound","Slimebound:Split","Slimebound:CorrosiveSpit","Slimebound:AcidTongue","Slimebound:FinishingTackle+1","Slimebound:RollThrough+1","Slimebound:FirmFortitude","Slimebound:SlimeSpikes","Slimebound:RollThrough","Slimebound:SlimeSpikes","Slimebound:Gluttony","Slimebound:FinishingTackle","Slimebound:DuplicatedForm+1","Slimebound:SplitMire","Slimebound:MassFeed","Slimebound:FinishingTackle","Slimebound:GoopTackle","Slimebound:FlameTackle","Slimebound:ComboTackle","Slimebound:Grow+1","Slimebound:CheckThePlaybook"],"relics":["Slimebound:AbsorbEndCombat","Old Coin","Letter Opener","Chameleon Ring","Lantern","Pet Ghost","Gambling Chip","SacredBark","Slimebound:SelfDamagePreventRelic","sneckomod:BlankCard"],"acts_visited":["Exordium","TheCity"],"potions_floor_usage":[20,26],"damage_taken":[{"damage":4.0,"enemies":"Cultist","floor":2.0,"turns":4.0},{"damage":12.0,"enemies":"downfall:FleeingMerchant","floor":3.0,"turns":4.0},{"damage":3.0,"enemies":"2 Louse","floor":4.0,"turns":3.0},{"damage":7.0,"enemies":"Jaw Worm","floor":5.0,"turns":3.0},{"damage":17.0,"enemies":"Large Slime","floor":8.0,"turns":6.0},{"damage":12.0,"enemies":"Red Slaver","floor":10.0,"turns":4.0},{"damage":12.0,"enemies":"Replay:BlueRogue","floor":11.0,"turns":7.0},{"damage":4.0,"enemies":"Exordium Thugs","floor":12.0,"turns":3.0},{"damage":19.0,"enemies":"Gremlin Nob","floor":13.0,"turns":5.0},{"damage":7.0,"enemies":"Gremlin Gang","floor":14.0,"turns":3.0},{"damage":27.0,"enemies":"2 Fungi Beasts","floor":15.0,"turns":3.0},{"damage":59.0,"enemies":"downfall:Ironclad","floor":16.0,"turns":8.0},{"damage":38,"enemies":"3 Byrds","floor":19,"turns":4},{"damage":54,"enemies":"Centurion and Healer","floor":20,"turns":5},{"damage":42,"enemies":"Sentry and Sphere","floor":21,"turns":6},{"damage":15,"enemies":"downfall:FleeingMerchant","floor":22,"turns":4},{"damage":40,"enemies":"Book of Stabbing","floor":26,"turns":4}],"seed_played":"-2869297166441571216","potions_obtained":[{"floor":2.0,"key":"Dexterity Potion"},{"floor":8.0,"key":"LiquidMemories"},{"floor":11.0,"key":"hexamod:EctoCoolerPotion"},{"floor":13.0,"key":"Swift Potion"},{"floor":14.0,"key":"Toxic Potion"},{"floor":15.0,"key":"Regen Potion"},{"floor":16.0,"key":"sneckomod:MuddlingPotion"},{"floor":21,"key":"AttackPotion"}],"is_trial":false,"path_per_floor":["R_BF","M","$","M","M","R","T","M","R","M","E","M","E","M","M","B",null,"R","M","M","M","$","R","T","?","E"],"character_chosen":"SLIMEBOUND","items_purchased":["Chameleon Ring","Slimebound:RollThrough","Slimebound:FirmFortitude","Slimebound:SelfDamagePreventRelic","Slimebound:Grow"],"campfire_rested":0,"item_purchase_floors":[3,3,3,22,22],"current_hp_per_floor":[39,55,60,60,60,60,60,59,59,56,60,60,57,54,50,60,60,60,63,44,25,25,25,25,25,0,0,0],"gold":42,"neow_bonus":"ONE_RARE_RELIC","is_daily":false,"chose_seed":false,"campfire_upgraded":4,"win_rate":0.0,"timestamp":1608796485,"path_taken":["R_BF","M","$","M","M","R","T","M","R","M","E","M","E","M","M","BOSS","R","M","?","M","$","R","T","?","E"],"items_purchased_type":["Relic","Card","Card","Relic","Card"],"build_version":"2020-12-22","purchased_purges":1,"victory":false,"max_hp_per_floor":[60,60,60,60,60,60,60,60,60,60,60,60,60,60,60,60,60,60,63,63,63,63,63,63,57,57,57,57],"card_choices":[{"not_picked":["Slimebound:SlimeSpikes","Slimebound:SplitMire"],"picked":"Slimebound:AcidTongue","floor":2.0},{"not_picked":["Slimebound:SplitBruiser","Slimebound:Schlurp"],"picked":"Slimebound:FinishingTackle","floor":3.0},{"not_picked":["Slimebound:GoopSpray","Slimebound:LeadByExample"],"picked":"Slimebound:SlimeSpikes","floor":4.0},{"not_picked":["Slimebound:RainOfGoop","Slimebound:PressTheAttack"],"picked":"Slimebound:RollThrough","floor":5.0},{"not_picked":["Slimebound:ProtectTheBoss","Slimebound:Equalize"],"picked":"Slimebound:SlimeSpikes","floor":8.0},{"not_picked":["Slimebound:SelfFormingGoo","Slimebound:SamplingLick","Slimebound:Schlurp"],"picked":"SKIP","floor":10.0},{"not_picked":["Slimebound:SplitBruiser","Slimebound:Schlurp"],"picked":"Slimebound:Gluttony","floor":11.0},{"not_picked":["Slimebound:SplitAcid","Slimebound:Grow"],"picked":"Slimebound:FinishingTackle","floor":12.0},{"not_picked":["Slimebound:ViciousTackle","Slimebound:DisruptingSlam"],"picked":"Slimebound:DuplicatedForm","floor":13.0},{"not_picked":["Slimebound:AcidTongue","Slimebound:SplitAcid"],"picked":"Slimebound:SplitMire","floor":14.0},{"not_picked":["Slimebound:AcidTongue","Slimebound:ItLooksTasty","Slimebound:LeechingTouch"],"picked":"SKIP","floor":15.0},{"not_picked":["Slimebound:PrepareCrush","Slimebound:RallyTheTroops"],"picked":"Slimebound:MassFeed","floor":16.0},{"not_picked":["Slimebound:LeechEnergy","Slimebound:Schlurp"],"picked":"Slimebound:FinishingTackle","floor":19},{"not_picked":["Slimebound:ComboTackle","Slimebound:SamplingLick+1"],"picked":"Slimebound:GoopTackle","floor":20},{"not_picked":["Slimebound:FinishingTackle","Slimebound:LivingWall"],"picked":"Slimebound:FlameTackle","floor":21},{"not_picked":["Slimebound:Nibble","Slimebound:FirmFortitude+1"],"picked":"Slimebound:ComboTackle","floor":22}],"player_experience":532682,"relics_obtained":[{"floor":1.0,"key":"Letter Opener"},{"floor":7.0,"key":"Lantern"},{"floor":11.0,"key":"Pet Ghost"},{"floor":13.0,"key":"Gambling Chip"},{"floor":24,"key":"sneckomod:BlankCard"}],"event_choices":[],"is_beta":false,"boss_relics":[{"not_picked":["Cursed Key","Philosopher\u0027s Stone"],"picked":"SacredBark"}],"items_purged_floors":[22],"is_endless":false,"potions_floor_spawned":[2,8,11,13,14,15,16,21],"killed_by":"Book of Stabbing","ascension_level":9}}