{"host":"7i2b4pyo6x2376bs","time":1608790891,"event":{"mods":["BaseMod","Better Note","Colored Map","Highlight Path","Minty Spire (QoL Compilation)","Quick Restart","Rare Cards Sparkle","Shop Mod","StSLib","The Jungle"],"gold_per_floor":[109,69,69,88,63,96,96,112,184,184,202,230,240,257,257,353,353,366,385,385,385,396,396,407,407,433,458,557,557,472,472,472,571,571,584,357,376,376,61,89,89,89,89,89,89,89],"floor_reached":45,"playtime":4087,"items_purged":[],"score":593,"play_id":"4abfd341-a099-4c17-a794-c8569747df20","local_time":"20201223222131","is_ascension_mode":true,"campfire_choices":[{"floor":7,"key":"REST"},{"floor":15,"key":"REST"},{"floor":23,"key":"REST"},{"floor":25,"key":"REST"},{"floor":29,"key":"REST"},{"floor":32,"key":"RECALL"},{"data":"Ghostly","floor":42,"key":"SMITH"},{"data":"Ghostly","floor":44,"key":"SMITH"}],"circlet_count":0,"master_deck":["Strike_G","Strike_G","Strike_G","Strike_G","Strike_G","Defend_G","Defend_G","Defend_G","Defend_G","Survivor","Neutralize","Deadly Poison","Underhanded Strike","Underhanded Strike","Unload","Terror+1","Outmaneuver","Tools of the Trade","Poisoned Stab","Bouncing Flask","Corpse Explosion","Reflex","Deadly Poison","Ghostly+1","Ghostly+1","Ghostly+1","Ghostly","Ghostly","Bouncing Flask","Grand Finale","Envenom","CurseOfTheBell","Blade Dance+1","Noxious Fumes","Madness","Madness","Noxious Fumes","Deadly Poison","Enlightenment"],"relics":["Ring of the Snake","Blood Vial","Pen Nib","Philosopher\u0027s Stone","MealTicket","Boot","Ornamental Fan","Ninja Scroll","Calling Bell","Toy Ornithopter","Question Card","TungstenRod","Strange Spoon","Mummified Hand","WingedGreaves","Gremlin Horn"],"acts_visited":["Exordium","TheCity","TheBeyond"],"potions_floor_usage":[6,12,12,14,14,33,35,40,45],"damage_taken":[{"damage":8,"enemies":"Jaw Worm","floor":1,"turns":4},{"damage":0,"enemies":"Cultist","floor":4,"turns":4},{"damage":34,"enemies":"Lagavulin","floor":6,"turns":8},{"damage":0,"enemies":"Small Slimes","floor":8,"turns":2},{"damage":6,"enemies":"3 Louse","floor":11,"turns":2},{"damage":10,"enemies":"3 Sentries","floor":12,"turns":6},{"damage":0,"enemies":"Large Slime","floor":13,"turns":4},{"damage":9,"enemies":"Exordium Thugs","floor":14,"turns":3},{"damage":26,"enemies":"The Guardian","floor":16,"turns":7},{"damage":39,"enemies":"3 Byrds","floor":18,"turns":4},{"damage":21,"enemies":"2 Thieves","floor":19,"turns":2},{"damage":4,"enemies":"Centurion and Healer","floor":22,"turns":5},{"damage":9,"enemies":"Snake Plant","floor":24,"turns":4},{"damage":8,"enemies":"Book of Stabbing","floor":27,"turns":5},{"damage":5,"enemies":"Collector","floor":33,"turns":9},{"damage":0,"enemies":"3 Darklings","floor":35,"turns":5},{"damage":0,"enemies":"Orb Walker","floor":37,"turns":3},{"damage":0,"enemies":"Nemesis","floor":40,"turns":5},{"damage":50,"enemies":"Maw","floor":45,"turns":6}],"seed_played":"5120551748961429482","potions_obtained":[{"floor":2,"key":"Swift Potion"},{"floor":2,"key":"Ancient Potion"},{"floor":2,"key":"LiquidBronze"},{"floor":6,"key":"Energy Potion"},{"floor":8,"key":"Regen Potion"},{"floor":11,"key":"Poison Potion"},{"floor":13,"key":"Strength Potion"},{"floor":27,"key":"SkillPotion"},{"floor":33,"key":"SpeedPotion"},{"floor":35,"key":"BlessingOfTheForge"},{"floor":37,"key":"CultistPotion"}],"is_trial":false,"path_per_floor":["M","?","$","M","$","E","R","M","T","?","M","E","M","M","R","B",null,"M","M","?","?","M","R","M","R","T","E","?","R","?","T","R","B",null,"M","$","M","?","$","E","?","R","T","R","M"],"character_chosen":"THE_SILENT","items_purchased":["Underhanded Strike","Noxious Fumes","Strange Spoon","Mummified Hand","Noxious Fumes"],"campfire_rested":5,"item_purchase_floors":[5,36,36,39,39],"current_hp_per_floor":[62,62,62,62,62,28,49,51,51,51,47,54,56,49,70,44,70,31,12,12,12,10,20,13,23,23,17,17,27,27,27,27,24,35,35,35,35,32,35,35,35,35,35,35,0,0],"gold":89,"neow_bonus":"REMOVE_CARD","is_daily":false,"chose_seed":false,"campfire_upgraded":2,"win_rate":0.0,"timestamp":1608790891,"path_taken":["M","?","$","M","?","E","R","M","T","?","M","E","M","M","R","BOSS","M","M","?","?","?","R","M","R","T","E","?","R","?","?","R","BOSS","M","$","M","?","$","E","?","R","T","R","M"],"items_purchased_type":["Card","Card","Relic","Relic","Card"],"build_version":"2020-12-22","purchased_purges":0,"victory":false,"max_hp_per_floor":[70,70,70,70,70,70,70,70,70,70,70,70,70,70,70,70,70,70,70,35,35,35,35,35,35,35,35,35,35,35,35,35,35,35,35,35,35,35,35,35,35,35,35,35,35,35],"card_choices":[{"not_picked":["PiercingWail","Caltrops"],"picked":"Deadly Poison","floor":1},{"not_picked":["Flying Knee","Blade Dance"],"picked":"Underhanded Strike","floor":4},{"not_picked":["Flying Knee","Outmaneuver"],"picked":"Unload","floor":6},{"not_picked":["Finisher","Dodge and Roll"],"picked":"Terror","floor":8},{"not_picked":["Predator","Dodge and Roll"],"picked":"Outmaneuver","floor":11},{"not_picked":["Slice","Deadly Poison"],"picked":"Tools of the Trade","floor":12},{"not_picked":["Blade Dance","Prepared"],"picked":"Poisoned Stab","floor":13},{"not_picked":["Bane","Endless Agony"],"picked":"Bouncing Flask","floor":14},{"not_picked":["Glass Knife","Envenom"],"picked":"Corpse Explosion","floor":16},{"not_picked":["Blur","Blade Dance"],"picked":"Reflex","floor":18},{"not_picked":["PiercingWail","Concentrate"],"picked":"Deadly Poison","floor":19},{"not_picked":["Endless Agony","Blade Dance+1"],"picked":"Bouncing Flask","floor":22},{"not_picked":["Slice","Dagger Throw","Expertise+1"],"picked":"SKIP","floor":24},{"not_picked":["Bane","Setup"],"picked":"Grand Finale","floor":27},{"not_picked":["A Thousand Cuts","Adrenaline"],"picked":"Envenom","floor":33},{"not_picked":["Deflect","Dodge and Roll+1","Distraction+1"],"picked":"Blade Dance+1","floor":35},{"not_picked":["Reflex+1","PiercingWail+1","Endless Agony","Dodge and Roll+1"],"picked":"SKIP","floor":37},{"not_picked":["Sucker Punch+1","Leg Sweep+1","Flechettes"],"picked":"Deadly Poison","floor":40},{"not_picked":["Blind","Good Instincts","Jack Of All Trades"],"picked":"Enlightenment","floor":41}],"player_experience":678366,"relics_obtained":[{"floor":6,"key":"Blood Vial"},{"floor":12,"key":"Pen Nib"},{"floor":26,"key":"MealTicket"},{"floor":27,"key":"Boot"},{"floor":31,"key":"Ninja Scroll"},{"floor":34,"key":"Toy Ornithopter"},{"floor":34,"key":"Question Card"},{"floor":34,"key":"TungstenRod"},{"floor":40,"key":"WingedGreaves"},{"floor":43,"key":"Gremlin Horn"}],"event_choices":[{"damage_healed":0,"gold_gain":0,"player_choice":"Bought 3 Potions","damage_taken":0,"max_hp_gain":0,"max_hp_loss":0,"event_name":"The Woman in Blue","floor":2,"gold_loss":0},{"damage_healed":0,"gold_gain":0,"player_choice":"Grow","damage_taken":0,"max_hp_gain":0,"max_hp_loss":0,"event_name":"Living Wall","floor":10,"gold_loss":0,"cards_upgraded":["Terror"]},{"damage_healed":0,"gold_gain":0,"player_choice":"Became a Ghost","damage_taken":0,"max_hp_gain":0,"max_hp_loss":35,"event_name":"Ghosts","floor":20,"gold_loss":0,"cards_obtained":["Ghostly","Ghostly","Ghostly","Ghostly","Ghostly"]},{"damage_healed":0,"gold_gain":0,"player_choice":"Upgraded","damage_taken":0,"max_hp_gain":0,"max_hp_loss":0,"event_name":"Upgrade Shrine","floor":21,"gold_loss":0,"cards_upgraded":["Ghostly"]},{"damage_healed":0,"gold_gain":99,"player_choice":"Stole From Cult","damage_taken":0,"max_hp_gain":0,"max_hp_loss":0,"event_name":"Nest","floor":28,"gold_loss":0},{"damage_healed":0,"gold_gain":0,"player_choice":"Obtained Relic","damage_taken":0,"relics_obtained":["Ornamental Fan"],"max_hp_gain":0,"max_hp_loss":0,"event_name":"Addict","floor":30,"gold_loss":85},{"damage_healed":0,"gold_gain":0,"player_choice":"Embrace Madness","damage_taken":4,"max_hp_gain":0,"max_hp_loss":0,"event_name":"Winding Halls","floor":38,"gold_loss":0,"cards_obtained":["Madness","Madness"]},{"damage_healed":0,"gold_gain":0,"player_choice":"Memory 1","damage_taken":0,"max_hp_gain":0,"max_hp_loss":0,"event_name":"SensoryStone","floor":41,"gold_loss":0}],"is_beta":false,"boss_relics":[{"not_picked":["Coffee Dripper","Sozu"],"picked":"Philosopher\u0027s Stone"},{"not_picked":["Black Star","Cursed Key"],"picked":"Calling Bell"}],"items_purged_floors":[],"is_endless":false,"potions_floor_spawned":[6,8,11,13,27,33,35,37],"killed_by":"Maw","ascension_level":2}}