{"host":"2lo6hma6kymb0g9i","time":1608833944,"event":{"mods":["BaseMod","Colored Map","DeckTracker","Minty Spire (QoL Compilation)"],"gold_per_floor":[114,114,126,153,179,191,230,242,331,343,390,402,414,426,438,450,450],"floor_reached":16,"playtime":643,"items_purged":[],"score":207,"play_id":"049e6bb9-7bb9-485c-b344-5fd99728cd9f","local_time":"20201225031904","is_ascension_mode":true,"campfire_choices":[{"data":"Quick Slash","floor":6,"key":"SMITH"},{"floor":8,"key":"REST"},{"data":"Noxious Fumes","floor":13,"key":"SMITH"},{"floor":15,"key":"REST"}],"circlet_count":0,"master_deck":["AscendersBane","Strike_G","Strike_G","Strike_G","Defend_G","Defend_G","Defend_G","Defend_G","Defend_G","Survivor","Neutralize","Quick Slash+1","Blade Dance","Infinite Blades","Noxious Fumes+1","Cloak And Dagger","All Out Attack"],"relics":["Ring of the Snake","NeowsBlessing","MawBank","FossilizedHelix","Bottled Lightning","MealTicket","Bag of Preparation"],"acts_visited":["Exordium"],"potions_floor_usage":[11,11,16],"damage_taken":[{"damage":0,"enemies":"2 Louse","floor":1,"turns":1},{"damage":0,"enemies":"Jaw Worm","floor":4,"turns":1},{"damage":0,"enemies":"Cultist","floor":5,"turns":1},{"damage":53,"enemies":"Gremlin Nob","floor":7,"turns":5},{"damage":3,"enemies":"Lagavulin","floor":11,"turns":7},{"damage":40,"enemies":"Hexaghost","floor":16,"turns":9}],"seed_played":"6538087162155685244","potions_obtained":[{"floor":1,"key":"Dexterity Potion"},{"floor":7,"key":"LiquidBronze"},{"floor":11,"key":"DistilledChaos"}],"is_trial":false,"path_per_floor":["M","?","?","M","M","R","E","R","T","?","E","?","R","T","R","B"],"character_chosen":"THE_SILENT","items_purchased":[],"campfire_rested":2,"item_purchase_floors":[],"current_hp_per_floor":[59,54,54,54,54,54,1,20,20,20,17,17,17,17,36,0,0],"gold":450,"neow_bonus":"THREE_ENEMY_KILL","is_daily":false,"chose_seed":false,"campfire_upgraded":2,"win_rate":0.0,"timestamp":1608833944,"path_taken":["M","?","?","?","M","R","E","R","T","?","E","?","R","?","R","BOSS"],"items_purchased_type":[],"build_version":"2020-12-22","purchased_purges":0,"victory":false,"max_hp_per_floor":[66,66,66,66,66,66,66,66,66,66,66,66,66,66,66,66,66],"card_choices":[{"not_picked":["Choke","Outmaneuver"],"picked":"Quick Slash","floor":1},{"not_picked":["Dodge and Roll","Distraction"],"picked":"Blade Dance","floor":4},{"not_picked":["Bane","Riddle With Holes"],"picked":"Infinite Blades","floor":5},{"not_picked":["Crippling Poison","Sucker Punch"],"picked":"Noxious Fumes","floor":7},{"not_picked":["Acrobatics","Outmaneuver"],"picked":"Cloak And Dagger","floor":11}],"player_experience":874505,"relics_obtained":[{"floor":7,"key":"FossilizedHelix"},{"floor":9,"key":"Bottled Lightning"},{"floor":11,"key":"MealTicket"},{"floor":14,"key":"Bag of Preparation"}],"event_choices":[{"damage_healed":0,"gold_gain":0,"player_choice":"Success","damage_taken":5,"relics_obtained":["MawBank"],"max_hp_gain":0,"max_hp_loss":0,"event_name":"Scrap Ooze","floor":2,"gold_loss":0},{"cards_removed":["Strike_G"],"damage_healed":0,"gold_gain":0,"player_choice":"Purged","damage_taken":0,"max_hp_gain":0,"max_hp_loss":0,"event_name":"Purifier","floor":3,"gold_loss":0},{"damage_healed":0,"gold_gain":0,"player_choice":"Ignored","damage_taken":0,"max_hp_gain":0,"max_hp_loss":0,"event_name":"Shining Light","floor":10,"gold_loss":0},{"damage_healed":0,"gold_gain":0,"cards_transformed":["Strike_G"],"player_choice":"Change","damage_taken":0,"max_hp_gain":0,"max_hp_loss":0,"event_name":"Living Wall","floor":12,"gold_loss":0,"cards_obtained":["All Out Attack"]}],"is_beta":false,"boss_relics":[],"items_purged_floors":[],"is_endless":false,"potions_floor_spawned":[1,7,11],"killed_by":"Hexaghost","ascension_level":19}}