{"host":"6s2g4ctvxbrgoc4e","time":1608804197,"event":{"mods":["BaseMod","Minty Spire (QoL Compilation)"],"gold_per_floor":[19,33,53,71,87,87,11,11,83,96,112,112,112,132,132,235,235,249,275,52,66,66,66,66,66],"floor_reached":24,"playtime":1155,"items_purged":["Strike_B"],"score":219,"play_id":"8ef87426-76fb-4ff8-8b79-751581f06a49","local_time":"20201224110317","is_ascension_mode":true,"campfire_choices":[{"floor":6,"key":"REST"},{"data":"Hello World","floor":8,"key":"SMITH"},{"floor":15,"key":"REST"},{"floor":23,"key":"REST"}],"circlet_count":0,"master_deck":["Strike_B","Strike_B","Strike_B","Defend_B","Defend_B+1","Defend_B+1","Defend_B","Zap","Dualcast","Amplify","Leap","Ball Lightning","Doom and Gloom","Heatsinks","Leap","Hello World+1","Hologram","FTL","FTL","Fission","Capacitor","Reinforced Body","White Noise+1","Shame"],"relics":["Cracked Core","Pantograph","Nuclear Battery","Red Mask","Tiny Chest","StoneCalendar"],"acts_visited":["Exordium","TheCity"],"potions_floor_usage":[14,19,24,24,24],"damage_taken":[{"damage":0,"enemies":"2 Louse","floor":1,"turns":2},{"damage":0,"enemies":"Jaw Worm","floor":2,"turns":3},{"damage":0,"enemies":"Cultist","floor":3,"turns":3},{"damage":22,"enemies":"Looter","floor":4,"turns":3},{"damage":20,"enemies":"Exordium Wildlife","floor":5,"turns":3},{"damage":3,"enemies":"Blue Slaver","floor":10,"turns":4},{"damage":14,"enemies":"3 Louse","floor":11,"turns":3},{"damage":0,"enemies":"Large Slime","floor":14,"turns":4},{"damage":55,"enemies":"Slime Boss","floor":16,"turns":8},{"damage":11,"enemies":"Shell Parasite","floor":18,"turns":6},{"damage":4,"enemies":"Masked Bandits","floor":19,"turns":2},{"damage":33,"enemies":"2 Thieves","floor":21,"turns":4},{"damage":54,"enemies":"Slavers","floor":24,"turns":3}],"seed_played":"2102615207625861132","potions_obtained":[{"floor":2,"key":"PotionOfCapacity"},{"floor":5,"key":"DistilledChaos"},{"floor":11,"key":"SpeedPotion"},{"floor":13,"key":"SpeedPotion"},{"floor":14,"key":"Explosive Potion"},{"floor":19,"key":"LiquidBronze"}],"is_trial":false,"path_per_floor":["M","M","M","M","M","R","$","R","T","M","M","?","?","M","R","B",null,"M","?","$","M","?","R","E"],"character_chosen":"DEFECT","items_purchased":["Hello World","Tiny Chest"],"campfire_rested":3,"item_purchase_floors":[7,20],"current_hp_per_floor":[75,75,75,53,33,55,55,55,55,52,38,23,23,23,45,15,75,64,60,60,27,27,49,0,0],"gold":66,"neow_bonus":"THREE_RARE_CARDS","is_daily":false,"chose_seed":false,"campfire_upgraded":1,"win_rate":0.0,"timestamp":1608804197,"path_taken":["M","M","M","M","M","R","$","R","T","M","M","?","?","M","R","BOSS","M","?","$","M","?","R","E"],"items_purchased_type":["Card","Relic"],"build_version":"2020-12-22","purchased_purges":1,"victory":false,"max_hp_per_floor":[75,75,75,75,75,75,75,75,75,75,75,75,75,75,75,75,75,75,75,75,75,75,75,75,75],"card_choices":[{"not_picked":["Buffer","Biased Cognition"],"picked":"Amplify","floor":0},{"not_picked":["Rebound","Gash"],"picked":"Leap","floor":1},{"not_picked":["FTL","Cold Snap"],"picked":"Ball Lightning","floor":2},{"not_picked":["Leap","Aggregate"],"picked":"Doom and Gloom","floor":3},{"not_picked":["Sunder","Hologram"],"picked":"Heatsinks","floor":4},{"not_picked":["Compile Driver","Rebound"],"picked":"Leap","floor":5},{"not_picked":["Cold Snap","Rebound"],"picked":"Hologram","floor":10},{"not_picked":["Melter","Hologram"],"picked":"FTL","floor":11},{"not_picked":["Ball Lightning","Gash"],"picked":"FTL","floor":14},{"not_picked":["Core Surge","Hyperbeam"],"picked":"Fission","floor":16},{"not_picked":["Auto Shields","Melter+1"],"picked":"Capacitor","floor":18},{"not_picked":["Lockon+1","Cold Snap"],"picked":"Reinforced Body","floor":19},{"not_picked":["Capacitor","Darkness"],"picked":"White Noise+1","floor":21}],"player_experience":34490,"relics_obtained":[{"floor":9,"key":"Pantograph"},{"floor":19,"key":"Red Mask"}],"event_choices":[{"damage_healed":0,"gold_gain":0,"player_choice":"Entered Light","damage_taken":15,"max_hp_gain":0,"max_hp_loss":0,"event_name":"Shining Light","floor":12,"gold_loss":0,"cards_upgraded":["Defend_B","Defend_B"]},{"damage_healed":0,"gold_gain":0,"player_choice":"Got Potions","damage_taken":0,"max_hp_gain":0,"max_hp_loss":0,"event_name":"Lab","floor":13,"gold_loss":0},{"damage_healed":0,"gold_gain":0,"player_choice":"Fought Bandits","damage_taken":0,"max_hp_gain":0,"max_hp_loss":0,"event_name":"Masked Bandits","floor":19,"gold_loss":0},{"damage_healed":0,"gold_gain":0,"player_choice":"Stole Relic","damage_taken":0,"relics_obtained":["StoneCalendar"],"max_hp_gain":0,"max_hp_loss":0,"event_name":"Addict","floor":22,"gold_loss":0,"cards_obtained":["Shame"]}],"is_beta":false,"boss_relics":[{"not_picked":["Philosopher\u0027s Stone","SacredBark"],"picked":"Nuclear Battery"}],"items_purged_floors":[20],"is_endless":false,"potions_floor_spawned":[2,5,11,14,19],"killed_by":"Slavers","ascension_level":3}}