{"host":"2lo6hma6kymb0g9i","time":1608827438,"event":{"mods":["BaseMod","Colored Map","DeckTracker","Minty Spire (QoL Compilation)"],"gold_per_floor":[117,117,117,192,192,227,227,244,244,272,292,14,14,14],"floor_reached":13,"playtime":522,"items_purged":[],"score":226,"play_id":"caf7e42a-5c19-45ee-ab59-5374fb3875ec","local_time":"20201225013038","is_ascension_mode":true,"campfire_choices":[{"data":"Backstab","floor":7,"key":"SMITH"}],"circlet_count":0,"master_deck":["AscendersBane","Strike_G","Strike_G","Strike_G","Strike_G","Defend_G","Defend_G","Defend_G","Defend_G","Defend_G","Survivor","Neutralize","Dash","Backstab+1","Slice","Backflip","Calculated Gamble"],"relics":["Ring of the Snake","NeowsBlessing","The Courier","Smiling Mask","Pantograph","Bird Faced Urn","Tough Bandages"],"acts_visited":["Exordium"],"potions_floor_usage":[10,13],"damage_taken":[{"damage":0,"enemies":"Small Slimes","floor":1,"turns":1},{"damage":0,"enemies":"Lagavulin","floor":6,"turns":2},{"damage":0,"enemies":"2 Louse","floor":8,"turns":1},{"damage":8,"enemies":"3 Sentries","floor":10,"turns":10},{"damage":0,"enemies":"Jaw Worm","floor":11,"turns":2},{"damage":41,"enemies":"Gremlin Nob","floor":13,"turns":4}],"seed_played":"8301549240466661428","potions_obtained":[{"floor":1,"key":"Fire Potion"},{"floor":11,"key":"CultistPotion"}],"is_trial":false,"path_per_floor":["M","$","?","?","T","E","R","M","T","E","M","$","E"],"character_chosen":"THE_SILENT","items_purchased":["Tough Bandages"],"campfire_rested":0,"item_purchase_floors":[12],"current_hp_per_floor":[59,59,52,41,41,41,41,41,41,33,33,33,0,0],"gold":14,"neow_bonus":"THREE_ENEMY_KILL","is_daily":false,"chose_seed":false,"campfire_upgraded":1,"win_rate":0.0,"timestamp":1608827438,"path_taken":["M","$","?","?","?","E","R","M","T","E","M","$","E"],"items_purchased_type":["Relic"],"build_version":"2020-12-22","purchased_purges":0,"victory":false,"max_hp_per_floor":[66,66,66,66,66,66,66,66,66,66,66,66,66,66],"card_choices":[{"not_picked":["Expertise","Bane"],"picked":"Dash","floor":1},{"not_picked":["Blade Dance","Choke"],"picked":"Backstab","floor":6},{"not_picked":["Cloak And Dagger","Blade Dance"],"picked":"Slice","floor":8},{"not_picked":["Glass Knife","Prepared"],"picked":"Backflip","floor":10},{"not_picked":["Bane","Outmaneuver"],"picked":"Calculated Gamble","floor":11}],"player_experience":868249,"relics_obtained":[{"floor":5,"key":"The Courier"},{"floor":6,"key":"Smiling Mask"},{"floor":9,"key":"Pantograph"},{"floor":10,"key":"Bird Faced Urn"}],"event_choices":[{"cards_removed":["Strike_G"],"damage_healed":0,"gold_gain":0,"player_choice":"Card Removal","damage_taken":7,"max_hp_gain":0,"max_hp_loss":0,"event_name":"Golden Wing","floor":3,"gold_loss":0},{"damage_healed":0,"gold_gain":75,"player_choice":"Gather Gold","damage_taken":11,"max_hp_gain":0,"max_hp_loss":0,"event_name":"World of Goop","floor":4,"gold_loss":0}],"is_beta":false,"boss_relics":[],"items_purged_floors":[],"is_endless":false,"potions_floor_spawned":[1,11],"killed_by":"Gremlin Nob","ascension_level":19}}