{"host":"duxoyu97j36znyap","time":1608812265,"event":{"mods":["AlwaysNeverKeys","BaseMod","Bestiary","BetterRewards","Colored Map","DeckTracker","Filter the Spire","Googly Eyes","Minty Spire (QoL Compilation)","Permanent Neow","Rare Cards Sparkle","Relic Stats","StSLib"],"gold_per_floor":[113,130,130,146,146,146,184,202,226,260,278,278,291,330,330,458,458,481,37,62,62,75,114,157,201,226,226,279,294,326,368,368,502,502,531,596,659,881,911,959,959,991,1027,1088,1130,100,152,161,161,161,161,161,62,103,103],"floor_reached":56,"playtime":3696,"items_purged":["Pain","Pain"],"score":2041,"play_id":"83641e7a-213c-4beb-8fac-4e5189411410","local_time":"20201224071745","is_ascension_mode":true,"campfire_choices":[{"data":"Vault","floor":6.0,"key":"SMITH"},{"floor":12.0,"key":"REST"},{"data":"DevaForm","floor":15.0,"key":"SMITH"},{"floor":27.0,"key":"REST"},{"floor":32.0,"key":"REST"},{"data":"1","floor":41,"key":"LIFT"},{"data":"2","floor":49,"key":"LIFT"},{"data":"3","floor":52,"key":"LIFT"}],"circlet_count":0,"master_deck":["Vigilance+1","Alpha+1","BattleHymn+1","Fasting2+1","Consecrate+1","LessonLearned+1","WaveOfTheHand+1","Establishment+1","BowlingBash+1","FollowUp+1","ThirdEye+1","Vault+1","SandsOfTime+1","Nirvana+1","Wallop+1","EmptyBody+1","ClearTheMind+1","DevaForm+1","Vault+1","FearNoEvil+1","Wallop+1","Sanctity+1","Devotion+1","WheelKick+1","MasterReality+1","EmptyMind+1","TalkToTheHand+1","DeusExMachina+1","CrushJoints+1","LikeWater+1","Vault+1","Pray+1","Evaluate+1","Meditate+1","TalkToTheHand+1","Protect+1","PanicButton+1","InnerPeace+1"],"relics":["Pandora\u0027s Box","Golden Idol","Smiling Mask","Orichalcum","Bag of Marbles","Bronze Scales","Black Star","Bag of Preparation","Torii","Girya","CloakClasp","Red Mask","CeramicFish","Frozen Egg 2","Whetstone","The Courier","Question Card","Ornamental Fan","Anchor","Cursed Key","StoneCalendar","Gambling Chip","Toy Ornithopter","War Paint","Happy Flower","Vajra","Juzu Bracelet","White Beast Statue","OrangePellets","PreservedInsect","Mummified Hand","Pear","HornCleat","Damaru","Lantern","Bottled Flame","Blood Vial","Oddly Smooth Stone"],"acts_visited":["Exordium","TheCity","TheBeyond","TheEnding"],"potions_floor_usage":[50,55,55],"damage_taken":[{"damage":0.0,"enemies":"Cultist","floor":1.0,"turns":4.0},{"damage":10.0,"enemies":"Small Slimes","floor":2.0,"turns":4.0},{"damage":3.0,"enemies":"Jaw Worm","floor":4.0,"turns":5.0},{"damage":34.0,"enemies":"3 Sentries","floor":7.0,"turns":8.0},{"damage":2.0,"enemies":"Large Slime","floor":8.0,"turns":8.0},{"damage":12.0,"enemies":"Lagavulin","floor":10.0,"turns":8.0},{"damage":3.0,"enemies":"Blue Slaver","floor":11.0,"turns":4.0},{"damage":5.0,"enemies":"Exordium Wildlife","floor":13.0,"turns":5.0},{"damage":10.0,"enemies":"Gremlin Nob","floor":14.0,"turns":6.0},{"damage":0.0,"enemies":"Slime Boss","floor":16.0,"turns":5.0},{"damage":6.0,"enemies":"Spheric Guardian","floor":18.0,"turns":6.0},{"damage":0.0,"enemies":"3 Byrds","floor":20.0,"turns":5.0},{"damage":10.0,"enemies":"3 Cultists","floor":22.0,"turns":8.0},{"damage":18.0,"enemies":"Book of Stabbing","floor":23.0,"turns":6.0},{"damage":0.0,"enemies":"Masked Bandits","floor":24.0,"turns":4.0},{"damage":0.0,"enemies":"Gremlin Leader","floor":25.0,"turns":8.0},{"damage":11.0,"enemies":"Slavers","floor":28.0,"turns":5.0},{"damage":7.0,"enemies":"Shelled Parasite and Fungi","floor":29.0,"turns":6.0},{"damage":1.0,"enemies":"Sentry and Sphere","floor":30.0,"turns":7.0},{"damage":1.0,"enemies":"Book of Stabbing","floor":31.0,"turns":7.0},{"damage":13.0,"enemies":"Automaton","floor":33.0,"turns":7.0},{"damage":0.0,"enemies":"3 Shapes","floor":35.0,"turns":6.0},{"damage":7.0,"enemies":"2 Orb Walkers","floor":36.0,"turns":5.0},{"damage":4.0,"enemies":"Mind Bloom Boss Battle","floor":37.0,"turns":7.0},{"damage":0.0,"enemies":"Orb Walker","floor":39.0,"turns":3.0},{"damage":0.0,"enemies":"Nemesis","floor":40.0,"turns":7.0},{"damage":0,"enemies":"Jaw Worm Horde","floor":42,"turns":4},{"damage":7,"enemies":"Giant Head","floor":45,"turns":8},{"damage":5,"enemies":"Nemesis","floor":47,"turns":4},{"damage":6,"enemies":"Donu and Deca","floor":50,"turns":9},{"damage":0,"enemies":"Shield and Spear","floor":54,"turns":6},{"damage":0,"enemies":"The Heart","floor":55,"turns":7}],"seed_played":"-4760629923034658781","potions_obtained":[{"floor":2.0,"key":"Fruit Juice"},{"floor":8.0,"key":"Regen Potion"},{"floor":13.0,"key":"Swift Potion"},{"floor":14.0,"key":"Weak Potion"},{"floor":16.0,"key":"SpeedPotion"},{"floor":18.0,"key":"Block Potion"},{"floor":22.0,"key":"BottledMiracle"},{"floor":23.0,"key":"Swift Potion"},{"floor":25.0,"key":"DuplicationPotion"},{"floor":28.0,"key":"SkillPotion"},{"floor":35.0,"key":"BottledMiracle"},{"floor":36.0,"key":"DistilledChaos"},{"floor":37.0,"key":"SteroidPotion"},{"floor":47,"key":"LiquidMemories"},{"floor":54,"key":"Dexterity Potion"}],"is_trial":false,"path_per_floor":["M","M","?","M","?","R","E","M","T","E","M","R","M","E","R","B",null,"M","$","M","?","M","E","?","E","T","R","E","M","M","E","R","B",null,"M","?","?","?","M","E","R","M","T","T","E","$","E","?","R","B",null,"R","$","E","B",null],"character_chosen":"WATCHER","items_purchased":["Bag of Preparation","Torii","OrangePellets","PreservedInsect","Mummified Hand","Pear","HornCleat","Damaru","TalkToTheHand","InnerPeace"],"campfire_rested":3,"item_purchase_floors":[19,19,46,46,46,46,46,46,46,53],"current_hp_per_floor":[72,62,62,59,59,59,25,23,23,26,23,43,38,28,28,28,57,56,56,56,43,33,15,15,15,15,38,27,20,19,18,41,28,65,65,58,54,54,54,54,54,54,54,54,47,57,52,42,42,41,76,76,76,76,87],"gold":103,"neow_bonus":"BOSS_RELIC","is_daily":false,"chose_seed":false,"campfire_upgraded":2,"win_rate":0.0,"timestamp":1608812265,"path_taken":["M","?","?","?","?","R","E","M","T","E","M","R","M","E","R","BOSS","M","$","M","?","M","E","?","E","T","R","E","M","M","E","R","BOSS","M","?","?","?","M","E","R","M","T","?","E","$","E","?","R","BOSS","R","$","E","BOSS"],"items_purchased_type":["Relic","Relic","Relic","Relic","Relic","Relic","Relic","Relic","Card","Card"],"build_version":"2020-12-22","purchased_purges":2,"victory":true,"max_hp_per_floor":[72,72,72,72,67,67,67,67,67,67,67,67,67,67,67,67,67,72,72,72,77,77,77,77,77,77,77,77,77,77,77,77,77,77,77,77,77,77,77,77,77,77,77,77,77,87,87,87,87,87,87,87,87,87,87],"relic_stats":{"Torii":28,"CeramicFish":144,"StoneCalendar":[104],"Bag of Preparation":[42],"CloakClasp":[371],"Juzu Bracelet":0,"Whetstone":["Wallop","FearNoEvil"],"Smiling Mask":40,"Cursed Key":2,"Blood Vial":2,"Mummified Hand":[26],"Gambling Chip":[27],"Happy Flower":[11],"counters":[32,192],"Golden Idol":274,"PreservedInsect":115,"Orichalcum":[228],"War Paint":["Pray","Vault"],"Question Card":17,"OrangePellets":[8],"Ornamental Fan":[88],"Bronze Scales":[388],"Pandora\u0027s Box":["Alpha","BattleHymn","Fasting2","Consecrate","LessonLearned","WaveOfTheHand","Establishment","BowlingBash"],"Black Star":8,"obtain_stats":[{"Lantern":47,"Torii":19,"CeramicFish":25,"Vajra":44,"StoneCalendar":36,"Bag of Preparation":19,"CloakClasp":23,"Juzu Bracelet":45,"Whetstone":26,"Smiling Mask":7,"Cursed Key":34,"Blood Vial":54,"HornCleat":46,"Mummified Hand":46,"Gambling Chip":37,"Red Mask":24,"Girya":23,"Pear":46,"Happy Flower":43,"Golden Idol":5,"Damaru":46,"Oddly Smooth Stone":54,"The Courier":28,"PreservedInsect":46,"Orichalcum":9,"Frozen Egg 2":25,"War Paint":40,"Question Card":28,"White Beast Statue":45,"OrangePellets":46,"Anchor":31,"Bottled Flame":47,"Ornamental Fan":31,"Bronze Scales":14,"Pandora\u0027s Box":0,"Bag of Marbles":10,"Black Star":17,"PureWater":0,"Toy Ornithopter":40},{"Lantern":29,"Torii":11,"CeramicFish":16,"Vajra":27,"StoneCalendar":23,"Bag of Preparation":11,"CloakClasp":14,"Juzu Bracelet":28,"Whetstone":16,"Smiling Mask":4,"Cursed Key":21,"Blood Vial":31,"HornCleat":28,"Mummified Hand":28,"Gambling Chip":24,"Red Mask":15,"Girya":14,"Pear":28,"Happy Flower":27,"Golden Idol":3,"Damaru":28,"Oddly Smooth Stone":31,"The Courier":17,"PreservedInsect":28,"Orichalcum":5,"Frozen Egg 2":16,"War Paint":26,"Question Card":17,"White Beast Statue":28,"OrangePellets":28,"Anchor":20,"Bottled Flame":29,"Ornamental Fan":20,"Bronze Scales":9,"Pandora\u0027s Box":0,"Bag of Marbles":6,"Black Star":10,"PureWater":0,"Toy Ornithopter":26},{"Lantern":170,"Torii":63,"CeramicFish":94,"Vajra":158,"StoneCalendar":137,"Bag of Preparation":63,"CloakClasp":82,"Juzu Bracelet":166,"Whetstone":94,"Smiling Mask":21,"Cursed Key":126,"Blood Vial":185,"HornCleat":166,"Mummified Hand":166,"Gambling Chip":144,"Red Mask":86,"Girya":82,"Pear":166,"Happy Flower":158,"Golden Idol":13,"Damaru":166,"Oddly Smooth Stone":185,"The Courier":99,"PreservedInsect":166,"Orichalcum":29,"Frozen Egg 2":94,"War Paint":154,"Question Card":99,"White Beast Statue":166,"OrangePellets":166,"Anchor":119,"Bottled Flame":170,"Ornamental Fan":119,"Bronze Scales":52,"Pandora\u0027s Box":0,"Bag of Marbles":37,"Black Star":57,"PureWater":0,"Toy Ornithopter":154}],"Toy Ornithopter":14},"card_choices":[{"not_picked":["SashWhip","CrushJoints"],"picked":"FollowUp","floor":1.0},{"not_picked":["EmptyBody","JustLucky"],"picked":"ThirdEye","floor":2.0},{"not_picked":["Fasting2","CrushJoints","EmptyMind"],"picked":"SKIP","floor":4.0},{"not_picked":["BowlingBash","ThirdEye"],"picked":"SandsOfTime","floor":7.0},{"not_picked":["PathToVictory","ClearTheMind"],"picked":"Nirvana","floor":8.0},{"not_picked":["Worship","Indignation"],"picked":"Wallop","floor":10.0},{"not_picked":["Halt","FlurryOfBlows"],"picked":"EmptyBody","floor":11.0},{"not_picked":["FollowUp","PathToVictory"],"picked":"ClearTheMind","floor":13.0},{"not_picked":["Consecrate","FlurryOfBlows"],"picked":"DevaForm","floor":14.0},{"not_picked":["ConjureBlade","Ragnarok"],"picked":"Vault","floor":16.0},{"not_picked":["PathToVictory+1","Halt+1"],"picked":"FearNoEvil","floor":18.0},{"not_picked":["SashWhip","Fasting2"],"picked":"Wallop","floor":20.0},{"not_picked":["Study","Swivel"],"picked":"Sanctity+1","floor":22.0},{"not_picked":["PathToVictory+1","EmptyFist"],"picked":"Devotion","floor":23.0},{"not_picked":["CrushJoints","Swivel"],"picked":"WheelKick","floor":24.0},{"not_picked":["Vengeance","CrushJoints","Evaluate"],"picked":"SKIP","floor":25.0},{"not_picked":["CutThroughFate","Pray"],"picked":"MasterReality+1","floor":28.0},{"not_picked":["BowlingBash","ClearTheMind+1","WreathOfFlame","PathToVictory"],"picked":"SKIP","floor":29.0},{"not_picked":["CrushJoints","JustLucky","SashWhip"],"picked":"EmptyMind","floor":30.0},{"not_picked":["Prostrate","Perseverance","SashWhip"],"picked":"TalkToTheHand","floor":31.0},{"not_picked":["Establishment+1","ConjureBlade","DevaForm+1"],"picked":"DeusExMachina","floor":33.0},{"not_picked":["MentalFortress+1","SashWhip+1","EmptyBody+1"],"picked":"CrushJoints+1","floor":35.0},{"not_picked":["Crescendo+1","Adaptation+1","EmptyBody+1"],"picked":"LikeWater+1","floor":36.0},{"not_picked":["CrushJoints","CutThroughFate+1","Prostrate+1"],"picked":"Vault","floor":39.0},{"not_picked":["FearNoEvil+1","PathToVictory","Vengeance"],"picked":"Pray","floor":40},{"not_picked":["FlyingSleeves+1","SashWhip","WaveOfTheHand"],"picked":"Evaluate","floor":42},{"not_picked":["Collect+1","BowlingBash+1","DeceiveReality+1"],"picked":"Meditate+1","floor":45},{"not_picked":["Judgement","FlurryOfBlows+1","Crescendo"],"picked":"Protect+1","floor":47},{"not_picked":["Bandage Up","Dramatic Entrance","Deep Breath"],"picked":"PanicButton","floor":48},{"not_picked":["Consecrate","CrushJoints+1","ConjureBlade","WaveOfTheHand"],"picked":"SKIP","floor":54}],"player_experience":545108,"relics_obtained":[{"floor":7.0,"key":"Smiling Mask"},{"floor":9.0,"key":"Orichalcum"},{"floor":10.0,"key":"Bag of Marbles"},{"floor":14.0,"key":"Bronze Scales"},{"floor":23.0,"key":"Girya"},{"floor":23.0,"key":"CloakClasp"},{"floor":24.0,"key":"Red Mask"},{"floor":25.0,"key":"CeramicFish"},{"floor":25.0,"key":"Frozen Egg 2"},{"floor":26.0,"key":"Whetstone"},{"floor":28.0,"key":"The Courier"},{"floor":28.0,"key":"Question Card"},{"floor":31.0,"key":"Ornamental Fan"},{"floor":31.0,"key":"Anchor"},{"floor":36.0,"key":"StoneCalendar"},{"floor":37.0,"key":"Gambling Chip"},{"floor":40,"key":"Toy Ornithopter"},{"floor":40,"key":"War Paint"},{"floor":43,"key":"Happy Flower"},{"floor":44,"key":"Vajra"},{"floor":45,"key":"Juzu Bracelet"},{"floor":45,"key":"White Beast Statue"},{"floor":47,"key":"Lantern"},{"floor":47,"key":"Bottled Flame"},{"floor":54,"key":"Blood Vial"},{"floor":54,"key":"Oddly Smooth Stone"}],"event_choices":[{"damage_healed":0.0,"max_hp_gain":0.0,"max_hp_loss":0.0,"gold_gain":0.0,"cards_transformed":["Eruption"],"event_name":"Transmorgrifier","player_choice":"Transformed","floor":3.0,"gold_loss":0.0,"damage_taken":0.0,"cards_obtained":["Vault"]},{"damage_healed":0.0,"max_hp_gain":0.0,"max_hp_loss":5.0,"gold_gain":0.0,"event_name":"Golden Idol","player_choice":"Lose Max HP","floor":5.0,"gold_loss":0.0,"damage_taken":0.0,"relics_obtained":["Golden Idol"]},{"damage_healed":0.0,"max_hp_gain":5.0,"max_hp_loss":0.0,"gold_gain":0.0,"event_name":"Forgotten Altar","player_choice":"Shed Blood","floor":21.0,"gold_loss":0.0,"damage_taken":18.0},{"damage_healed":0.0,"max_hp_gain":0.0,"max_hp_loss":0.0,"gold_gain":0.0,"event_name":"Masked Bandits","player_choice":"Fought Bandits","floor":24.0,"gold_loss":0.0,"damage_taken":0.0},{"damage_healed":0.0,"max_hp_gain":0.0,"max_hp_loss":0.0,"gold_gain":0.0,"event_name":"Mysterious Sphere","player_choice":"Fight","floor":36.0,"gold_loss":0.0,"damage_taken":0.0},{"damage_healed":0.0,"max_hp_gain":0.0,"max_hp_loss":0.0,"gold_gain":0.0,"event_name":"MindBloom","player_choice":"Fight","floor":37.0,"gold_loss":0.0,"damage_taken":0.0},{"damage_healed":0.0,"max_hp_gain":0.0,"max_hp_loss":0.0,"gold_gain":222.0,"event_name":"Tomb of Lord Red Mask","player_choice":"Wore Mask","floor":38.0,"gold_loss":0.0,"damage_taken":0.0},{"damage_healed":0,"gold_gain":0,"player_choice":"Memory 3","damage_taken":10,"max_hp_gain":0,"max_hp_loss":0,"event_name":"SensoryStone","floor":48,"gold_loss":0}],"is_beta":false,"boss_relics":[{"not_picked":["Ectoplasm","Runic Dome"],"picked":"Black Star"},{"not_picked":["Calling Bell","Runic Pyramid"],"picked":"Cursed Key"}],"items_purged_floors":[46,53],"is_endless":false,"potions_floor_spawned":[2,8,13,14,16,18,22,23,25,28,35,36,37,47,54],"ascension_level":5}}