{"host":"i3iesnh100m6i1gd","time":1608800722,"event":{"mods":["BaseMod","Colored Powertips","Downfall","Minty Spire (QoL Compilation)","Replay The Spire","StSLib"],"gold_per_floor":[110,126,126,146,172,197,197,217,217,234,234,234,60,85,85,189,189,204,238,238,53,71,71,71],"floor_reached":23,"playtime":1628,"items_purged":[],"score":199,"play_id":"a050b0c1-4ab3-400c-bcc9-776873a39450","local_time":"20201224010522","is_ascension_mode":false,"campfire_choices":[{"floor":7,"key":"REST"},{"data":"Eclipse","floor":15,"key":"SMITH"}],"circlet_count":0,"master_deck":["Strike_R","Strike_R","Defend_R","Defend_R","Defend_R","Bash","Chrysalis","Cleave","Flame Barrier","Dropkick","ReplayReversal","Eclipse+1","Dual Wield","Thunderclap","Shrug It Off+1","Spot Weakness","Offering+1","Limit Break+1","Juggernaut+1","Rupture+1","Rampage+1","ReplayTheSpireMod:Strike From Hell+1","Cleave+1","Warcry+1","Deep Breath+1","Power Through+1"],"relics":["Burning Blood","Girya","Toy Ornithopter","Potion Belt","Golden Egg","TheAbacus","Molten Egg 2","Astrolabe","Red Mask"],"acts_visited":["Exordium","TheCity"],"potions_floor_usage":[6,10,10,14,14,19],"damage_taken":[{"damage":8,"enemies":"Jaw Worm","floor":1,"turns":5},{"damage":11,"enemies":"Cultist","floor":2,"turns":5},{"damage":6,"enemies":"2 Louse","floor":4,"turns":2},{"damage":53,"enemies":"Lagavulin","floor":6,"turns":9},{"damage":6,"enemies":"2 Fungi Beasts","floor":8,"turns":4},{"damage":14,"enemies":"Looter","floor":10,"turns":3},{"damage":13,"enemies":"Gremlin Nob","floor":14,"turns":4},{"damage":32,"enemies":"The Guardian","floor":16,"turns":12},{"damage":6,"enemies":"Shell Parasite","floor":18,"turns":4},{"damage":41,"enemies":"Masked Bandits","floor":19,"turns":3},{"damage":12,"enemies":"Chosen","floor":22,"turns":3},{"damage":47,"enemies":"Slavers","floor":23,"turns":3}],"seed_played":"7652186792272595566","potions_obtained":[{"floor":1,"key":"Elixir"},{"floor":3,"key":"EntropicBrew"},{"floor":3,"key":"Doom Potion"},{"floor":6,"key":"Slimebound:ThreeZeroPotion"},{"floor":8,"key":"AttackPotion"},{"floor":14,"key":"Fruit Juice"},{"floor":19,"key":"GamblersBrew"},{"floor":22,"key":"Languid Potion"}],"is_trial":false,"path_per_floor":["M","M","?","M","?","E","R","M","T","M","?","?","$","E","R","B",null,"M","?","?","$","M","E"],"character_chosen":"IRONCLAD","items_purchased":["Shrug It Off","TheAbacus","Cleave+1","Warcry","Deep Breath"],"campfire_rested":1,"item_purchase_floors":[13,13,21,21,21],"current_hp_per_floor":[78,73,73,73,73,26,50,50,50,52,45,42,42,50,50,24,85,85,50,50,50,44,0,0],"gold":71,"neow_bonus":"RANDOM_COLORLESS_2","is_daily":false,"chose_seed":false,"campfire_upgraded":1,"win_rate":0.0,"timestamp":1608800722,"path_taken":["M","M","?","?","?","E","R","M","T","M","?","?","$","E","R","BOSS","M","?","?","$","M","E"],"items_purchased_type":["Card","Relic","Card","Card","Card"],"build_version":"2020-12-22","purchased_purges":0,"victory":false,"max_hp_per_floor":[80,80,80,80,80,80,80,80,80,80,80,80,80,85,85,85,85,85,85,85,85,85,85,85],"card_choices":[{"not_picked":["The Bomb","ReplayTheSpireMod:Brewmster"],"picked":"Chrysalis","floor":0},{"not_picked":["ReplayTheSpireMod:Strike From Hell","True Grit"],"picked":"Cleave","floor":1},{"not_picked":["Cleave","Ghostly Armor"],"picked":"Flame Barrier","floor":2},{"not_picked":["Carnage","Warcry"],"picked":"Dropkick","floor":4},{"not_picked":["Inflame","Clothesline"],"picked":"ReplayReversal","floor":5},{"not_picked":["Body Slam","Replay:Undeath\u0027s Touch"],"picked":"Eclipse","floor":6},{"not_picked":["True Grit","Armaments"],"picked":"Dual Wield","floor":8},{"not_picked":["Twin Strike","Cleave"],"picked":"Thunderclap","floor":10},{"not_picked":["Rupture","Searing Blow+1"],"picked":"Spot Weakness","floor":14},{"not_picked":["Bludgeon+1","Feed+1"],"picked":"Offering","floor":16},{"not_picked":["Shockwave+1","Metallicize"],"picked":"Rampage+1","floor":18},{"not_picked":["Sword Boomerang+1","Cleave+1"],"picked":"ReplayTheSpireMod:Strike From Hell+1","floor":19},{"not_picked":["Wild Strike+1","Carnage+1"],"picked":"Power Through+1","floor":22}],"player_experience":80411,"relics_obtained":[{"floor":5,"key":"Girya"},{"floor":6,"key":"Toy Ornithopter"},{"floor":9,"key":"Potion Belt"},{"floor":14,"key":"Molten Egg 2"},{"floor":19,"key":"Red Mask"}],"event_choices":[{"damage_healed":0,"gold_gain":0,"player_choice":"Got Potions","damage_taken":0,"max_hp_gain":0,"max_hp_loss":0,"event_name":"Lab","floor":3,"gold_loss":0},{"cards_removed":["Normality"],"damage_healed":0,"gold_gain":0,"player_choice":"Card Removal","damage_taken":7,"max_hp_gain":0,"max_hp_loss":0,"event_name":"Golden Wing","floor":11,"gold_loss":0},{"damage_healed":0,"gold_gain":0,"player_choice":"Success","damage_taken":3,"relics_obtained":["Golden Egg"],"max_hp_gain":0,"max_hp_loss":0,"event_name":"Scrap Ooze","floor":12,"gold_loss":0},{"damage_healed":0,"gold_gain":0,"player_choice":"Fought Bandits","damage_taken":0,"max_hp_gain":0,"max_hp_loss":0,"event_name":"Masked Bandits","floor":19,"gold_loss":0},{"cards_removed":["Strike_R"],"damage_healed":0,"gold_gain":0,"player_choice":"Purged","damage_taken":0,"max_hp_gain":0,"max_hp_loss":0,"event_name":"Purifier","floor":20,"gold_loss":0}],"is_beta":false,"boss_relics":[{"not_picked":["Replay:Wanted Poster","Replay:Drink Me"],"picked":"Astrolabe"}],"items_purged_floors":[],"is_endless":false,"potions_floor_spawned":[1,6,8,14,19,22],"killed_by":"Slavers","ascension_level":0}}