{"host":"f1miojwxaupu79sp","time":1608778642,"event":{"mods":["BaseMod","Better Vampires","Minty Spire (QoL Compilation)","Shop Mod"],"gold_per_floor":[13,27,27,39,9,9,9,9,9,22,22,33,58,58,58,58,58],"floor_reached":16,"playtime":6351,"items_purged":[],"score":165,"play_id":"fd9c0303-fa8e-4d8a-b0e1-decf70c91067","local_time":"20201223215722","is_ascension_mode":true,"campfire_choices":[{"data":"Backflip","floor":6,"key":"SMITH"},{"data":"Prepared","floor":8,"key":"SMITH"},{"floor":15,"key":"REST"}],"circlet_count":0,"master_deck":["AscendersBane","Strike_G","Strike_G","Strike_G+1","Strike_G","Strike_G+1","Defend_G","Defend_G","Defend_G","Defend_G","Defend_G","Survivor","Neutralize","Prepared+1","Backflip+1","Concentrate+1","Terror"],"relics":["Ring of the Snake","Tough Bandages","InkBottle","Tiny Chest"],"acts_visited":["Exordium"],"potions_floor_usage":[10,13,16,16],"damage_taken":[{"damage":5,"enemies":"Cultist","floor":1,"turns":5},{"damage":0,"enemies":"Small Slimes","floor":2,"turns":3},{"damage":0,"enemies":"Jaw Worm","floor":4,"turns":5},{"damage":3,"enemies":"Looter","floor":5,"turns":4},{"damage":10,"enemies":"Exordium Wildlife","floor":10,"turns":12},{"damage":13,"enemies":"Large Slime","floor":12,"turns":8},{"damage":8,"enemies":"Gremlin Nob","floor":13,"turns":4},{"damage":12,"enemies":"Hexaghost","floor":16,"turns":16}],"seed_played":"487920780520773670","potions_obtained":[{"floor":1,"key":"EssenceOfSteel"},{"floor":4,"key":"PowerPotion"},{"floor":12,"key":"SkillPotion"},{"floor":13,"key":"Block Potion"}],"is_trial":false,"path_per_floor":["M","M","$","M","M","R","?","R","T","M","?","M","E","?","R","B"],"character_chosen":"THE_SILENT","items_purchased":[],"campfire_rested":1,"item_purchase_floors":[],"current_hp_per_floor":[58,58,58,58,55,55,55,55,55,45,31,18,10,10,31,19,19],"gold":58,"neow_bonus":"ONE_RARE_RELIC","is_daily":false,"chose_seed":false,"campfire_upgraded":2,"win_rate":0.0,"timestamp":1608778642,"path_taken":["M","M","$","M","M","R","?","R","T","M","?","?","E","?","R","BOSS"],"items_purchased_type":[],"build_version":"2020-12-22","purchased_purges":0,"victory":false,"max_hp_per_floor":[70,70,70,70,70,70,70,70,70,70,70,70,70,70,70,70,70],"card_choices":[{"not_picked":["Blade Dance","Backflip"],"picked":"Prepared","floor":1},{"not_picked":["Prepared","Blade Dance","Endless Agony"],"picked":"SKIP","floor":2},{"not_picked":["Outmaneuver","Prepared"],"picked":"Backflip","floor":4},{"not_picked":["Acrobatics","Outmaneuver","Accuracy"],"picked":"SKIP","floor":5},{"not_picked":["Choke","Outmaneuver"],"picked":"Concentrate","floor":10},{"not_picked":["Quick Slash","Finisher"],"picked":"Terror","floor":12},{"not_picked":["Heel Hook","Envenom","Choke"],"picked":"SKIP","floor":13}],"player_experience":707720,"relics_obtained":[{"floor":9,"key":"InkBottle"},{"floor":13,"key":"Tiny Chest"}],"event_choices":[{"damage_healed":0,"gold_gain":0,"player_choice":"Ignored","damage_taken":0,"max_hp_gain":0,"max_hp_loss":0,"event_name":"Liars Game","floor":7,"gold_loss":0},{"damage_healed":0,"gold_gain":0,"player_choice":"Entered Light","damage_taken":14,"max_hp_gain":0,"max_hp_loss":0,"event_name":"Shining Light","floor":11,"gold_loss":0,"cards_upgraded":["Strike_G","Strike_G"]},{"damage_healed":0,"gold_gain":0,"player_choice":"Grow","damage_taken":0,"max_hp_gain":0,"max_hp_loss":0,"event_name":"Living Wall","floor":14,"gold_loss":0,"cards_upgraded":["Concentrate"]}],"is_beta":false,"boss_relics":[],"items_purged_floors":[],"is_endless":false,"potions_floor_spawned":[1,4,12,13],"killed_by":"Hexaghost","ascension_level":13}}