{"host":"m6aaltr68g9tvoay","time":1608774501,"event":{"mods":["AchievementEnabler","BaseMod","Colored Map","Minty Spire (QoL Compilation)","StSLib"],"gold_per_floor":[112,127,49,66,82,82,100,100,127,157,176,176,226,246,246,324,324,340,340,340],"floor_reached":19,"playtime":861,"items_purged":[],"score":333,"play_id":"461c0fa2-ed46-441f-9ba7-c51b002038df","local_time":"20201223174821","is_ascension_mode":true,"campfire_choices":[{"data":"White Noise","floor":6,"key":"SMITH"},{"floor":8,"key":"REST"},{"floor":12,"key":"REST"},{"floor":15,"key":"REST"}],"circlet_count":0,"master_deck":["AscendersBane","Zap","Dualcast","Gash","Streamline","Leap","Gash","White Noise+1","Go for the Eyes","Reinforced Body","Conserve Battery","Conserve Battery","Gash","Buffer","Beam Cell","Seek","Redo","Stack","Static Discharge","Steam Power","White Noise","Fusion","Fusion","Hello World","Barrage+1"],"relics":["Cracked Core","Dream Catcher","Pen Nib","Pandora\u0027s Box"],"acts_visited":["Exordium","TheCity"],"potions_floor_usage":[10,10],"damage_taken":[{"damage":2,"enemies":"Cultist","floor":1,"turns":4},{"damage":7,"enemies":"Jaw Worm","floor":2,"turns":3},{"damage":7,"enemies":"Small Slimes","floor":4,"turns":3},{"damage":1,"enemies":"Looter","floor":5,"turns":3},{"damage":15,"enemies":"3 Louse","floor":7,"turns":3},{"damage":28,"enemies":"Lagavulin","floor":10,"turns":6},{"damage":28,"enemies":"Large Slime","floor":11,"turns":5},{"damage":5,"enemies":"Exordium Wildlife","floor":14,"turns":4},{"damage":27,"enemies":"The Guardian","floor":16,"turns":11},{"damage":22,"enemies":"Spheric Guardian","floor":18,"turns":4},{"damage":54,"enemies":"Masked Bandits","floor":19,"turns":3}],"seed_played":"292059670817668943","potions_obtained":[{"floor":2,"key":"Dexterity Potion"},{"floor":4,"key":"DistilledChaos"},{"floor":16,"key":"FearPotion"}],"is_trial":false,"path_per_floor":["M","M","$","M","M","R","M","R","T","E","M","R","?","M","R","B",null,"M","?"],"character_chosen":"DEFECT","items_purchased":["Leap","Gash"],"campfire_rested":3,"item_purchase_floors":[3,3],"current_hp_per_floor":[69,62,62,55,54,54,39,62,62,34,6,29,29,24,47,20,64,42,0,0],"gold":340,"neow_bonus":"TEN_PERCENT_HP_BONUS","is_daily":false,"chose_seed":false,"campfire_upgraded":1,"win_rate":0.0,"timestamp":1608774501,"path_taken":["M","M","$","M","M","R","M","R","T","E","?","R","?","M","R","BOSS","M","?"],"items_purchased_type":["Card","Card"],"build_version":"2020-12-22","purchased_purges":0,"victory":false,"max_hp_per_floor":[78,78,78,78,78,78,78,78,78,78,78,78,78,78,78,78,78,78,78,78],"card_choices":[{"not_picked":["Hologram","Turbo"],"picked":"Gash","floor":1},{"not_picked":["Ball Lightning","Undo"],"picked":"Streamline","floor":2},{"not_picked":["Barrage","Sweeping Beam"],"picked":"White Noise","floor":4},{"not_picked":["Heatsinks","Turbo"],"picked":"Go for the Eyes","floor":5},{"not_picked":["Recycle","Redo"],"picked":"Reinforced Body","floor":7},{"not_picked":["Chaos","Steam"],"picked":"Conserve Battery","floor":10},{"not_picked":["Machine Learning","Streamline"],"picked":"Conserve Battery","floor":11},{"not_picked":["Hello World","Cold Snap"],"picked":"Gash","floor":12},{"not_picked":["Stack","Reprogram"],"picked":"Buffer","floor":14},{"not_picked":["Cold Snap","Barrage"],"picked":"Beam Cell","floor":15},{"not_picked":["Amplify","Meteor Strike"],"picked":"Seek","floor":16},{"not_picked":["Chaos","Scrape"],"picked":"Barrage+1","floor":18}],"player_experience":1301600,"relics_obtained":[{"floor":9,"key":"Dream Catcher"},{"floor":10,"key":"Pen Nib"}],"event_choices":[{"damage_healed":0,"gold_gain":50,"player_choice":"Pray","damage_taken":0,"max_hp_gain":0,"max_hp_loss":0,"event_name":"Golden Shrine","floor":13,"gold_loss":0},{"damage_healed":0,"gold_gain":0,"player_choice":"Fought Bandits","damage_taken":0,"max_hp_gain":0,"max_hp_loss":0,"event_name":"Masked Bandits","floor":19,"gold_loss":0}],"is_beta":false,"boss_relics":[{"not_picked":["Runic Dome","Velvet Choker"],"picked":"Pandora\u0027s Box"}],"items_purged_floors":[],"is_endless":false,"potions_floor_spawned":[2,4,16],"killed_by":"Masked Bandits","ascension_level":19}}