{"host":"6p0attdrtjqaih7v","time":1608783583,"event":{"mods":["2.2 Compatiblity","AchievementEnabler","Bard","BaseMod","Better Skull","Better Third Choice","Colored Powertips","Hermit","Highlight Path","Jorbs\u0027s Wanderer Trilogy","Key Reminder","Minty Spire (QoL Compilation)","Permanent Neow","Quick Restart","Random Character Button","Relic Stats","Replay The Spire","StSLib","The Construct"],"gold_per_floor":[215,229,50,85,108,108,133,133,133,245,286,286,336,381,381,481,481,522,522,587,649,143,253,253,178,178,178,216,45,45,102,102,180,180,225,261,186,204,319,348,387,65,65,65,121,121,215,265,265,290,290,290,55,83,83],"floor_reached":56,"playtime":35463,"items_purged":["Decay","Strike_B","Defend_B","HandOfGreed+1"],"score":2426,"play_id":"9080f0c8-6b7b-42d5-b2a4-aefcb9b6ef27","local_time":"20201223231943","is_ascension_mode":true,"campfire_choices":[{"data":"HandOfGreed","floor":6,"key":"SMITH"},{"data":"Static Discharge","floor":8,"key":"SMITH"},{"data":"Zap","floor":12,"key":"SMITH"},{"data":"Hologram","floor":15,"key":"SMITH"},{"data":"Capacitor","floor":24,"key":"SMITH"},{"data":"Self Repair","floor":30,"key":"SMITH"},{"data":"Fission","floor":32,"key":"SMITH"},{"floor":44,"key":"RECALL"},{"data":"Coolheaded","floor":46,"key":"SMITH"},{"data":"Impatience","floor":46,"key":"SMITH"},{"data":"Biased Cognition","floor":49,"key":"SMITH"},{"data":"Master of Strategy","floor":49,"key":"SMITH"},{"data":"Auto Shields","floor":52,"key":"SMITH"},{"data":"Dualcast","floor":52,"key":"SMITH"}],"circlet_count":0,"master_deck":["AscendersBane","Defend_B","Defend_B","Zap+1","Dualcast+1","Gash","Chill","Static Discharge+1","Compile Driver","Chill","Hologram+1","Biased Cognition+1","Auto Shields+1","Core Surge","Chill","Capacitor+1","Gash","Impatience+1","Echo Form","Self Repair+1","Fission+1","Seek","Scrape+1","Coolheaded+1","Master of Strategy+1","Biased Cognition+1","Capacitor"],"relics":["Cracked Core","ReplayTheSpireMod:CursedCoin","ReplayTheSpireMod:Lightbulb","Thread and Needle","ReplayFunnel","Iron Hammer","Coffee Dripper","Gremlin Horn","Omamori","ReplayTheSpireMod:Shallot","Membership Card","Garlic","Sozu","Meat on the Bone","Replay:Arrowhead","Bottled Lightning","Unceasing Top","TungstenRod","Bag of Preparation"],"acts_visited":["Exordium","TheCity","TheBeyond","TheEnding"],"potions_floor_usage":[11,13,23,31,31,33],"damage_taken":[{"damage":1,"enemies":"Cultist","floor":1,"turns":3},{"damage":4,"enemies":"Small Slimes","floor":2,"turns":3},{"damage":7,"enemies":"Jaw Worm","floor":4,"turns":3},{"damage":13,"enemies":"Lagavulin","floor":7,"turns":6},{"damage":0,"enemies":"Gremlin Gang","floor":10,"turns":8},{"damage":0,"enemies":"Looter","floor":11,"turns":2},{"damage":0,"enemies":"Gremlin Nob","floor":13,"turns":2},{"damage":0,"enemies":"Blue Slaver","floor":14,"turns":2},{"damage":0,"enemies":"The Guardian","floor":16,"turns":14},{"damage":0,"enemies":"Shell Parasite","floor":18,"turns":7},{"damage":0,"enemies":"3 Byrds","floor":20,"turns":7},{"damage":0,"enemies":"Centurion and Healer","floor":21,"turns":7},{"damage":0,"enemies":"Slavers","floor":23,"turns":6},{"damage":0,"enemies":"Sentry and Sphere","floor":28,"turns":4},{"damage":2,"enemies":"Gremlin Leader","floor":31,"turns":6},{"damage":0,"enemies":"Champ","floor":33,"turns":9},{"damage":0,"enemies":"Orb Walker","floor":35,"turns":3},{"damage":2,"enemies":"3 Darklings","floor":36,"turns":5},{"damage":0,"enemies":"Transient","floor":38,"turns":6},{"damage":0,"enemies":"4 Shapes","floor":39,"turns":6},{"damage":6,"enemies":"Nemesis","floor":40,"turns":7},{"damage":0,"enemies":"Maw","floor":41,"turns":7},{"damage":0,"enemies":"Reptomancer","floor":45,"turns":4},{"damage":0,"enemies":"Sphere and 2 Shapes","floor":47,"turns":5},{"damage":0,"enemies":"Mind Bloom Boss Battle","floor":48,"turns":5},{"damage":26,"enemies":"Time Eater","floor":50,"turns":34},{"damage":16,"enemies":"Shield and Spear","floor":54,"turns":8},{"damage":32,"enemies":"The Heart","floor":55,"turns":8}],"seed_played":"-978541493638789637","potions_obtained":[{"floor":7,"key":"Fruit Juice"},{"floor":11,"key":"LiquidMemories"},{"floor":14,"key":"SteroidPotion"},{"floor":18,"key":"DuplicationPotion"},{"floor":23,"key":"LiquidMemories"},{"floor":31,"key":"LifebloodPotion"}],"is_trial":false,"path_per_floor":["M","M","$","M","T","R","E","R","T","M","M","R","E","M","R","B",null,"M","?","M","M","$","E","R","?","T","?","M","$","R","E","R","B",null,"M","M","?","M","M","E","M","$","T","R","E","R","M","?","R","B",null,"R","$","E","B",null],"character_chosen":"DEFECT","items_purchased":["HandOfGreed","ReplayTheSpireMod:CursedCoin","Block Potion","Gremlin Horn","Gash","Impatience","Membership Card","Replay:Arrowhead","Master of Strategy","TungstenRod"],"campfire_rested":0,"item_purchase_floors":[3,3,3,22,22,22,29,42,42,53],"current_hp_per_floor":[63,59,59,52,52,52,39,39,39,39,44,44,44,44,44,44,68,68,68,68,68,68,68,68,68,68,68,68,68,68,76,76,76,76,76,76,76,76,76,76,76,76,76,76,76,76,76,76,76,70,75,75,75,76,54],"gold":83,"neow_bonus":"HUNDRED_GOLD","is_daily":false,"chose_seed":false,"campfire_upgraded":13,"win_rate":0.0,"timestamp":1608783583,"path_taken":["M","M","$","?","?","R","E","R","T","M","M","R","E","M","R","BOSS","M","?","M","M","$","E","R","?","T","?","M","$","R","E","R","BOSS","M","?","?","?","M","E","M","$","T","R","E","R","M","?","R","BOSS","R","$","E","BOSS"],"items_purchased_type":["Card","Relic","Potion","Relic","Card","Card","Relic","Relic","Card","Relic"],"build_version":"2020-12-22","purchased_purges":4,"victory":true,"max_hp_per_floor":[71,71,71,71,71,71,71,71,71,71,76,76,76,76,76,76,76,76,76,76,76,76,76,76,76,76,76,76,76,76,76,76,76,76,76,76,76,76,76,76,76,76,76,76,76,76,76,76,76,76,76,76,76,76,76],"relic_stats":{"Sozu":4,"Gremlin Horn":[22,22],"counters":[28,187],"Bag of Preparation":[2],"obtain_stats":[{"ReplayFunnel":9,"Gremlin Horn":22,"ReplayTheSpireMod:CursedCoin":3,"Thread and Needle":7,"Omamori":23,"Bag of Preparation":54,"Replay:Arrowhead":42,"keyreminder:keyreminder":31,"Sozu":34,"ReplayTheSpireMod:Shallot":26,"Iron Hammer":13,"Coffee Dripper":17,"Garlic":31,"Membership Card":29,"Bottled Lightning":45,"Cracked Core":0,"ReplayTheSpireMod:Lightbulb":5,"Unceasing Top":48,"TungstenRod":53,"Meat on the Bone":40},{"ReplayFunnel":4,"Gremlin Horn":12,"ReplayTheSpireMod:CursedCoin":2,"Thread and Needle":4,"Omamori":13,"Bag of Preparation":27,"Replay:Arrowhead":22,"keyreminder:keyreminder":15,"Sozu":16,"ReplayTheSpireMod:Shallot":13,"Iron Hammer":7,"Coffee Dripper":9,"Garlic":15,"Membership Card":14,"Bottled Lightning":23,"Cracked Core":0,"ReplayTheSpireMod:Lightbulb":3,"Unceasing Top":25,"TungstenRod":26,"Meat on the Bone":21},{"ReplayFunnel":15,"Gremlin Horn":64,"ReplayTheSpireMod:CursedCoin":6,"Thread and Needle":15,"Omamori":70,"Bag of Preparation":179,"Replay:Arrowhead":123,"keyreminder:keyreminder":80,"Sozu":89,"ReplayTheSpireMod:Shallot":70,"Iron Hammer":27,"Coffee Dripper":43,"Garlic":80,"Membership Card":74,"Bottled Lightning":127,"Cracked Core":0,"ReplayTheSpireMod:Lightbulb":9,"Unceasing Top":137,"TungstenRod":171,"Meat on the Bone":116}],"Unceasing Top":[0],"TungstenRod":41,"Meat on the Bone":0},"card_choices":[{"not_picked":["Redo","ReplayTheSpireMod:Calculation Training"],"picked":"Gash","floor":1},{"not_picked":["Barrage","Turbo"],"picked":"Chill","floor":2},{"not_picked":["Steam Power","Rebound"],"picked":"Static Discharge","floor":4},{"not_picked":["Reinforced Body","Rainbow"],"picked":"Compile Driver","floor":7},{"not_picked":["Reprogram","Conserve Battery","Melter"],"picked":"SKIP","floor":10},{"not_picked":["Streamline","Redo"],"picked":"Chill","floor":11},{"not_picked":["Melter","Force Field"],"picked":"Hologram","floor":13},{"not_picked":["Leap","BasicCrystalCard","Conserve Battery"],"picked":"SKIP","floor":14},{"not_picked":["Thunder Strike","Buffer"],"picked":"Biased Cognition","floor":16},{"not_picked":["Conserve Battery","Rebound"],"picked":"Auto Shields","floor":18},{"not_picked":["Rebound","ReplayTheSpireMod:Calculation Training"],"picked":"Capacitor","floor":20},{"not_picked":["Reprogram","Rebound","Leap+1"],"picked":"SKIP","floor":21},{"not_picked":["Hologram","Go for the Eyes"],"picked":"Echo Form","floor":23},{"not_picked":["Reprogram","FIFO Queue"],"picked":"Self Repair","floor":28},{"not_picked":["Coolheaded","Loop"],"picked":"Fission","floor":31},{"not_picked":["Rainbow","Echo Form"],"picked":"Seek","floor":33},{"not_picked":["Streamline","Steam Power+1","Aggregate"],"picked":"SKIP","floor":35},{"not_picked":["Leap","Gash+1"],"picked":"Scrape+1","floor":36},{"not_picked":["Rebound","Storm"],"picked":"Coolheaded","floor":38},{"not_picked":["Steam+1","Barrage+1","Turbo"],"picked":"SKIP","floor":39},{"not_picked":["Biased Cognition","Aggregate","Streamline+1"],"picked":"SKIP","floor":40},{"not_picked":["Biased Cognition","Aggregate","Streamline+1"],"picked":"SKIP","floor":40},{"not_picked":["Cold Snap","Stack","Sweeping Beam"],"picked":"SKIP","floor":41},{"not_picked":["Genetic Algorithm","Tempest","Compile Driver"],"picked":"SKIP","floor":45},{"not_picked":["Go for the Eyes","Force Field"],"picked":"Biased Cognition","floor":47},{"not_picked":["Compile Driver+1","Sweeping Beam"],"picked":"Capacitor","floor":54}],"player_experience":878706,"relics_obtained":[{"floor":5,"key":"ReplayTheSpireMod:Lightbulb"},{"floor":7,"key":"Thread and Needle"},{"floor":9,"key":"ReplayFunnel"},{"floor":13,"key":"Iron Hammer"},{"floor":23,"key":"Omamori"},{"floor":26,"key":"ReplayTheSpireMod:Shallot"},{"floor":31,"key":"Garlic"},{"floor":40,"key":"Meat on the Bone"},{"floor":45,"key":"Bottled Lightning"},{"floor":48,"key":"Unceasing Top"},{"floor":54,"key":"Bag of Preparation"}],"event_choices":[{"damage_healed":0,"gold_gain":0,"cards_transformed":["Strike_B","Strike_B"],"player_choice":"Became Test Subject","damage_taken":0,"max_hp_gain":0,"max_hp_loss":0,"event_name":"Drug Dealer","floor":19,"gold_loss":0,"cards_obtained":["Core Surge","Chill"]},{"cards_removed":["Strike_B"],"damage_healed":0,"gold_gain":0,"player_choice":"Gave Gold","damage_taken":0,"max_hp_gain":0,"max_hp_loss":0,"event_name":"Beggar","floor":25,"gold_loss":75},{"damage_healed":0,"gold_gain":0,"player_choice":"Upgraded","damage_taken":0,"max_hp_gain":0,"max_hp_loss":0,"event_name":"Upgrade Shrine","floor":27,"gold_loss":0,"cards_upgraded":["Biased Cognition"]},{"cards_removed":["Defend_B"],"damage_healed":0,"gold_gain":0,"player_choice":"Single Remove","damage_taken":0,"max_hp_gain":0,"max_hp_loss":0,"event_name":"Designer","floor":37,"gold_loss":75},{"damage_healed":0,"gold_gain":0,"player_choice":"Fight","damage_taken":0,"max_hp_gain":0,"max_hp_loss":0,"event_name":"MindBloom","floor":48,"gold_loss":0}],"is_beta":false,"boss_relics":[{"not_picked":["Busted Crown","Tiny House"],"picked":"Coffee Dripper"},{"not_picked":["Kintsugi","Replay:Bronze Core"],"picked":"Sozu"}],"items_purged_floors":[3,22,42,53],"is_endless":false,"potions_floor_spawned":[7,11,14,16,18,21,23,31,35,40,45,48],"ascension_level":18}}