{"host":"4nheqd2tld5ixkgx","time":1608827271,"event":{"mods":["BaseMod","GifTheSpireLib","HololiveMod","KinomotoSakuraMod(–Ø”V–{?)","Minty Spire (QoL Compilation)","StSLib","The Cursed"],"gold_per_floor":[115,134,152,227,303,336,351,351,378,405,419,60,60,74,74,74,74],"floor_reached":16,"playtime":970,"items_purged":[],"score":112,"play_id":"ec3fc475-0856-46f0-8d56-3a9e3e8835be","local_time":"20201225012751","is_ascension_mode":false,"campfire_choices":[{"data":"TheCursedMod:HellsGateOpen","floor":13,"key":"SMITH"},{"floor":15,"key":"REST"}],"circlet_count":0,"master_deck":["TheCursedMod:Strike_TheCursed","TheCursedMod:Strike_TheCursed","TheCursedMod:Strike_TheCursed","TheCursedMod:Strike_TheCursed","TheCursedMod:Defend_TheCursed","TheCursedMod:Defend_TheCursed","TheCursedMod:Defend_TheCursed","TheCursedMod:Defend_TheCursed+1","TheCursedMod:CursedWand","TheCursedMod:CleanUpWorkshop","TheCursedMod:Dregs","TheCursedMod:CircleOfFocus+1","TheCursedMod:CursedMace","TheCursedMod:Stigma","TheCursedMod:EmpowerCircles","TheCursedMod:CursedShiv","TheCursedMod:AbyssShockwave","TheCursedMod:HellsGateOpen+1","TheCursedMod:Hemoplague","TheCursedMod:CircleOfFlame","TheCursedMod:CircleOfAmplification","TheCursedMod:CircleOfCorruption"],"relics":["SlaversCollar","Anchor","TheCursedMod:Tack","War Paint"],"acts_visited":["Exordium"],"potions_floor_usage":[6,10,10,16],"damage_taken":[{"damage":0,"enemies":"Small Slimes","floor":1,"turns":3},{"damage":4,"enemies":"Jaw Worm","floor":2,"turns":4},{"damage":1,"enemies":"Cultist","floor":3,"turns":3},{"damage":23,"enemies":"3 Sentries","floor":6,"turns":9},{"damage":0,"enemies":"3 Louse","floor":7,"turns":4},{"damage":46,"enemies":"Lagavulin","floor":10,"turns":7},{"damage":0,"enemies":"2 Fungi Beasts","floor":11,"turns":2},{"damage":7,"enemies":"Exordium Wildlife","floor":14,"turns":3},{"damage":19,"enemies":"Slime Boss","floor":16,"turns":7}],"seed_played":"8491827232544333746","potions_obtained":[{"floor":1,"key":"GamblersBrew"},{"floor":6,"key":"SkillPotion"},{"floor":7,"key":"FearPotion"},{"floor":8,"key":"FairyPotion"},{"floor":8,"key":"CultistPotion"},{"floor":10,"key":"SteroidPotion"}],"is_trial":false,"path_per_floor":["M","M","M","?","?","E","M","?","T","E","M","$","R","M","R","B"],"character_chosen":"THE_CURSED","items_purchased":["War Paint","TheCursedMod:Hemoplague","TheCursedMod:CircleOfFlame","TheCursedMod:CircleOfAmplification"],"campfire_rested":1,"item_purchase_floors":[12,12,12,12],"current_hp_per_floor":[75,71,70,59,59,36,36,36,36,12,12,12,12,5,27,8,8],"gold":74,"neow_bonus":"BOSS_RELIC","is_daily":false,"chose_seed":false,"campfire_upgraded":1,"win_rate":0.0,"timestamp":1608827271,"path_taken":["M","M","M","?","?","E","M","?","T","E","?","$","R","M","R","BOSS"],"items_purchased_type":["Relic","Card","Card","Card"],"build_version":"2020-12-22","purchased_purges":0,"victory":false,"max_hp_per_floor":[75,75,75,75,75,75,75,75,75,75,75,75,75,75,75,75,75],"card_choices":[{"not_picked":["TheCursedMod:SpitefulStrike","TheCursedMod:FleshFromBone"],"picked":"TheCursedMod:CircleOfFocus","floor":1},{"not_picked":["TheCursedMod:SurpriseAttack","TheCursedMod:TacticalStrike"],"picked":"TheCursedMod:CursedMace","floor":2},{"not_picked":["TheCursedMod:RapidMovement","TheCursedMod:Stretching"],"picked":"TheCursedMod:Stigma","floor":3},{"not_picked":["TheCursedMod:CursedAmulet","TheCursedMod:CursedSpellbook"],"picked":"TheCursedMod:EmpowerCircles","floor":6},{"not_picked":["TheCursedMod:VitalStrike","TheCursedMod:BlessingInDisguise"],"picked":"TheCursedMod:CursedShiv","floor":7},{"not_picked":["TheCursedMod:CursedArmor","TheCursedMod:Wield"],"picked":"TheCursedMod:AbyssShockwave","floor":10},{"not_picked":["TheCursedMod:LuckyCharm","TheCursedMod:StingEye"],"picked":"TheCursedMod:HellsGateOpen","floor":11},{"not_picked":["TheCursedMod:SurpriseAttack","TheCursedMod:Wield"],"picked":"TheCursedMod:CircleOfCorruption","floor":14}],"player_experience":301951,"relics_obtained":[{"floor":6,"key":"Anchor"},{"floor":10,"key":"TheCursedMod:Tack"}],"event_choices":[{"damage_healed":0,"gold_gain":75,"player_choice":"Gather Gold","damage_taken":11,"max_hp_gain":0,"max_hp_loss":0,"event_name":"World of Goop","floor":4,"gold_loss":0},{"damage_healed":0,"gold_gain":76,"player_choice":"Gained Gold","damage_taken":0,"max_hp_gain":0,"max_hp_loss":0,"event_name":"Golden Wing","floor":5,"gold_loss":0},{"damage_healed":0,"gold_gain":0,"player_choice":"Got Potions","damage_taken":0,"max_hp_gain":0,"max_hp_loss":0,"event_name":"Lab","floor":8,"gold_loss":0}],"is_beta":false,"boss_relics":[],"items_purged_floors":[],"is_endless":false,"potions_floor_spawned":[1,6,7,10],"killed_by":"Slime Boss","ascension_level":0}}