{"host":"jpyc2kczef5p02oc","time":1608778951,"event":{"mods":["ATMod(阿瑾Mod)","BaseMod","Friendly Minions","Hubris","Marisa（F雨　魔理沙）","Minty Spire (QoL Compilation)","StSLib","Td1madao Mod","The Servant 0.9.4","【功能Mod】聪明的最终Boss"],"gold_per_floor":[113,113,123,123,133,161,161,179,179,195,213,228,257,100,100,177,227,245,445,462,462,472,472,472],"floor_reached":23,"playtime":1227,"items_purged":[],"score":390,"play_id":"3ea44c35-1acb-4dfa-89b1-51885740a096","local_time":"20201224110231","is_ascension_mode":true,"campfire_choices":[{"data":"AT_FamilyPortrait","floor":7.0,"key":"SMITH"},{"data":"Limit Break","floor":15.0,"key":"SMITH"}],"circlet_count":0,"master_deck":["AscendersBane","Strike_R+1","Strike_R+1","Strike_R","Strike_R","Defend_R","Defend_R+1","Defend_R","Defend_R","Bash","AT_FamilyPortrait+1","Iron Wave","AT_CaressingTears","Double Tap","AT_BodySlamDance","Armaments","AT_IchimonjiDouble","Carnage","Limit Break+1","Barricade","hubris:ReadiedAction","Metallicize+1"],"relics":["Burning Blood","AT_ATBox","NeowsBlessing","Torii","Question Card","hubris:CrystalStatue","Tiny House"],"acts_visited":["Exordium","TheCity"],"potions_floor_usage":[22,22],"damage_taken":[{"damage":0.0,"enemies":"Small Slimes","floor":1.0,"turns":1.0},{"damage":0.0,"enemies":"Jaw Worm","floor":3.0,"turns":1.0},{"damage":0.0,"enemies":"Cultist","floor":5.0,"turns":1.0},{"damage":17.0,"enemies":"Lagavulin","floor":6.0,"turns":6.0},{"damage":7.0,"enemies":"Exordium Thugs","floor":8.0,"turns":3.0},{"damage":1.0,"enemies":"3 Louse","floor":10.0,"turns":2.0},{"damage":24.0,"enemies":"Exordium Wildlife","floor":11.0,"turns":5.0},{"damage":2.0,"enemies":"Lots of Slimes","floor":12.0,"turns":5.0},{"damage":2.0,"enemies":"3 Sentries","floor":13.0,"turns":5.0},{"damage":16.0,"enemies":"The Guardian","floor":16.0,"turns":8.0},{"damage":1.0,"enemies":"Chosen","floor":18.0,"turns":3.0},{"damage":19.0,"enemies":"Spheric Guardian","floor":20.0,"turns":5.0},{"damage":98,"enemies":"3 Cultists","floor":22,"turns":9},{"damage":24,"enemies":"Book of Stabbing","floor":23,"turns":3}],"seed_played":"-2959536395327493895","potions_obtained":[{"floor":5.0,"key":"Strength Potion"},{"floor":8.0,"key":"SteroidPotion"},{"floor":12.0,"key":"ColorlessPotion"},{"floor":13.0,"key":"SneckoOil"},{"floor":16.0,"key":"Strength Potion"},{"floor":17.0,"key":"DistilledChaos"},{"floor":20.0,"key":"FearPotion"}],"is_trial":false,"path_per_floor":["M","?","M","?","M","E","R","M","T","M","M","M","E","$","R","B",null,"M","?","M","?","M","E"],"character_chosen":"IRONCLAD","items_purchased":["Limit Break"],"campfire_rested":0,"item_purchase_floors":[14],"current_hp_per_floor":[74,51,57,50,56,45,45,44,44,49,32,36,54,54,54,44,72,78,78,65,80,18,0,0],"gold":472,"neow_bonus":"THREE_ENEMY_KILL","is_daily":false,"chose_seed":false,"campfire_upgraded":2,"win_rate":0.0,"timestamp":1608778951,"path_taken":["M","?","M","?","?","E","R","M","T","?","M","M","E","?","R","BOSS","M","?","?","?","?","E"],"items_purchased_type":["Card"],"build_version":"2020-12-22","purchased_purges":0,"victory":false,"max_hp_per_floor":[75,75,75,75,75,75,75,75,75,75,75,75,75,75,75,75,80,80,80,80,80,80,80,80],"card_choices":[{"not_picked":["Clothesline","Metallicize"],"picked":"Iron Wave","floor":1.0},{"not_picked":["Havoc","Body Slam"],"picked":"AT_CaressingTears","floor":3.0},{"not_picked":["Clash","Flex","True Grit"],"picked":"SKIP","floor":5.0},{"not_picked":["Whirlwind","Heavy Blade"],"picked":"Double Tap","floor":6.0},{"not_picked":["Pommel Strike","Heavy Blade"],"picked":"AT_BodySlamDance","floor":8.0},{"not_picked":["AT_BodySlamDance","Shockwave","Headbutt"],"picked":"Armaments","floor":10.0},{"not_picked":["Heavy Blade","Thunderclap","Pommel Strike","Sentinel"],"picked":"SKIP","floor":11.0},{"not_picked":["Whirlwind","Flex","Anger"],"picked":"AT_IchimonjiDouble","floor":12.0},{"not_picked":["AT_BodySlamDance","Twin Strike","AT_IchimonjiDouble"],"picked":"Carnage","floor":13.0},{"not_picked":["Reaper","Corruption","Impervious"],"picked":"Barricade","floor":16.0},{"not_picked":["Body Slam","Clothesline","Cleave"],"picked":"hubris:ReadiedAction","floor":17.0},{"not_picked":["Dark Embrace","Feel No Pain+1","Carnage"],"picked":"Metallicize+1","floor":18.0},{"not_picked":["Wild Strike","Anger","Carnage+1","Havoc"],"picked":"SKIP","floor":20.0},{"not_picked":["Wild Strike","Clothesline","AT_IchimonjiDouble","Armaments"],"picked":"SKIP","floor":22}],"player_experience":267441,"relics_obtained":[{"floor":6.0,"key":"Torii"},{"floor":9.0,"key":"Question Card"},{"floor":13.0,"key":"hubris:CrystalStatue"}],"event_choices":[{"damage_healed":0.0,"max_hp_gain":0.0,"max_hp_loss":0.0,"gold_gain":0.0,"event_name":"Shining Light","player_choice":"Entered Light","floor":2.0,"gold_loss":0.0,"damage_taken":23.0,"cards_upgraded":["Strike_R","Defend_R"]},{"cards_removed":["Strike_R"],"damage_healed":0.0,"max_hp_gain":0.0,"max_hp_loss":0.0,"gold_gain":0.0,"event_name":"Golden Wing","player_choice":"Card Removal","floor":4.0,"gold_loss":0.0,"damage_taken":7.0},{"damage_healed":0.0,"max_hp_gain":0.0,"max_hp_loss":0.0,"gold_gain":250.0,"event_name":"The Joust","player_choice":"Bet on Owner","floor":19.0,"gold_loss":50.0,"damage_taken":0.0},{"damage_healed":15.0,"max_hp_gain":0.0,"max_hp_loss":0.0,"gold_gain":0.0,"event_name":"Wheel of Change","player_choice":"Full Heal","floor":21.0,"gold_loss":0.0,"damage_taken":0.0}],"is_beta":false,"boss_relics":[{"not_picked":["Runic Cube","Black Blood"],"picked":"Tiny House"}],"items_purged_floors":[],"is_endless":false,"potions_floor_spawned":[5,8,12,13,16,20],"killed_by":"Book of Stabbing","ascension_level":18}}