{"host":"5bdt6s51dmpd4l3v","time":1608799097,"event":{"mods":["AchievementEnabler","BaseMod","Colored Map","Colored Powertips","Highlight Path","Minty Spire (QoL Compilation)","Quick Restart","Rare Cards Sparkle","StSLib"],"gold_per_floor":[365,36,36,56,7,7,21,49,49,49,60,87,87,102,102,175,175,192,242,0,0,0,0,15,15,62,62,14,14,64,89,89,165,165,181,1180,46,97,97,97,110,110,110],"floor_reached":42,"playtime":1085,"items_purged":["Writhe","Normality"],"score":739,"play_id":"863268ed-ab48-4246-80fc-4badf49f7e57","local_time":"20201224163817","is_ascension_mode":true,"campfire_choices":[{"data":"Flex","floor":6.0,"key":"SMITH"},{"data":"Armaments","floor":10.0,"key":"SMITH"},{"data":"Offering","floor":15.0,"key":"SMITH"},{"data":"Limit Break","floor":23,"key":"SMITH"},{"data":"Inflame","floor":25,"key":"SMITH"},{"floor":27,"key":"REST"},{"data":"Heavy Blade","floor":29,"key":"SMITH"},{"floor":32,"key":"REST"},{"floor":40,"key":"REST"}],"circlet_count":0,"master_deck":["AscendersBane","Strike_R","Strike_R","Strike_R","Strike_R","Strike_R","Defend_R","Bash","Clash","Flex+1","Armaments+1","Twin Strike","Heavy Blade+1","Offering+1","Inflame+1","Limit Break+1","Bludgeon+1","Carnage+1","Reckless Charge+1","Fire Breathing+1","Reaper","Normality","Sword Boomerang","Dual Wield+1","Offering+1","Apotheosis+1","Burning Pact+1"],"relics":["Burning Blood","Centennial Puzzle","Odd Mushroom","Bottled Flame","Matryoshka","Frozen Egg 2","Astrolabe","HornCleat","Sundial","Orichalcum","Bronze Scales","Black Star","Toxic Egg 2","Pantograph","DollysMirror","StoneCalendar"],"acts_visited":["Exordium","TheCity","TheBeyond"],"potions_floor_usage":[18,31,35,38,41,41,42],"damage_taken":[{"damage":8.0,"enemies":"Jaw Worm","floor":1.0,"turns":5.0},{"damage":0.0,"enemies":"Small Slimes","floor":4.0,"turns":3.0},{"damage":0.0,"enemies":"2 Louse","floor":7.0,"turns":3.0},{"damage":5.0,"enemies":"The Mushroom Lair","floor":8.0,"turns":3.0},{"damage":6.0,"enemies":"Exordium Thugs","floor":11.0,"turns":4.0},{"damage":14.0,"enemies":"Gremlin Nob","floor":12.0,"turns":3.0},{"damage":6.0,"enemies":"Blue Slaver","floor":14.0,"turns":1.0},{"damage":52.0,"enemies":"Hexaghost","floor":16.0,"turns":8.0},{"damage":34,"enemies":"Shell Parasite","floor":18,"turns":3},{"damage":0,"enemies":"Spheric Guardian","floor":24,"turns":3},{"damage":40,"enemies":"Gremlin Leader","floor":31,"turns":3},{"damage":36,"enemies":"Automaton","floor":33,"turns":6},{"damage":11,"enemies":"3 Shapes","floor":35,"turns":3},{"damage":55,"enemies":"2 Orb Walkers","floor":38,"turns":4},{"damage":12,"enemies":"3 Darklings","floor":41,"turns":1},{"damage":99,"enemies":"Giant Head","floor":42,"turns":6}],"seed_played":"-6646745226826439190","potions_obtained":[{"floor":4.0,"key":"SpeedPotion"},{"floor":7.0,"key":"PowerPotion"},{"floor":14.0,"key":"AttackPotion"},{"floor":16.0,"key":"Swift Potion"},{"floor":33,"key":"Block Potion"},{"floor":38,"key":"DuplicationPotion"},{"floor":41,"key":"SteroidPotion"}],"is_trial":false,"path_per_floor":["M","$","?","M","$","R","M","?","T","R","M","E","?","M","R","B",null,"M","?","$","$","?","R","M","R","T","R","$","R","?","E","R","B",null,"M","?","$","?","?","R","M","E"],"character_chosen":"IRONCLAD","items_purchased":["Flex","Centennial Puzzle","Armaments","Block Potion","HornCleat","FearPotion","Toxic Egg 2","Sword Boomerang","Dual Wield+1","Pantograph","DollysMirror","Apotheosis+1","Swift Potion","PowerPotion"],"campfire_rested":3,"item_purchase_floors":[2,2,2,5,20,28,37,37,37,37,37,37,37,37],"current_hp_per_floor":[66,66,66,72,72,72,75,75,75,75,75,67,56,56,56,10,59,31,31,31,31,31,31,37,37,37,59,59,59,59,25,47,17,61,56,56,56,41,37,59,69,0,0],"gold":110,"neow_bonus":"TWO_FIFTY_GOLD","is_daily":false,"chose_seed":false,"campfire_upgraded":6,"win_rate":0.0,"timestamp":1608799097,"path_taken":["M","$","?","M","$","R","M","?","T","R","M","E","?","M","R","BOSS","M","?","?","$","?","R","M","R","T","R","$","R","?","E","R","BOSS","M","?","$","?","?","R","M","E"],"items_purchased_type":["Card","Relic","Card","Potion","Relic","Potion","Relic","Card","Card","Relic","Relic","Card","Potion","Potion"],"build_version":"2020-12-22","purchased_purges":2,"victory":false,"max_hp_per_floor":[75,75,75,75,75,75,75,75,75,75,75,75,75,75,75,75,75,75,75,75,75,75,75,75,75,75,75,75,75,75,75,75,75,75,75,75,75,75,75,75,75,75,75],"card_choices":[{"not_picked":["Warcry","Anger"],"picked":"Clash","floor":1.0},{"not_picked":["Flex","Searing Blow","Warcry"],"picked":"SKIP","floor":4.0},{"not_picked":["Wild Strike","Warcry"],"picked":"Twin Strike","floor":7.0},{"not_picked":["Ghostly Armor","Havoc"],"picked":"Heavy Blade","floor":8.0},{"not_picked":["Armaments","Wild Strike"],"picked":"Offering","floor":11.0},{"not_picked":["Pommel Strike","Thunderclap"],"picked":"Inflame","floor":12.0},{"not_picked":["Blood for Blood","Disarm","Havoc"],"picked":"SKIP","floor":14.0},{"not_picked":["Berserk+1","Offering"],"picked":"Limit Break","floor":16.0},{"not_picked":["Pommel Strike","Anger"],"picked":"Fire Breathing+1","floor":18},{"not_picked":["True Grit","Heavy Blade","Warcry"],"picked":"SKIP","floor":24},{"not_picked":["Disarm","Power Through","Sever Soul"],"picked":"SKIP","floor":31},{"not_picked":["Corruption+1","Demon Form+1"],"picked":"Reaper","floor":33},{"not_picked":["Disarm","Heavy Blade","Metallicize+1"],"picked":"SKIP","floor":35},{"not_picked":["Spot Weakness+1","Rampage"],"picked":"Burning Pact+1","floor":41}],"player_experience":223020,"relics_obtained":[{"floor":8.0,"key":"Odd Mushroom"},{"floor":9.0,"key":"Bottled Flame"},{"floor":12.0,"key":"Matryoshka"},{"floor":26,"key":"Sundial"},{"floor":26,"key":"Orichalcum"},{"floor":31,"key":"Bronze Scales"},{"floor":38,"key":"StoneCalendar"}],"event_choices":[{"damage_healed":0.0,"max_hp_gain":0.0,"max_hp_loss":0.0,"gold_gain":0.0,"event_name":"The Cleric","player_choice":"Leave","floor":3.0,"gold_loss":0.0,"damage_taken":0.0},{"damage_healed":0.0,"max_hp_gain":0.0,"max_hp_loss":0.0,"gold_gain":0.0,"event_name":"Mushrooms","player_choice":"Fought Mushrooms","floor":8.0,"gold_loss":0.0,"damage_taken":0.0},{"damage_healed":0.0,"max_hp_gain":0.0,"max_hp_loss":0.0,"gold_gain":0.0,"event_name":"Scrap Ooze","player_choice":"Success","floor":13.0,"gold_loss":0.0,"damage_taken":11.0,"relics_obtained":["Frozen Egg 2"]},{"damage_healed":0,"gold_gain":100,"player_choice":"Bet on Murderer","damage_taken":0,"max_hp_gain":0,"max_hp_loss":0,"event_name":"The Joust","floor":19,"gold_loss":50},{"damage_healed":0,"gold_gain":0,"player_choice":"Ignored","damage_taken":0,"max_hp_gain":0,"max_hp_loss":0,"event_name":"Ghosts","floor":22,"gold_loss":0},{"damage_healed":0,"gold_gain":50,"player_choice":"Stole From Cult","damage_taken":0,"max_hp_gain":0,"max_hp_loss":0,"event_name":"Nest","floor":30,"gold_loss":0},{"damage_healed":0,"gold_gain":999,"player_choice":"Gold","damage_taken":0,"max_hp_gain":0,"max_hp_loss":0,"event_name":"MindBloom","floor":36,"gold_loss":0,"cards_obtained":["Normality","Normality"]},{"damage_healed":0,"gold_gain":0,"player_choice":"Fight","damage_taken":0,"max_hp_gain":0,"max_hp_loss":0,"event_name":"Mysterious Sphere","floor":38,"gold_loss":0},{"damage_healed":0,"gold_gain":0,"player_choice":"Bought 0 Potions","damage_taken":0,"max_hp_gain":0,"max_hp_loss":0,"event_name":"The Woman in Blue","floor":39,"gold_loss":0}],"is_beta":false,"boss_relics":[{"not_picked":["Tiny House","SacredBark"],"picked":"Astrolabe"},{"not_picked":["Empty Cage","Runic Cube"],"picked":"Black Star"}],"items_purged_floors":[2,37],"is_endless":false,"potions_floor_spawned":[4,7,14,16,33,38,41],"killed_by":"Giant Head","ascension_level":15}}