{"host":"5fasz840ryq7obdf","time":1608832141,"event":{"mods":["AchievementEnabler","BaseMod","Bestiary","Better Altar","Better Skull","Better Third Choice","BetterRewards","Block Reminder","Colored Powertips","Curses Come First","Minty Spire (QoL Compilation)","Quick Restart","Relic Stats","Shop Mod","Spicy Shops","StSLib"],"gold_per_floor":[116,11,11,11,22,22,52,109,186,217,292,323,340,353,353,431,431,448,66,80,6,22,53,53,83,83,108,108,137,153,153,153,230,230,240,53,64,64,83,118,130,164,253,265,287,299,343,0,0,0,0],"floor_reached":52,"playtime":2654,"items_purged":["Defend_R","Strike_R"],"score":2997,"play_id":"0634adf1-b055-427f-9dd2-0868b219a289","local_time":"20201224174901","is_ascension_mode":true,"campfire_choices":[{"data":"Apotheosis","floor":6.0,"key":"SMITH"},{"floor":15,"key":"REST"},{"floor":24,"key":"DIG"},{"floor":32,"key":"DIG"},{"floor":44,"key":"RECALL"},{"floor":46,"key":"DIG"},{"floor":49,"key":"DIG"}],"circlet_count":0,"master_deck":["AscendersBane","Strike_R","Strike_R","Strike_R","Strike_R","Defend_R","Defend_R","Defend_R","Bash","Writhe","Apotheosis+1","Double Tap","Secret Technique","Sentinel","Evolve+1","Shrug It Off","Dark Embrace+1","Shockwave","Burning Pact","Spot Weakness+1","Bloodletting+1","Heavy Blade","Demon Form+1","CurseOfTheBell","Second Wind+1","Pummel","Injury","Combust+1","Heavy Blade","Demon Form+1","Pommel Strike+1","Insight+1","Immolate","Second Wind+1","Second Wind+1","Shrug It Off+1","Whirlwind+1","Sentinel+1","Corruption+1","True Grit+1","Panache+1","Warcry+1"],"relics":["Burning Blood","Membership Card","Singing Bowl","Frozen Egg 2","Calipers","Du-Vu Doll","Lantern","Gambling Chip","OrangePellets","Red Skull","MealTicket","StoneCalendar","Nunchaku","Oddly Smooth Stone","Toxic Egg 2","Mango","Ice Cream","Calling Bell","Akabeko","InkBottle","Shovel","Vajra","Kunai","Art of War","Regal Pillow","Centennial Puzzle","Pen Nib","Bottled Lightning","Toy Ornithopter","Charon\u0027s Ashes","The Courier","Ornamental Fan","Shuriken","Mark of Pain","Happy Flower","Anchor","Ginger","MawBank","Mercury Hourglass","Eternal Feather","Sling","ClockworkSouvenir","Blue Candle","Bird Faced Urn","Blood Vial"],"acts_visited":["Exordium","TheCity","TheBeyond"],"potions_floor_usage":[10],"damage_taken":[{"damage":7.0,"enemies":"Jaw Worm","floor":1.0,"turns":2.0},{"damage":0.0,"enemies":"2 Louse","floor":5.0,"turns":2.0},{"damage":13.0,"enemies":"Lagavulin","floor":7.0,"turns":6.0},{"damage":12.0,"enemies":"Lagavulin Event","floor":8.0,"turns":5.0},{"damage":0,"enemies":"Gremlin Nob","floor":10,"turns":2},{"damage":18,"enemies":"Lagavulin","floor":12,"turns":4},{"damage":0,"enemies":"Cultist","floor":13,"turns":2},{"damage":11,"enemies":"Lots of Slimes","floor":14,"turns":5},{"damage":26,"enemies":"The Guardian","floor":16,"turns":4},{"damage":8,"enemies":"2 Thieves","floor":18,"turns":4},{"damage":10,"enemies":"Shell Parasite","floor":20,"turns":3},{"damage":24,"enemies":"Snake Plant","floor":22,"turns":2},{"damage":1,"enemies":"Book of Stabbing","floor":23,"turns":2},{"damage":17,"enemies":"Gremlin Leader","floor":25,"turns":2},{"damage":26,"enemies":"Slavers","floor":27,"turns":4},{"damage":0,"enemies":"Gremlin Leader","floor":29,"turns":1},{"damage":3,"enemies":"Snecko","floor":30,"turns":3},{"damage":3,"enemies":"Collector","floor":33,"turns":2},{"damage":7,"enemies":"3 Shapes","floor":35,"turns":1},{"damage":1,"enemies":"Orb Walker","floor":37,"turns":2},{"damage":4,"enemies":"Maw","floor":39,"turns":3},{"damage":3,"enemies":"Giant Head","floor":40,"turns":3},{"damage":3,"enemies":"Jaw Worm Horde","floor":41,"turns":2},{"damage":8,"enemies":"Reptomancer","floor":42,"turns":2},{"damage":33,"enemies":"Transient","floor":45,"turns":5},{"damage":8,"enemies":"Giant Head","floor":47,"turns":3},{"damage":7,"enemies":"Awakened One","floor":50,"turns":3},{"damage":73,"enemies":"Donu and Deca","floor":51,"turns":6}],"seed_played":"2309634748533171722","potions_obtained":[{"floor":5.0,"key":"Weak Potion"},{"floor":10,"key":"Dexterity Potion"}],"is_trial":false,"path_per_floor":["M","$","?","$","M","R","E","?","T","E","?","E","M","M","R","B",null,"M","$","M","$","M","E","R","E","T","E","?","E","M","?","R","B",null,"M","$","M","?","M","E","M","E","T","R","M","R","E","$","R","B","B",null],"character_chosen":"IRONCLAD","items_purchased":["Membership Card","Singing Bowl","Frozen Egg 2","Calipers","Apotheosis","Double Tap","Du-Vu Doll","Lantern","Secret Technique","Sentinel","Gambling Chip","OrangePellets","Evolve+1","Red Skull","Shrug It Off","StoneCalendar","Vajra","Kunai","Art of War","Regal Pillow","Centennial Puzzle","Second Wind+1","Shrug It Off+1","Happy Flower","Anchor","Sling","ClockworkSouvenir","True Grit+1","Panache+1","Blue Candle","Bird Faced Urn","Warcry+1"],"campfire_rested":1,"item_purchase_floors":[0,0,0,0,0,0,0,0,0,0,0,0,0,2,2,4,19,19,19,21,21,36,36,36,36,48,48,48,48,48,48,48],"current_hp_per_floor":[21,21,10,25,31,31,24,18,18,38,27,15,21,18,45,25,76,74,89,85,93,75,80,80,69,69,51,51,59,62,62,62,65,89,88,97,97,97,97,99,101,101,101,101,76,76,74,89,105,105,46],"gold":0,"neow_bonus":"","is_daily":false,"chose_seed":false,"campfire_upgraded":1,"win_rate":0.0,"timestamp":1608832141,"path_taken":["M","$","?","$","M","R","E","?","T","E","?","E","M","M","R","BOSS","M","$","M","$","M","E","R","E","T","E","?","E","M","?","R","BOSS","M","$","M","?","?","E","M","E","T","R","M","R","E","$","R","BOSS","BOSS"],"items_purchased_type":["Relic","Relic","Relic","Relic","Card","Card","Relic","Relic","Card","Card","Relic","Relic","Card","Relic","Card","Relic","Relic","Relic","Relic","Relic","Relic","Card","Card","Relic","Relic","Relic","Relic","Card","Card","Relic","Relic","Card"],"build_version":"2020-12-22","purchased_purges":2,"victory":true,"max_hp_per_floor":[77,77,77,77,77,77,77,77,77,91,91,91,91,93,93,93,93,93,93,93,93,93,93,93,93,93,95,95,97,97,97,97,97,97,97,97,97,97,97,99,101,103,103,103,105,105,105,105,105,105,105],"relic_stats":{"Regal Pillow":0,"Singing Bowl":16,"StoneCalendar":[0],"Ginger":[4],"Burning Blood":376,"Blood Vial":0,"Nunchaku":[19],"Centennial Puzzle":[45],"Shovel":4,"Gambling Chip":[99],"MealTicket":62,"Kunai":[14],"InkBottle":[24],"Happy Flower":[38],"counters":[68,212],"Blue Candle":[6],"Eternal Feather":91,"Pen Nib":[7],"Charon\u0027s Ashes":[486],"MawBank":72,"Mercury Hourglass":[43],"OrangePellets":[5],"Ornamental Fan":[72],"Shuriken":[12],"Bird Faced Urn":[15],"Art of War":[10],"obtain_stats":[{"Ice Cream":12,"Calipers":0,"CeramicFish":2,"Vajra":20,"Ginger":0,"Whetstone":9,"Sling":48,"Blood Vial":17,"Centennial Puzzle":21,"Prayer Wheel":17,"MealTicket":3,"HandDrill":0,"Kunai":19,"Toxic Egg 2":0,"Happy Flower":0,"betterAltar:BloodRelic":21,"Blue Candle":48,"Oddly Smooth Stone":8,"Eternal Feather":8,"Pen Nib":0,"Charon\u0027s Ashes":26,"Letter Opener":40,"Question Card":14,"Akabeko":17,"Du-Vu Doll":0,"OrangePellets":31,"Brimstone":37,"Shuriken":32,"Bronze Scales":42,"Bird Faced Urn":48,"Mark of Pain":34,"Darkstone Periapt":12,"Lantern":9,"Regal Pillow":21,"Singing Bowl":0,"StoneCalendar":4,"Mango":10,"Smiling Mask":9,"Cursed Key":34,"Burning Blood":0,"ClockworkSouvenir":48,"Nunchaku":26,"Matryoshka":0,"Shovel":17,"Gambling Chip":0,"Tiny Chest":20,"Red Skull":20,"InkBottle":17,"Paper Frog":28,"Self Forming Clay":31,"Thread and Needle":45,"PreservedInsect":0,"The Courier":27,"Omamori":25,"Frozen Egg 2":0,"Odd Mushroom":10,"MawBank":42,"Mercury Hourglass":46,"Calling Bell":17,"Strange Spoon":0,"Anchor":36,"Ornamental Fan":26,"Bloody Idol":21,"Art of War":6,"Membership Card":0,"Bottled Lightning":14,"Toy Ornithopter":23,"TungstenRod":43},{"Ice Cream":46,"Calipers":40,"CeramicFish":11,"Vajra":22,"Ginger":10,"Whetstone":16,"Sling":66,"Blood Vial":21,"Centennial Puzzle":51,"Prayer Wheel":21,"MealTicket":41,"HandDrill":0,"Kunai":50,"Toxic Egg 2":0,"Happy Flower":10,"betterAltar:BloodRelic":22,"Blue Candle":66,"Oddly Smooth Stone":44,"Eternal Feather":16,"Pen Nib":0,"Charon\u0027s Ashes":54,"Letter Opener":34,"Question Card":9,"Akabeko":49,"Du-Vu Doll":40,"OrangePellets":28,"Brimstone":31,"Shuriken":57,"Bronze Scales":35,"Bird Faced Urn":66,"Mark of Pain":58,"Darkstone Periapt":19,"Lantern":4,"Regal Pillow":51,"Singing Bowl":40,"StoneCalendar":41,"Mango":45,"Smiling Mask":16,"Cursed Key":29,"Burning Blood":0,"ClockworkSouvenir":66,"Nunchaku":24,"Matryoshka":10,"Shovel":49,"Gambling Chip":40,"Tiny Chest":22,"Red Skull":22,"InkBottle":49,"Paper Frog":26,"Self Forming Clay":28,"Thread and Needle":36,"PreservedInsect":10,"The Courier":55,"Omamori":24,"Frozen Egg 2":0,"Odd Mushroom":5,"MawBank":64,"Mercury Hourglass":65,"Calling Bell":21,"Strange Spoon":0,"Anchor":59,"Ornamental Fan":24,"Bloody Idol":22,"Art of War":14,"Membership Card":10,"Bottled Lightning":20,"Toy Ornithopter":23,"TungstenRod":35},{"Ice Cream":148,"Calipers":127,"CeramicFish":43,"Vajra":74,"Ginger":39,"Whetstone":57,"Sling":203,"Blood Vial":72,"Centennial Puzzle":166,"Prayer Wheel":72,"MealTicket":129,"HandDrill":0,"Kunai":163,"Toxic Egg 2":0,"Happy Flower":39,"betterAltar:BloodRelic":74,"Blue Candle":203,"Oddly Smooth Stone":142,"Eternal Feather":57,"Pen Nib":0,"Charon\u0027s Ashes":172,"Letter Opener":111,"Question Card":33,"Akabeko":159,"Du-Vu Doll":127,"OrangePellets":94,"Brimstone":103,"Shuriken":180,"Bronze Scales":113,"Bird Faced Urn":203,"Mark of Pain":182,"Darkstone Periapt":65,"Lantern":11,"Regal Pillow":166,"Singing Bowl":127,"StoneCalendar":129,"Mango":144,"Smiling Mask":57,"Cursed Key":99,"Burning Blood":0,"ClockworkSouvenir":203,"Nunchaku":80,"Matryoshka":39,"Shovel":159,"Gambling Chip":127,"Tiny Chest":74,"Red Skull":74,"InkBottle":159,"Paper Frog":88,"Self Forming Clay":94,"Thread and Needle":116,"PreservedInsect":39,"The Courier":176,"Omamori":80,"Frozen Egg 2":0,"Odd Mushroom":14,"MawBank":195,"Mercury Hourglass":200,"Calling Bell":72,"Strange Spoon":0,"Anchor":183,"Ornamental Fan":80,"Bloody Idol":74,"Art of War":53,"Membership Card":39,"Bottled Lightning":66,"Toy Ornithopter":77,"TungstenRod":113}],"Toy Ornithopter":15},"card_choices":[{"not_picked":["Warcry","Iron Wave","Wild Strike"],"picked":"Singing Bowl","floor":1.0},{"not_picked":["Evolve+1","Battle Trance"],"picked":"Dark Embrace+1","floor":5.0},{"not_picked":["Warcry","Headbutt"],"picked":"Shockwave","floor":7.0},{"not_picked":["Blood for Blood","Hemokinesis"],"picked":"Burning Pact","floor":8.0},{"not_picked":["Rage+1","Carnage"],"picked":"Spot Weakness+1","floor":10},{"not_picked":["Warcry+1","Perfected Strike"],"picked":"Bloodletting+1","floor":12},{"not_picked":["Twin Strike","Wild Strike"],"picked":"Heavy Blade","floor":13},{"not_picked":["Pommel Strike","Thunderclap","Heavy Blade"],"picked":"Singing Bowl","floor":14},{"not_picked":["Juggernaut+1","Limit Break+1"],"picked":"Demon Form+1","floor":16},{"not_picked":["Wild Strike","Shrug It Off+1"],"picked":"Second Wind+1","floor":18},{"not_picked":["Intimidate+1","Dropkick"],"picked":"Pummel","floor":20},{"not_picked":["Cleave","Rupture+1"],"picked":"Combust+1","floor":22},{"not_picked":["Blood for Blood","Flex+1"],"picked":"Heavy Blade","floor":23},{"not_picked":["Entrench+1","Metallicize+1"],"picked":"Demon Form+1","floor":25},{"not_picked":["Flame Barrier+1","Rampage","Rage+1"],"picked":"Singing Bowl","floor":27},{"not_picked":["Iron Wave","Uppercut","Twin Strike"],"picked":"Singing Bowl","floor":29},{"not_picked":["Flex+1","Infernal Blade+1"],"picked":"Pommel Strike+1","floor":30},{"not_picked":["Bludgeon","Juggernaut+1"],"picked":"Immolate","floor":33},{"not_picked":["Intimidate+1","Thunderclap"],"picked":"Second Wind+1","floor":35},{"not_picked":["Cleave","Armaments+1"],"picked":"Whirlwind+1","floor":37},{"not_picked":["Twin Strike","Cleave+1"],"picked":"Sentinel+1","floor":39},{"not_picked":["Searing Blow+1","Wild Strike","Havoc+1"],"picked":"Singing Bowl","floor":40},{"not_picked":["Armaments+1","Clothesline+1","Iron Wave+1"],"picked":"Singing Bowl","floor":41},{"not_picked":["Evolve+1","Armaments+1","Entrench+1"],"picked":"Singing Bowl","floor":42},{"not_picked":["Rampage","Anger+1","Wild Strike+1"],"picked":"Singing Bowl","floor":45},{"not_picked":["Anger","Shrug It Off+1"],"picked":"Corruption+1","floor":47}],"player_experience":1048695,"relics_obtained":[{"floor":7.0,"key":"Nunchaku"},{"floor":8.0,"key":"Oddly Smooth Stone"},{"floor":9.0,"key":"Toxic Egg 2"},{"floor":10,"key":"Mango"},{"floor":12,"key":"Ice Cream"},{"floor":17,"key":"Akabeko"},{"floor":17,"key":"InkBottle"},{"floor":17,"key":"Shovel"},{"floor":23,"key":"Pen Nib"},{"floor":24,"key":"Bottled Lightning"},{"floor":25,"key":"Toy Ornithopter"},{"floor":26,"key":"Charon\u0027s Ashes"},{"floor":27,"key":"The Courier"},{"floor":29,"key":"Ornamental Fan"},{"floor":32,"key":"Shuriken"},{"floor":40,"key":"Ginger"},{"floor":42,"key":"MawBank"},{"floor":46,"key":"Mercury Hourglass"},{"floor":47,"key":"Eternal Feather"},{"floor":49,"key":"Blood Vial"}],"event_choices":[{"damage_healed":0.0,"max_hp_gain":0.0,"max_hp_loss":0.0,"gold_gain":0.0,"event_name":"betterThird:BetterScrap","player_choice":"Relic ","floor":3.0,"gold_loss":0.0,"damage_taken":11.0,"cards_obtained":["Storm"]},{"damage_healed":0.0,"max_hp_gain":0.0,"max_hp_loss":0.0,"gold_gain":0.0,"event_name":"Dead Adventurer","player_choice":"Searched \u00272\u0027 times","floor":8.0,"gold_loss":0.0,"damage_taken":0.0},{"damage_healed":0,"gold_gain":75,"player_choice":"Gold","damage_taken":11,"max_hp_gain":0,"max_hp_loss":0,"event_name":"betterThird:BetterGoop","floor":11,"gold_loss":0},{"damage_healed":0,"gold_gain":0,"player_choice":"Ignored","damage_taken":0,"max_hp_gain":0,"max_hp_loss":0,"event_name":"Cursed Tome","floor":28,"gold_loss":0},{"damage_healed":0,"gold_gain":0,"player_choice":"Insight","damage_taken":1,"max_hp_gain":0,"max_hp_loss":0,"event_name":"betterThird:BetterWriting","floor":31,"gold_loss":0,"cards_obtained":["Insight"]},{"damage_healed":0,"gold_gain":0,"player_choice":"Ignored","damage_taken":0,"max_hp_gain":0,"max_hp_loss":0,"event_name":"Fountain of Cleansing","floor":38,"gold_loss":0}],"is_beta":false,"boss_relics":[{"not_picked":["Coffee Dripper","Runic Dome"],"picked":"Calling Bell"},{"not_picked":["Velvet Choker","Tiny House"],"picked":"Mark of Pain"}],"items_purged_floors":[19,19],"is_endless":false,"potions_floor_spawned":[5,10,12,13,14,18,23,27,30,33,35,37,42,45],"ascension_level":20}}