{"host":"ft2xazkv7v30fddt","time":1608814844,"event":{"mods":["AchievementEnabler","Act Like it!","Aspiration","Astrologer","Bard","BaseMod","Better Altar","Better Match","Better Note","Better Sensory Stone","Better Skull","CapriCore","Chen","Colored Powertips","Conspire","Downfall","Elementarium","Energized Spire","Gensokyo","GifTheSpireLib","Gremlin Mod","Hallownest","Hermit","Hubris","Infinite Spire","KinomotoSakuraMod(????)","Koishi","Marisa????????","Minty Spire (QoL Compilation)","Pale of the Ancients","Permanent Neow","Potionbrewer","Prisma Mod","Replay The Spire","Slumbering Mod","StSLib","Stuff the Spire","The Blackbeard","The Bladedancer","The Construct","The Cursed","The Forsaken","The Gatherer","The Hayseed","The Hierophant","The Immortal","The Judge","The Runesmith","The Servant 0.9.4","The Showman","The Valiant","The Vixen","TheArtist","TheBandit","TheSwordswoman","Wandering Minibosses","thorton","vexMod"],"gold_per_floor":[99,118,131,243,263,263,263,283,283,311,330,153,172,195,205,309,309,309,322,322,337,337,351,375,375,400,400,400,400,400,400],"floor_reached":29,"playtime":1531,"items_purged":[],"score":257,"play_id":"0c445a9f-8357-40e2-a718-cf21ae3d6e91","local_time":"20201224210044","is_ascension_mode":true,"campfire_choices":[{"data":"Slimebound:Split","floor":1,"key":"SMITH"},{"data":"expansioncontent:Flail","floor":9,"key":"SMITH"},{"data":"Slimebound:SlimeBrawl","floor":18,"key":"SMITH"},{"data":"Slimebound:LeadByExample","floor":27,"key":"SMITH"}],"circlet_count":0,"master_deck":["Slimebound:Strike_Slimebound","Slimebound:Strike_Slimebound","Slimebound:Strike_Slimebound","Slimebound:Tackle","Slimebound:Defend_Slimebound","Slimebound:Defend_Slimebound","Slimebound:Defend_Slimebound","Slimebound:Defend_Slimebound","Slimebound:Split+1","Slimebound:CorrosiveSpit","expansioncontent:Flail+1","Slimebound:AcidTongue","Slimebound:SlimeSpikes","ReplayTheSpireMod:Splinters","Slimebound:SplitBruiser","Slimebound:SamplingLick","Slimebound:DivideAndConquer","StuffTheSpire:CuriosityCurse","Slimebound:Schlurp","Slimebound:SlimeBrawl+1","Slimebound:Recollect","Slimebound:OozeBath","Slimebound:OneTwoCombo","CurseOfTheBell","Slimebound:LeadByExample+1","Slimebound:Repurpose"],"relics":["Slimebound:AbsorbEndCombat","aspiration:ChemicalBlood","Nunchaku","infinitespire:BottledMercury","Sling","Happy Flower","Calling Bell","StuffTheSpire:Experiment12","vexMod:Dragonfruit","theSlumbering:CrystalEffigy","Blood Vial","StuffTheSpire:HeavyRock","StuffTheSpire:GrapeVine","hubris:Towel","Potion Belt"],"acts_visited":["Gensokyo:Gensokyo","TheCity"],"potions_floor_usage":[16,16,16,16,19,21,23,26,26,29],"damage_taken":[{"damage":15,"enemies":"Gensokyo:Gryphon","floor":2,"turns":4},{"damage":8,"enemies":"Gensokyo:3_Fairies","floor":3,"turns":3},{"damage":14,"enemies":"Gensokyo:2_Kodama","floor":5,"turns":4},{"damage":16,"enemies":"Gensokyo:Gryphon_and_Rabbit","floor":8,"turns":4},{"damage":5,"enemies":"Gensokyo:Cirno","floor":10,"turns":5},{"damage":12,"enemies":"Gensokyo:LivingMonolith","floor":11,"turns":3},{"damage":6,"enemies":"Gensokyo:3_Kodama","floor":13,"turns":4},{"damage":25,"enemies":"Gensokyo:2_Rabbits","floor":15,"turns":4},{"damage":67,"enemies":"downfall:Ironclad","floor":16,"turns":7},{"damage":26,"enemies":"Shell Parasite","floor":19,"turns":3},{"damage":30,"enemies":"Centurion and Healer","floor":21,"turns":4},{"damage":18,"enemies":"Cultist and Chosen","floor":23,"turns":4},{"damage":34,"enemies":"Book of Stabbing","floor":26,"turns":4},{"damage":47,"enemies":"Sentry and Sphere","floor":29,"turns":4}],"seed_played":"-5897294065485446341","potions_obtained":[{"floor":5,"key":"Fire Potion"},{"floor":8,"key":"potionbrewer:DiscountPotion"},{"floor":16,"key":"Flashbang"},{"floor":16,"key":"SpeedPotion"},{"floor":16,"key":"DistilledChaos"},{"floor":21,"key":"Slimebound:SlimedPotion"},{"floor":23,"key":"Toxic Potion"},{"floor":23,"key":"DistilledChaos"},{"floor":26,"key":"potionbrewer:CleansingPotion"},{"floor":29,"key":"BlessingOfTheForge"}],"is_trial":false,"path_per_floor":["R","M","M","?","M","?","T","M","R","E","M","COS","M","T","M","B",null,"R","M","?","M","AVR","M","T","?","E","R","?","M"],"character_chosen":"SLIMEBOUND","items_purchased":[],"campfire_rested":0,"item_purchase_floors":[],"current_hp_per_floor":[60,57,57,57,58,58,58,50,50,57,60,60,54,54,49,18,65,65,65,65,61,61,61,61,61,49,49,33,0,0,0],"gold":400,"neow_bonus":"RANDOM_COLORLESS","is_daily":false,"chose_seed":false,"campfire_upgraded":4,"win_rate":0.0,"timestamp":1608814844,"path_taken":["R","M","M","?","M","?","T","M","R","E","M","COS","M","?","M","BOSS","R","M","?","M","AVR","M","T","?","E","R","?","M"],"items_purchased_type":[],"build_version":"2020-12-22","purchased_purges":0,"victory":false,"max_hp_per_floor":[60,60,60,60,60,60,60,60,60,60,60,60,60,60,60,60,65,65,65,65,65,65,65,65,65,65,65,65,65,65,65],"card_choices":[{"not_picked":["Replay:SS_fish_3","Replay:Sssssssssstrike"],"picked":"expansioncontent:Flail","floor":0},{"not_picked":["Slimebound:SamplingLick","Slimebound:RollThrough"],"picked":"Slimebound:AcidTongue","floor":2},{"not_picked":["Slimebound:RollThrough","Slimebound:FirmFortitude"],"picked":"Slimebound:SlimeSpikes","floor":3},{"not_picked":["Slimebound:Grow","Slimebound:Schlurp"],"picked":"Slimebound:SplitBruiser","floor":4},{"not_picked":["Slimebound:RollThrough","Slimebound:FinishingTackle"],"picked":"Slimebound:SamplingLick","floor":4},{"not_picked":["Slimebound:BestDefense","Slimebound:SelfFormingGoo"],"picked":"Slimebound:DivideAndConquer","floor":5},{"not_picked":["Slimebound:HauntingLick","Slimebound:ViciousTackle"],"picked":"Slimebound:Schlurp","floor":8},{"not_picked":["Slimebound:ViciousTackle","Slimebound:PressTheAttack"],"picked":"Slimebound:SlimeBrawl","floor":10},{"not_picked":["Slimebound:Replication","Slimebound:ComboTackle"],"picked":"Slimebound:Recollect","floor":11},{"not_picked":["Slimebound:SplitBruiser","Slimebound:AcidTongue","Slimebound:LeechEnergy"],"picked":"SKIP","floor":13},{"not_picked":["Slimebound:ViciousTackle","Slimebound:PressTheAttack"],"picked":"Slimebound:OozeBath","floor":15},{"not_picked":["Slimebound:DouseInSlime","Slimebound:MassRepurpose"],"picked":"Slimebound:OneTwoCombo","floor":16},{"not_picked":["Slimebound:SplitBruiser+1","Slimebound:DivideAndConquer","Slimebound:SlimeSpikes"],"picked":"SKIP","floor":19},{"not_picked":["Slimebound:RollThrough","Slimebound:FlameTackle+1","Slimebound:DisruptingSlam"],"picked":"SKIP","floor":21},{"not_picked":["Slimebound:LeechingTouch","Slimebound:PressTheAttack+1"],"picked":"Slimebound:LeadByExample","floor":23},{"not_picked":["Slimebound:SamplingLick","Slimebound:Prepare"],"picked":"Slimebound:Repurpose","floor":26}],"player_experience":1648311,"relics_obtained":[{"floor":7,"key":"Nunchaku"},{"floor":10,"key":"infinitespire:BottledMercury"},{"floor":14,"key":"Happy Flower"},{"floor":17,"key":"StuffTheSpire:Experiment12"},{"floor":17,"key":"vexMod:Dragonfruit"},{"floor":17,"key":"theSlumbering:CrystalEffigy"},{"floor":24,"key":"StuffTheSpire:GrapeVine"},{"floor":26,"key":"Potion Belt"}],"event_choices":[{"damage_healed":0,"gold_gain":0,"player_choice":"Ignored","damage_taken":0,"max_hp_gain":0,"max_hp_loss":0,"event_name":"Ghosts","floor":20,"gold_loss":0}],"is_beta":false,"boss_relics":[{"not_picked":["energizedSpire:EnergizedDie","thethorton:GreedFountain"],"picked":"Calling Bell"}],"items_purged_floors":[],"is_endless":false,"potions_floor_spawned":[5,8,13,16,23,26],"killed_by":"Sentry and Sphere","ascension_level":1}}