{"host":"vyt5ne9ydo1z9gg1","time":1608805442,"event":{"mods":["BaseMod","Curses Come First","GifTheSpireLib","Minty Spire (QoL Compilation)","StSLib"],"gold_per_floor":[118,131,131,148,148,175,193,206,260,225,242,242,261,189,189,291,291,308,308,308,223,223,223,252,252,279,302,314,361,373,403,415,529,541,570,582,614,626,103,103,103,103],"floor_reached":41,"playtime":1612,"items_purged":[],"score":532,"play_id":"9c54559b-4099-4737-8f07-525fec39a80e","local_time":"20201224212402","is_ascension_mode":true,"campfire_choices":[{"data":"Power Through","floor":12.0,"key":"SMITH"},{"data":"Uppercut","floor":15.0,"key":"SMITH"},{"data":"RitualDagger","floor":23.0,"key":"SMITH"},{"data":"Exhume","floor":25.0,"key":"SMITH"},{"data":"Metallicize","floor":28.0,"key":"SMITH"},{"data":"True Grit","floor":30.0,"key":"SMITH"},{"data":"Metallicize","floor":32.0,"key":"SMITH"},{"data":"Feed","floor":40,"key":"SMITH"}],"circlet_count":0,"master_deck":["Bash","Wild Strike+1","Uppercut+1","Iron Wave","True Grit+1","Spot Weakness","Power Through+1","Cleave","Metallicize+1","Barricade","Evolve","Juggernaut","Reaper","Combust","Havoc","Wild Strike","Thunderclap","Rampage","Thunderclap","RitualDagger+1","Exhume+1","Rupture","Metallicize+1","Feed+1","Rage","Warcry"],"relics":["Coffee Dripper","WingedGreaves","InkBottle","Vajra","Pandora\u0027s Box","PreservedInsect","Unceasing Top","MawBank","Red Mask","SlaversCollar","Bronze Scales","Shuriken"],"acts_visited":["Exordium","TheCity","TheBeyond"],"potions_floor_usage":[37],"damage_taken":[{"damage":0.0,"enemies":"Cultist","floor":1.0,"turns":3.0},{"damage":0.0,"enemies":"Jaw Worm","floor":2.0,"turns":3.0},{"damage":1.0,"enemies":"2 Louse","floor":4.0,"turns":2.0},{"damage":28.0,"enemies":"Gremlin Nob","floor":6.0,"turns":4.0},{"damage":4.0,"enemies":"Exordium Wildlife","floor":7.0,"turns":2.0},{"damage":0.0,"enemies":"Red Slaver","floor":8.0,"turns":2.0},{"damage":1.0,"enemies":"Blue Slaver","floor":11.0,"turns":2.0},{"damage":0.0,"enemies":"2 Fungi Beasts","floor":13.0,"turns":2.0},{"damage":18.0,"enemies":"Slime Boss","floor":16.0,"turns":9.0},{"damage":11.0,"enemies":"3 Byrds","floor":18.0,"turns":3.0},{"damage":35.0,"enemies":"Book of Stabbing","floor":24.0,"turns":5.0},{"damage":11.0,"enemies":"Shell Parasite","floor":27.0,"turns":3.0},{"damage":8.0,"enemies":"Masked Bandits","floor":29.0,"turns":3.0},{"damage":11.0,"enemies":"Snecko","floor":31.0,"turns":4.0},{"damage":40.0,"enemies":"Collector","floor":33.0,"turns":7.0},{"damage":28,"enemies":"3 Darklings","floor":35,"turns":6},{"damage":15,"enemies":"Orb Walker","floor":37,"turns":4},{"damage":42,"enemies":"3 Darklings","floor":41,"turns":3}],"seed_played":"-7024674614401162690","potions_obtained":[{"floor":2.0,"key":"Regen Potion"},{"floor":7.0,"key":"LiquidMemories"},{"floor":8.0,"key":"Fire Potion"},{"floor":11.0,"key":"EntropicBrew"},{"floor":16.0,"key":"Block Potion"},{"floor":27.0,"key":"Swift Potion"},{"floor":33.0,"key":"AttackPotion"},{"floor":35,"key":"PowerPotion"}],"is_trial":false,"path_per_floor":["M","M","?","M","?","E","M","M","T","?","M","R","M","$","R","B",null,"M","?","?","?","?","R","E","R","T","M","R","?","R","M","R","B",null,"M","?","M","?","$","R","M"],"character_chosen":"IRONCLAD","items_purchased":["Metallicize","Bronze Scales","Shuriken","LiquidBronze","Warcry"],"campfire_rested":0,"item_purchase_floors":[14,39,39,39,39],"current_hp_per_floor":[72,72,56,55,22,6,2,2,2,22,21,21,21,21,21,3,61,50,50,44,44,44,44,21,21,21,10,10,10,10,23,23,8,62,55,55,40,40,40,40,0,0],"gold":103,"neow_bonus":"BOSS_RELIC","is_daily":false,"chose_seed":false,"campfire_upgraded":8,"win_rate":0.0,"timestamp":1608805442,"path_taken":["M","?","?","M","?","E","M","M","T","?","M","R","?","?","R","BOSS","M","?","?","?","?","R","E","R","T","M","R","?","R","M","R","BOSS","M","?","M","?","$","R","M"],"items_purchased_type":["Card","Relic","Relic","Potion","Card"],"build_version":"2020-12-22","purchased_purges":0,"victory":false,"max_hp_per_floor":[80,80,80,80,80,80,80,80,80,80,80,80,80,80,80,80,80,80,80,80,80,80,80,80,80,80,80,80,80,80,80,80,80,80,83,83,83,83,83,83,83,83],"card_choices":[{"not_picked":["Body Slam","Flex"],"picked":"Wild Strike","floor":1.0},{"not_picked":["Fire Breathing","Blood for Blood"],"picked":"Uppercut","floor":2.0},{"not_picked":["Havoc","Sword Boomerang"],"picked":"Iron Wave","floor":4.0},{"not_picked":["Iron Wave","Shockwave"],"picked":"Juggernaut","floor":6.0},{"not_picked":["Havoc","Infernal Blade"],"picked":"True Grit","floor":7.0},{"not_picked":["Havoc","Pommel Strike"],"picked":"Spot Weakness","floor":8.0},{"not_picked":["Sever Soul","Twin Strike"],"picked":"Power Through","floor":11.0},{"not_picked":["Disarm","Ghostly Armor"],"picked":"Cleave","floor":13.0},{"not_picked":["Berserk","Bludgeon"],"picked":"Barricade","floor":16.0},{"not_picked":["Reckless Charge","Entrench"],"picked":"Thunderclap","floor":18.0},{"not_picked":["Reckless Charge","Brutality"],"picked":"Exhume","floor":24.0},{"not_picked":["Sentinel+1","Searing Blow"],"picked":"Rupture","floor":27.0},{"not_picked":["Entrench","Thunderclap"],"picked":"Metallicize","floor":31.0},{"not_picked":["Bludgeon","Brutality"],"picked":"Feed","floor":33.0},{"not_picked":["Sword Boomerang","Rampage"],"picked":"Rage","floor":35},{"not_picked":["Power Through","Clothesline","Havoc"],"picked":"SKIP","floor":37}],"player_experience":158834,"relics_obtained":[{"floor":6.0,"key":"InkBottle"},{"floor":9.0,"key":"Vajra"},{"floor":24.0,"key":"Unceasing Top"},{"floor":26.0,"key":"MawBank"},{"floor":29.0,"key":"Red Mask"}],"event_choices":[{"damage_healed":0.0,"max_hp_gain":0.0,"max_hp_loss":0.0,"gold_gain":0.0,"event_name":"Shining Light","player_choice":"Entered Light","floor":3.0,"gold_loss":0.0,"damage_taken":16.0,"cards_upgraded":["Wild Strike","Strike_R"]},{"damage_healed":0.0,"max_hp_gain":0.0,"max_hp_loss":0.0,"gold_gain":0.0,"event_name":"Scrap Ooze","player_choice":"Success","floor":5.0,"gold_loss":0.0,"damage_taken":33.0,"relics_obtained":["WingedGreaves"]},{"damage_healed":20.0,"max_hp_gain":0.0,"max_hp_loss":0.0,"gold_gain":0.0,"event_name":"The Cleric","player_choice":"Healed","floor":10.0,"gold_loss":35.0,"damage_taken":0.0},{"damage_healed":0.0,"max_hp_gain":0.0,"max_hp_loss":0.0,"gold_gain":0.0,"cards_transformed":["Juggernaut","Entrench"],"event_name":"Drug Dealer","player_choice":"Became Test Subject","floor":19.0,"gold_loss":0.0,"damage_taken":0.0,"cards_obtained":["Rampage","Thunderclap"]},{"damage_healed":0.0,"max_hp_gain":0.0,"max_hp_loss":0.0,"gold_gain":0.0,"event_name":"Nest","player_choice":"Joined the Cult","floor":20.0,"gold_loss":0.0,"damage_taken":6.0,"cards_obtained":["RitualDagger"]},{"damage_healed":0.0,"max_hp_gain":0.0,"max_hp_loss":0.0,"gold_gain":0.0,"event_name":"Addict","player_choice":"Obtained Relic","floor":21.0,"gold_loss":85.0,"damage_taken":0.0,"relics_obtained":["PreservedInsect"]},{"cards_removed":["Headbutt"],"damage_healed":0.0,"max_hp_gain":0.0,"max_hp_loss":0.0,"gold_gain":0.0,"event_name":"Back to Basics","player_choice":"Elegance","floor":22.0,"gold_loss":0.0,"damage_taken":0.0},{"damage_healed":0.0,"max_hp_gain":0.0,"max_hp_loss":0.0,"gold_gain":0.0,"event_name":"Masked Bandits","player_choice":"Fought Bandits","floor":29.0,"gold_loss":0.0,"damage_taken":0.0},{"cards_removed":["Seeing Red"],"damage_healed":0,"gold_gain":0,"player_choice":"Removed Skill","damage_taken":0,"max_hp_gain":0,"max_hp_loss":0,"event_name":"Falling","floor":36,"gold_loss":0},{"damage_healed":0,"gold_gain":0,"player_choice":"Ignored","damage_taken":0,"max_hp_gain":0,"max_hp_loss":0,"event_name":"Mysterious Sphere","floor":38,"gold_loss":0}],"is_beta":false,"boss_relics":[{"not_picked":["Sozu","Cursed Key"],"picked":"Pandora\u0027s Box"},{"not_picked":["Runic Pyramid","Calling Bell"],"picked":"SlaversCollar"}],"items_purged_floors":[],"is_endless":false,"potions_floor_spawned":[2,7,8,11,16,27,33,35],"killed_by":"3 Darklings","ascension_level":6}}