{"host":"1637j8siz7lzgd5k","time":1608801378,"event":{"mods":["BaseMod","Colored Map","Minty Spire (QoL Compilation)","StSLib","SuperFastMode"],"gold_per_floor":[119,119,44,62,62,91,91,106,187,87,87,119,119,194,194,194,194],"floor_reached":16,"playtime":224,"items_purged":["Strike_R","Strike_R"],"score":212,"play_id":"bb9773f1-e2e3-4c90-9b75-850580d9326f","local_time":"20201224181618","is_ascension_mode":true,"campfire_choices":[{"data":"Rampage","floor":7,"key":"SMITH"},{"data":"Strike_R","floor":11,"key":"PURGE"},{"data":"Strike_R","floor":13,"key":"PURGE"},{"data":"Bash","floor":15,"key":"SMITH"}],"circlet_count":0,"master_deck":["AscendersBane","Strike_R","Defend_R","Defend_R","Defend_R","Defend_R","Bash+1","Rampage+1","Wild Strike"],"relics":["Burning Blood","Peace Pipe","PreservedInsect","Self Forming Clay","InkBottle","CeramicFish"],"acts_visited":["Exordium"],"potions_floor_usage":[6],"damage_taken":[{"damage":19.0,"enemies":"Jaw Worm","floor":1.0,"turns":6.0},{"damage":1,"enemies":"Cultist","floor":4,"turns":3},{"damage":25,"enemies":"3 Sentries","floor":6,"turns":8},{"damage":3,"enemies":"2 Louse","floor":8,"turns":3},{"damage":8,"enemies":"Gremlin Nob","floor":12,"turns":3},{"damage":26,"enemies":"Hexaghost","floor":16,"turns":7}],"seed_played":"9222688278210409734","potions_obtained":[{"floor":1.0,"key":"ColorlessPotion"}],"is_trial":false,"path_per_floor":["M","?","$","M","?","E","R","M","T","$","R","E","R","?","R","B"],"character_chosen":"IRONCLAD","items_purchased":[],"campfire_rested":0,"item_purchase_floors":[],"current_hp_per_floor":[55,55,55,60,49,30,30,33,33,33,33,31,31,20,20,0,0],"gold":194,"neow_bonus":"ONE_RARE_RELIC","is_daily":false,"chose_seed":false,"campfire_upgraded":2,"win_rate":0.0,"timestamp":1608801378,"path_taken":["M","?","$","?","?","E","R","M","T","$","R","E","R","?","R","BOSS"],"items_purchased_type":[],"build_version":"2020-12-22","purchased_purges":2,"victory":false,"max_hp_per_floor":[68,68,68,68,68,68,68,68,68,68,68,68,68,68,68,68,68],"card_choices":[{"not_picked":["Anger","Headbutt"],"picked":"Rampage","floor":1.0},{"not_picked":["Flex","True Grit","Warcry"],"picked":"SKIP","floor":4},{"not_picked":["Second Wind","Power Through","Demon Form"],"picked":"SKIP","floor":6},{"not_picked":["Iron Wave","Anger"],"picked":"Wild Strike","floor":8},{"not_picked":["Iron Wave","Warcry","Armaments"],"picked":"SKIP","floor":12}],"player_experience":810864,"relics_obtained":[{"floor":6,"key":"Self Forming Clay"},{"floor":9,"key":"InkBottle"},{"floor":12,"key":"CeramicFish"}],"event_choices":[{"damage_healed":0,"gold_gain":0,"player_choice":"0 cards matched","damage_taken":0,"max_hp_gain":0,"max_hp_loss":0,"event_name":"Match and Keep!","floor":2,"gold_loss":0,"cards_obtained":[]},{"damage_healed":0,"gold_gain":0,"player_choice":"Success","damage_taken":11,"relics_obtained":["PreservedInsect"],"max_hp_gain":0,"max_hp_loss":0,"event_name":"Scrap Ooze","floor":5,"gold_loss":0},{"damage_healed":0,"gold_gain":75,"player_choice":"Gather Gold","damage_taken":11,"max_hp_gain":0,"max_hp_loss":0,"event_name":"World of Goop","floor":14,"gold_loss":0}],"is_beta":false,"boss_relics":[],"items_purged_floors":[3,10],"is_endless":false,"potions_floor_spawned":[1],"killed_by":"Hexaghost","ascension_level":20}}