{"host":"0ueeacaatm8t6jyh","time":1608816231,"event":{"mods":["AchievementEnabler","BaseMod","Colored Powertips","Minty Spire (QoL Compilation)","Quick Restart","Rare Cards Sparkle","StSLib"],"gold_per_floor":[117,192,192,206,224,254,254,272,297,297,316,316,266,281,281,281,281],"floor_reached":16,"playtime":355,"items_purged":[],"score":163,"play_id":"9c6586a3-812d-4c7f-b4db-8da2e4a0ae45","local_time":"20201224212351","is_ascension_mode":true,"campfire_choices":[{"data":"Whirlwind","floor":7.0,"key":"SMITH"},{"data":"Armaments","floor":10.0,"key":"SMITH"},{"floor":12.0,"key":"RECALL"},{"data":"Heavy Blade","floor":15.0,"key":"SMITH"}],"circlet_count":0,"master_deck":["AscendersBane","Strike_R","Strike_R","Strike_R","Defend_R","Defend_R","Defend_R","Defend_R","Bash","Shrug It Off","Feel No Pain","Whirlwind+1","Exhume","Armaments+1","Heavy Blade+1"],"relics":["Burning Blood","NeowsBlessing","Boot","Bag of Preparation"],"acts_visited":["Exordium"],"potions_floor_usage":[16,16],"damage_taken":[{"damage":0.0,"enemies":"2 Louse","floor":1.0,"turns":1.0},{"damage":0.0,"enemies":"Cultist","floor":4.0,"turns":1.0},{"damage":0.0,"enemies":"Jaw Worm","floor":5.0,"turns":1.0},{"damage":27.0,"enemies":"3 Sentries","floor":6.0,"turns":4.0},{"damage":10.0,"enemies":"Large Slime","floor":8.0,"turns":5.0},{"damage":10.0,"enemies":"Red Slaver","floor":11.0,"turns":3.0},{"damage":0.0,"enemies":"Exordium Wildlife","floor":14.0,"turns":4.0},{"damage":58,"enemies":"Hexaghost","floor":16,"turns":9}],"seed_played":"8839912747549931838","potions_obtained":[{"floor":5.0,"key":"DuplicationPotion"},{"floor":6.0,"key":"BloodPotion"},{"floor":8.0,"key":"Swift Potion"},{"floor":11.0,"key":"LiquidMemories"}],"is_trial":false,"path_per_floor":["M","?","?","M","M","E","R","M","T","R","M","R","?","M","R","B"],"character_chosen":"IRONCLAD","items_purchased":[],"campfire_rested":0,"item_purchase_floors":[],"current_hp_per_floor":[78,67,67,73,79,58,58,54,54,54,50,50,50,56,56,14,14],"gold":281,"neow_bonus":"THREE_ENEMY_KILL","is_daily":false,"chose_seed":false,"campfire_upgraded":3,"win_rate":0.0,"timestamp":1608816231,"path_taken":["M","?","?","?","M","E","R","M","T","R","M","R","?","M","R","BOSS"],"items_purchased_type":[],"build_version":"2020-12-22","purchased_purges":0,"victory":false,"max_hp_per_floor":[80,80,80,80,80,80,80,80,80,80,80,80,80,80,80,80,80],"card_choices":[{"not_picked":["Anger","Cleave"],"picked":"Shrug It Off","floor":1.0},{"not_picked":["Burning Pact","Thunderclap"],"picked":"Feel No Pain","floor":4.0},{"not_picked":["True Grit","Heavy Blade"],"picked":"Whirlwind","floor":5.0},{"not_picked":["Feel No Pain","Fiend Fire"],"picked":"Exhume","floor":6.0},{"not_picked":["Flame Barrier","Searing Blow"],"picked":"Armaments","floor":8.0},{"not_picked":["Twin Strike","Headbutt","Combust"],"picked":"SKIP","floor":11.0},{"not_picked":["True Grit","Combust"],"picked":"Heavy Blade","floor":14.0}],"player_experience":299326,"relics_obtained":[{"floor":6.0,"key":"Boot"},{"floor":9.0,"key":"Bag of Preparation"}],"event_choices":[{"damage_healed":0.0,"max_hp_gain":0.0,"max_hp_loss":0.0,"gold_gain":75.0,"event_name":"World of Goop","player_choice":"Gather Gold","floor":2.0,"gold_loss":0.0,"damage_taken":11.0},{"cards_removed":["Strike_R"],"damage_healed":0.0,"max_hp_gain":0.0,"max_hp_loss":0.0,"gold_gain":0.0,"event_name":"Purifier","player_choice":"Purged","floor":3.0,"gold_loss":0.0,"damage_taken":0.0},{"cards_removed":["Strike_R"],"damage_healed":0.0,"max_hp_gain":0.0,"max_hp_loss":0.0,"gold_gain":0.0,"event_name":"The Cleric","player_choice":"Card Removal","floor":13.0,"gold_loss":50.0,"damage_taken":0.0}],"is_beta":false,"boss_relics":[],"items_purged_floors":[],"is_endless":false,"potions_floor_spawned":[5,6,8,11],"killed_by":"Hexaghost","ascension_level":12}}