{"host":"i0avyit1s6jb1siw","time":1608814185,"event":{"mods":["BaseMod","DeckTracker","Dota2Spire","Highlight Path","Minty Spire (QoL Compilation)","Quick Restart","Replay The Spire","StSLib","SuperFastMode"],"gold_per_floor":[111,111,36,36,49,77,97,113,138,138,138,138,167,185,185,262,262,262,162,162,87,103,103,103,103],"floor_reached":24,"playtime":287,"items_purged":["Defend_P","Strike_P"],"score":558,"play_id":"6c39dbc5-d814-4dfa-b693-344af6d68350","local_time":"20201224134945","is_ascension_mode":true,"campfire_choices":[{"data":"Eruption","floor":10,"key":"SMITH"},{"data":"CarveReality","floor":12,"key":"SMITH"},{"floor":15,"key":"DIG"},{"data":"Omniscience","floor":23,"key":"SMITH"}],"circlet_count":0,"master_deck":["AscendersBane","Strike_P","Defend_P","Defend_P","Eruption+1","Vigilance","FlurryOfBlows","FollowUp","CarveReality+1","MentalFortress","WheelKick","Omniscience","Omniscience+1","EmptyMind"],"relics":["PureWater","NeowsBlessing","Dota2Spire:MaskOfMadness","Potion Belt","Bag of Marbles","SacredBark"],"acts_visited":["Exordium","TheCity"],"potions_floor_usage":[16,18,24,24],"damage_taken":[{"damage":0,"enemies":"Small Slimes","floor":1,"turns":1},{"damage":0,"enemies":"2 Louse","floor":5,"turns":1},{"damage":0,"enemies":"Gremlin Nob","floor":6,"turns":1},{"damage":0,"enemies":"Jaw Worm","floor":7,"turns":2},{"damage":4,"enemies":"Looter","floor":8,"turns":3},{"damage":30,"enemies":"Lagavulin","floor":13,"turns":4},{"damage":0,"enemies":"2 Fungi Beasts","floor":14,"turns":2},{"damage":0,"enemies":"Slime Boss","floor":16,"turns":2},{"damage":0,"enemies":"3 Byrds","floor":18,"turns":1},{"damage":14,"enemies":"Spheric Guardian","floor":22,"turns":4},{"damage":58,"enemies":"Gremlin Leader","floor":24,"turns":4}],"seed_played":"-923994868154168110","potions_obtained":[{"floor":6,"key":"BlessingOfTheForge"},{"floor":13,"key":"SpeedPotion"},{"floor":14,"key":"Dota2Spire:HealingSalve"},{"floor":16,"key":"SmokeBomb"}],"is_trial":false,"path_per_floor":["M","?","$","?","M","E","M","M","T","R","?","R","E","M","R","B",null,"M","$","?","?","M","R","E"],"character_chosen":"WATCHER","items_purchased":[],"campfire_rested":0,"item_purchase_floors":[],"current_hp_per_floor":[61,61,61,54,54,54,54,50,50,50,50,50,20,20,20,20,56,56,56,56,56,42,42,0,0],"gold":103,"neow_bonus":"THREE_ENEMY_KILL","is_daily":false,"chose_seed":false,"campfire_upgraded":3,"win_rate":0.0,"timestamp":1608814185,"path_taken":["M","?","$","?","M","E","M","M","T","R","?","R","E","?","R","BOSS","M","$","?","?","M","R","E"],"items_purchased_type":[],"build_version":"2020-12-22","purchased_purges":2,"victory":false,"max_hp_per_floor":[68,68,68,68,68,68,68,68,68,68,68,68,68,68,68,68,68,68,68,68,68,68,68,68,68],"card_choices":[{"not_picked":["Replay:Cycle","Crescendo"],"picked":"FlurryOfBlows","floor":1},{"not_picked":["JustLucky","FlurryOfBlows"],"picked":"FollowUp","floor":5},{"not_picked":["SashWhip","MasterReality","EmptyBody"],"picked":"SKIP","floor":6},{"not_picked":["ClearTheMind","Crescendo"],"picked":"CarveReality","floor":7},{"not_picked":["Evaluate","CrushJoints"],"picked":"MentalFortress","floor":8},{"not_picked":["FlurryOfBlows","ThirdEye"],"picked":"WheelKick","floor":13},{"not_picked":["Replay:Battleflow","Prostrate","Protect"],"picked":"SKIP","floor":14},{"not_picked":["SpiritShield","Judgement"],"picked":"Omniscience","floor":16},{"not_picked":["Evaluate","BowlingBash"],"picked":"EmptyMind","floor":22}],"player_experience":2113691,"relics_obtained":[{"floor":6,"key":"Dota2Spire:MaskOfMadness"},{"floor":13,"key":"Potion Belt"},{"floor":15,"key":"Bag of Marbles"}],"event_choices":[{"damage_healed":0,"gold_gain":0,"player_choice":"Ignored","damage_taken":0,"max_hp_gain":0,"max_hp_loss":0,"event_name":"Liars Game","floor":2,"gold_loss":0},{"cards_removed":["Strike_P"],"damage_healed":0,"gold_gain":0,"player_choice":"Card Removal","damage_taken":7,"max_hp_gain":0,"max_hp_loss":0,"event_name":"Golden Wing","floor":4,"gold_loss":0},{"damage_healed":0,"gold_gain":0,"cards_transformed":["Strike_P","Defend_P"],"player_choice":"Became Test Subject","damage_taken":0,"max_hp_gain":0,"max_hp_loss":0,"event_name":"Drug Dealer","floor":20,"gold_loss":0,"cards_obtained":["SashWhip","Omniscience"]},{"cards_removed":["SashWhip"],"damage_healed":0,"gold_gain":0,"player_choice":"Gave Gold","damage_taken":0,"max_hp_gain":0,"max_hp_loss":0,"event_name":"Beggar","floor":21,"gold_loss":75}],"is_beta":false,"boss_relics":[{"not_picked":["Sozu","Black Star"],"picked":"SacredBark"}],"items_purged_floors":[3,19],"is_endless":false,"potions_floor_spawned":[6,13,14,16],"killed_by":"Gremlin Leader","ascension_level":20}}