{"host":"627up2rvtmm0cf0r","time":1608805774,"event":{"mods":["ATMod(阿瑾Mod)","Act Like it!","BaseMod","Better Vampires","CapriCore","Card Filter","Card Forge","Colored Powertips","DeckTracker","Dota2Spire","Friendly Minions","Highlight Path","Infinite Spire","Marked Mod","Minty Spire (QoL Compilation)","MostiFishMod","Permanent Neow","Practice Mode","Quick Restart","Relic Stats","SIMod","Shop Mod","Spicy Shops","StSLib","SuperFastMode","TestMod","[地精首领爬塔]The Maniac","【遗物卡牌】REMEMod","残留之物","篝火指南"],"gold_per_floor":[119,133,58,58,8,25,60,60,83,116,116,134,134,151,151,256,256,275,287,287,306,306,306,306,345,370,446,484,484,484,498,498,608,608,628,628,644,179,192,221,221,96,123,164,204,266,266,442,442,500],"floor_reached":51,"playtime":2225,"items_purged":["PlaceholderMod:BaseStrike","PlaceholderMod:BaseStrike","PlaceholderMod:BaseStrike","PlaceholderMod:BaseStrike","Pain"],"score":1047,"play_id":"11110938-7249-4006-9b92-c353e7fdaea9","local_time":"20201224182934","is_ascension_mode":false,"campfire_choices":[{"data":"AT_FamilyPortrait","floor":8.0,"key":"SMITH"},{"data":"PlaceholderMod:DiffusionChemical","floor":15.0,"key":"SMITH"},{"data":"PlaceholderMod:DiffusionPoison","floor":23.0,"key":"SMITH"},{"data":"PlaceholderMod:Crystallization","floor":30.0,"key":"SMITH"},{"data":"PlaceholderMod:FastReaction","floor":32.0,"key":"SMITH"},{"data":"PlaceholderMod:Activation","floor":47,"key":"SMITH"},{"data":"PlaceholderMod:HardStrike","floor":49,"key":"SMITH"}],"circlet_count":0,"master_deck":["PlaceholderMod:BaseDefend+1","PlaceholderMod:BaseDefend","PlaceholderMod:BaseDefend+1","PlaceholderMod:BaseDefend","PlaceholderMod:Crystal","PlaceholderMod:PoisonWhip","testmod-DeathImprint","PlaceholderMod:Package","AT_FamilyPortrait+1","PlaceholderMod:HardStrike+1","PlaceholderMod:Crystallization+1","PlaceholderMod:DiffusionChemical+1","PlaceholderMod:FastReaction+1","PlaceholderMod:HornyBlast","PlaceholderMod:DiffusionPoison+1","PlaceholderMod:CycleAttack+1","PlaceholderMod:Activation+1"],"relics":["PlaceholderMod:Tancle","Hammer of Thor","Seething Fire","Anvil of the Gods","DaveBox","testmod-TestBox","REME_ComplimentaryCards","AT_ATBox","testmod-TheFather","Ying","SynthV:TestCard","PreservedInsect","Dota2Spire:MaskOfMadness","infinitespire:Cupcake","Nunchaku","Oddly Smooth Stone","Dota2Spire:CrimsonGuard","Shuriken","infinitespire:CheckeredPen","Dota2Spire:RefresherOrb","Dota2Spire:Desolator","War Paint","Lantern","ClockworkSouvenir","infinitespire:Beetle Shell","WarpedTongs","AT_MibuBalloonWealth","testmod-Antiphasic"],"acts_visited":["Exordium","TheCity","TheBeyond"],"potions_floor_usage":[],"damage_taken":[{"damage":7.0,"enemies":"infinitespire:Voidling","floor":1.0,"turns":4.0},{"damage":0.0,"enemies":"Cultist","floor":2.0,"turns":3.0},{"damage":0.0,"enemies":"Small Slimes","floor":6.0,"turns":2.0},{"damage":6.0,"enemies":"Lagavulin","floor":7.0,"turns":5.0},{"damage":8.0,"enemies":"Exordium Wildlife","floor":10.0,"turns":3.0},{"damage":0.0,"enemies":"2 Fungi Beasts","floor":12.0,"turns":2.0},{"damage":3.0,"enemies":"Red Slaver","floor":14.0,"turns":4.0},{"damage":5.0,"enemies":"Hexaghost","floor":16.0,"turns":7.0},{"damage":0.0,"enemies":"2 Thieves","floor":18.0,"turns":3.0},{"damage":0.0,"enemies":"Shell Parasite","floor":19.0,"turns":4.0},{"damage":0.0,"enemies":"Shelled Parasite and Fungi","floor":21.0,"turns":3.0},{"damage":33.0,"enemies":"Slavers","floor":25.0,"turns":3.0},{"damage":0.0,"enemies":"Gremlin Leader","floor":28.0,"turns":4.0},{"damage":3.0,"enemies":"Snake Plant","floor":31.0,"turns":3.0},{"damage":15.0,"enemies":"Champ","floor":33.0,"turns":8.0},{"damage":3.0,"enemies":"3 Darklings","floor":35.0,"turns":3.0},{"damage":0.0,"enemies":"Orb Walker","floor":37.0,"turns":2.0},{"damage":0.0,"enemies":"Spire Growth","floor":39.0,"turns":3.0},{"damage":3.0,"enemies":"Giant Head","floor":40.0,"turns":3.0},{"damage":0.0,"enemies":"Maw","floor":44.0,"turns":3.0},{"damage":0,"enemies":"Writhing Mass","floor":45,"turns":1},{"damage":0,"enemies":"Nemesis","floor":46,"turns":2},{"damage":0,"enemies":"Jaw Worm Horde","floor":48,"turns":2},{"damage":2,"enemies":"Donu and Deca","floor":50,"turns":2}],"seed_played":"-6578740130053056804","potions_obtained":[{"floor":2.0,"key":"SteroidPotion"},{"floor":6.0,"key":"SkillPotion"},{"floor":12.0,"key":"LiquidBronze"},{"floor":37.0,"key":"SteroidPotion"}],"is_trial":false,"path_per_floor":["M","M","$","$","?","M","E","R","T","M","?","M","?","M","R","B",null,"M","M","?","M","?","R","?","E","T","T","E","AVR","R","M","R","B",null,"M","AVR","M","$","M","E","?","$","T","M","M","E","R","M","R","B",null],"character_chosen":"THE_PLACEHOLDER","items_purchased":["War Paint","Lantern","ClockworkSouvenir"],"campfire_rested":0,"item_purchase_floors":[38,38,38],"current_hp_per_floor":[78,78,78,78,78,78,72,72,72,64,57,57,57,58,58,53,78,78,78,63,63,63,63,83,50,50,50,50,50,50,47,47,34,85,82,82,82,82,82,79,79,79,79,79,79,79,79,79,79,77],"gold":500,"neow_bonus":"RANDOM_COLORLESS","is_daily":false,"chose_seed":false,"campfire_upgraded":7,"win_rate":0.0,"timestamp":1608805774,"path_taken":["M","?","?","$","?","M","E","R","T","M","?","?","?","M","R","BOSS","M","M","?","M","?","R","?","E","T","?","E","AVR","R","M","R","BOSS","M","AVR","M","$","M","E","?","$","T","?","M","E","R","M","R","BOSS"],"items_purchased_type":["Relic","Relic","Relic"],"build_version":"2020-12-22","purchased_purges":5,"victory":true,"max_hp_per_floor":[78,78,78,78,78,78,78,78,78,78,78,78,78,78,78,78,78,78,78,83,83,83,83,83,83,83,83,83,83,83,83,83,85,85,85,85,85,85,85,85,85,85,85,85,85,85,85,85,85,85],"relic_stats":{"Nunchaku":[7],"counters":[24,79],"Shuriken":[9],"PreservedInsect":257,"War Paint":["PlaceholderMod:BaseDefend","PlaceholderMod:BaseDefend"],"obtain_stats":[{"PlaceholderMod:Tancle":0,"Dota2Spire:MaskOfMadness":9,"Lantern":38,"AT_ATBox":0,"Ying":0,"DaveBox":0,"AT_MibuBalloonWealth":43,"Hammer of Thor":0,"Dota2Spire:RefresherOrb":34,"ClockworkSouvenir":38,"Nunchaku":25,"Dota2Spire:CrimsonGuard":27,"testmod-TheFather":0,"testmod-TestBox":0,"Oddly Smooth Stone":26,"PreservedInsect":7,"infinitespire:Beetle Shell":40,"Seething Fire":0,"infinitespire:CheckeredPen":29,"War Paint":38,"WarpedTongs":41,"testmod-Antiphasic":46,"SynthV:TestCard":1,"Anvil of the Gods":0,"Shuriken":28,"REME_ComplimentaryCards":0,"infinitespire:Cupcake":17,"Dota2Spire:Desolator":36},{"PlaceholderMod:Tancle":0,"Dota2Spire:MaskOfMadness":4,"Lantern":17,"AT_ATBox":0,"Ying":0,"DaveBox":0,"AT_MibuBalloonWealth":19,"Hammer of Thor":0,"Dota2Spire:RefresherOrb":15,"ClockworkSouvenir":17,"Nunchaku":12,"Dota2Spire:CrimsonGuard":12,"testmod-TheFather":0,"testmod-TestBox":0,"Oddly Smooth Stone":12,"PreservedInsect":4,"infinitespire:Beetle Shell":19,"Seething Fire":0,"infinitespire:CheckeredPen":13,"War Paint":17,"WarpedTongs":19,"testmod-Antiphasic":22,"SynthV:TestCard":1,"Anvil of the Gods":0,"Shuriken":13,"REME_ComplimentaryCards":0,"infinitespire:Cupcake":8,"Dota2Spire:Desolator":16},{"PlaceholderMod:Tancle":0,"Dota2Spire:MaskOfMadness":14,"Lantern":63,"AT_ATBox":0,"Ying":0,"DaveBox":0,"AT_MibuBalloonWealth":69,"Hammer of Thor":0,"Dota2Spire:RefresherOrb":58,"ClockworkSouvenir":63,"Nunchaku":43,"Dota2Spire:CrimsonGuard":43,"testmod-TheFather":0,"testmod-TestBox":0,"Oddly Smooth Stone":43,"PreservedInsect":14,"infinitespire:Beetle Shell":69,"Seething Fire":0,"infinitespire:CheckeredPen":47,"War Paint":63,"WarpedTongs":69,"testmod-Antiphasic":75,"SynthV:TestCard":4,"Anvil of the Gods":0,"Shuriken":47,"REME_ComplimentaryCards":0,"infinitespire:Cupcake":30,"Dota2Spire:Desolator":61}],"WarpedTongs":[10]},"card_choices":[{"not_picked":["Dark Shackles","testmod-Mystery"],"picked":"testmod-DeathImprint","floor":0.0},{"not_picked":["PlaceholderMod:DirectingGroup","PlaceholderMod:ComplexForm","PlaceholderMod:Polyp"],"picked":"SKIP","floor":1.0},{"not_picked":["PlaceholderMod:ConsolidateHit","PlaceholderMod:ComplexForm","PlaceholderMod:CycleAttack","PlaceholderMod:OHStrongAttack"],"picked":"PlaceholderMod:HardStrike","floor":2.0},{"not_picked":["PlaceholderMod:StressReaction","PlaceholderMod:Stable","PlaceholderMod:SelectReaction","PlaceholderMod:Stratification"],"picked":"PlaceholderMod:Crystallization","floor":6.0},{"not_picked":["PlaceholderMod:UnpureUse","PlaceholderMod:SeverePoisonStrike","PlaceholderMod:SubstitutionNucleophilic1","PlaceholderMod:PoisonAbsorb"],"picked":"PlaceholderMod:DiffusionChemical","floor":7.0},{"not_picked":["PlaceholderMod:DirectingGroup","PlaceholderMod:CrystallizationStrike","PlaceholderMod:EnergyAbsorb","PlaceholderMod:HornyBlast"],"picked":"PlaceholderMod:FastReaction","floor":10.0},{"not_picked":["PlaceholderMod:HardStrike","PlaceholderMod:ContinueSpray","PlaceholderMod:ParasiteChange","PlaceholderMod:Sweep"],"picked":"PlaceholderMod:HornyBlast","floor":12.0},{"not_picked":["PlaceholderMod:ThreeBenzyolStart","PlaceholderMod:GrowthForm","PlaceholderMod:Hyperplasia","PlaceholderMod:ConsolidateHit","PlaceholderMod:PoisonAbsorb"],"picked":"SKIP","floor":14.0},{"not_picked":["PlaceholderMod:QualitativeChange","PlaceholderMod:PericyclicReaction","PlaceholderMod:CorePoison","PlaceholderMod:DoublePoint"],"picked":"PlaceholderMod:DiffusionPoison","floor":16.0},{"not_picked":["PlaceholderMod:Polyp+1","PlaceholderMod:NearChange","PlaceholderMod:SubstitutionNucleophilic1+1","PlaceholderMod:ProliferateStrike"],"picked":"PlaceholderMod:CycleAttack+1","floor":18.0},{"not_picked":["PlaceholderMod:DiffusionChemical","PlaceholderMod:ConsolidateHit","PlaceholderMod:PoisonBlast","PlaceholderMod:ChainPoly","PlaceholderMod:HardStrike+1"],"picked":"SKIP","floor":19.0},{"not_picked":["PlaceholderMod:ContinueSpray","PlaceholderMod:Polyp","PlaceholderMod:PoisonExcitation","PlaceholderMod:TriggerStrike","PlaceholderMod:HardStrike"],"picked":"SKIP","floor":21.0},{"not_picked":["PlaceholderMod:DirectingGroup+1","PlaceholderMod:FastReaction","PlaceholderMod:QualitativeChange","PlaceholderMod:SelectReaction","PlaceholderMod:Sweep"],"picked":"SKIP","floor":25.0},{"not_picked":["PlaceholderMod:ParasiteChange+1","PlaceholderMod:Turn","PlaceholderMod:Hard","PlaceholderMod:Package","PlaceholderMod:HardStinger"],"picked":"SKIP","floor":28.0},{"not_picked":["PlaceholderMod:SevereHeat","PlaceholderMod:RadicalHit","PlaceholderMod:Colorful+1","PlaceholderMod:PoisonAbsorb+1","PlaceholderMod:Internalization"],"picked":"SKIP","floor":31.0},{"not_picked":["PlaceholderMod:DoublePoint","PlaceholderMod:PericyclicReaction","PlaceholderMod:GrowthForm","PlaceholderMod:Assimilation"],"picked":"PlaceholderMod:Activation","floor":33.0},{"not_picked":["PlaceholderMod:StrongAcid","PlaceholderMod:OHStrongAttack+1","PlaceholderMod:Sweep+1","PlaceholderMod:ProliferateStrike","PlaceholderMod:AngryAttack"],"picked":"SKIP","floor":35.0},{"not_picked":["PlaceholderMod:Crystallization","PlaceholderMod:Sweep","PlaceholderMod:HornyBlast","PlaceholderMod:PoisonAbsorb","PlaceholderMod:TriggerStrike"],"picked":"SKIP","floor":37.0},{"not_picked":["PlaceholderMod:SprayAttack+1","PlaceholderMod:Stratification+1","PlaceholderMod:BlastSpray","PlaceholderMod:ParasiteChange","PlaceholderMod:Colorful"],"picked":"SKIP","floor":39.0},{"not_picked":["PlaceholderMod:SevereHeat+1","PlaceholderMod:UnpureUse+1","PlaceholderMod:ChainPoly","PlaceholderMod:Colorful","PlaceholderMod:FinalSpray"],"picked":"SKIP","floor":40.0},{"not_picked":["PlaceholderMod:RadicalHit+1","PlaceholderMod:Turn","PlaceholderMod:Polyp","PlaceholderMod:Hyperplasia+1","PlaceholderMod:OHStrongAttack+1"],"picked":"SKIP","floor":44.0},{"not_picked":["PlaceholderMod:ConsolidateHit","PlaceholderMod:Turn+1","PlaceholderMod:DissolvingSpikes","PlaceholderMod:StrongAcid","PlaceholderMod:PoisonExcitation+1"],"picked":"SKIP","floor":45},{"not_picked":["PlaceholderMod:RadicalHit","PlaceholderMod:SeverePoisonStrike+1","PlaceholderMod:Stable","PlaceholderMod:OHStrongAttack+1","PlaceholderMod:StressReaction+1"],"picked":"SKIP","floor":46},{"not_picked":["PlaceholderMod:ChainPoly","PlaceholderMod:ParasiteChange","PlaceholderMod:StrongAcid","PlaceholderMod:DirectingGroup","PlaceholderMod:ConsolidateHit+1"],"picked":"SKIP","floor":48}],"player_experience":33118,"relics_obtained":[{"floor":1.0,"key":"SynthV:TestCard"},{"floor":7.0,"key":"PreservedInsect"},{"floor":9.0,"key":"Dota2Spire:MaskOfMadness"},{"floor":25.0,"key":"Nunchaku"},{"floor":26.0,"key":"Oddly Smooth Stone"},{"floor":27.0,"key":"Dota2Spire:CrimsonGuard"},{"floor":28.0,"key":"Shuriken"},{"floor":40.0,"key":"infinitespire:Beetle Shell"},{"floor":43.0,"key":"AT_MibuBalloonWealth"},{"floor":46,"key":"testmod-Antiphasic"}],"event_choices":[{"cards_removed":["PlaceholderMod:BaseDefend"],"damage_healed":0.0,"max_hp_gain":0.0,"max_hp_loss":0.0,"gold_gain":0.0,"event_name":"The Cleric","player_choice":"Card Removal","floor":5.0,"gold_loss":50.0,"damage_taken":0.0},{"cards_removed":["PlaceholderMod:BaseStrike"],"damage_healed":0.0,"max_hp_gain":0.0,"max_hp_loss":0.0,"gold_gain":0.0,"event_name":"Golden Wing","player_choice":"Card Removal","floor":11.0,"gold_loss":0.0,"damage_taken":7.0},{"damage_healed":0.0,"max_hp_gain":0.0,"max_hp_loss":0.0,"gold_gain":0.0,"event_name":"Match and Keep!","player_choice":"0 cards matched","floor":13.0,"gold_loss":0.0,"damage_taken":0.0,"cards_obtained":[]},{"damage_healed":0.0,"max_hp_gain":5.0,"max_hp_loss":0.0,"gold_gain":0.0,"event_name":"Forgotten Altar","player_choice":"Shed Blood","floor":20.0,"gold_loss":0.0,"damage_taken":20.0},{"damage_healed":0.0,"max_hp_gain":0.0,"max_hp_loss":0.0,"gold_gain":0.0,"event_name":"Vampires","player_choice":"Ignored","floor":22.0,"gold_loss":0.0,"damage_taken":0.0},{"damage_healed":27.0,"max_hp_gain":0.0,"max_hp_loss":0.0,"gold_gain":0.0,"event_name":"The Library","player_choice":"Heal","floor":24.0,"gold_loss":0.0,"damage_taken":0.0},{"damage_healed":0.0,"max_hp_gain":0.0,"max_hp_loss":0.0,"gold_gain":0.0,"event_name":"Accursed Blacksmith","player_choice":"Rummage","floor":41.0,"gold_loss":0.0,"damage_taken":0.0,"relics_obtained":["WarpedTongs"],"cards_obtained":["Pain"]}],"is_beta":false,"boss_relics":[{"not_picked":["Snecko Eye","NightmareShop"],"picked":"infinitespire:Cupcake"},{"not_picked":["testmod-Prudence","Calling Bell"],"picked":"Dota2Spire:RefresherOrb"}],"items_purged_floors":[3,29,36,38,42],"is_endless":false,"potions_floor_spawned":[2,6,12,14,18,19,28,35,37,44,46],"ascension_level":0}}