{"host":"yd9r7zy2pq4z3cad","time":1608801010,"event":{"mods":["AchievementEnabler","Act Like it!","Astrologer","BaseMod","Beaked The Cultist","Better Third Choice","BetterRewards","Colored Map","Colored Powertips","Conspire","Curses Come First","Displayed Cursed Tome","Downfall","Elementarium","GifTheSpireLib","Halation","Hallownest","Hermit","Highlight Path","Hubris","Infinite Spire","Jorbs\u0027s Wanderer Trilogy","Menagerie","Minty Spire (QoL Compilation)","Pale of the Ancients","Permanent Neow","Rare Cards Sparkle","Relic Sorter","Relic Stats","Replay The Spire","Shade Mod","StSLib","Stuff the Spire","The Alterego","The Blackbeard","The Bladedancer","The Bug Knight","The Cursed","The Dragon Tamer","The Exalted","The Factory","The Forsaken","The Gatherer","The Hierophant","The Jungle","The Mystic","The Necromancer","The Problem Sleuth","The Runesmith","The Servant 0.9.4","The Spell Scribe","vexMod"],"gold_per_floor":[111,121,121,46,46,74,91,91,117,168,168,168,68,88,88,193,193,178,178,191,46,46,74,93,93,93,45,45,45,45,60,60,164,164,175,15,15,34,0,0,0,14,14,14,45,45,145,157,157,157,157,174,174,174,174,174,174],"floor_reached":56,"playtime":2690,"items_purged":["beaked:Strike_Y","theForsaken:PlagueCurse","beaked:Strike_Y","beaked:Pecker"],"score":1096,"play_id":"a912c9b8-d815-4684-a5e6-6d5ff198930f","local_time":"20201224141010","is_ascension_mode":false,"campfire_choices":[{"data":"beaked:VigorBurst","floor":12,"key":"SMITH"},{"data":"beaked:Foresight","floor":15,"key":"SMITH"},{"data":"beaked:Evade","floor":25,"key":"SMITH"},{"data":"beaked:Ceremony","floor":30,"key":"SMITH"},{"data":"beaked:BraceForImpact","floor":32,"key":"SMITH"},{"floor":40,"key":"REST"},{"data":"ReplayTheSpireMod:RavenHex","floor":46,"key":"SMITH"},{"data":"hubris:Fate","floor":49,"key":"SMITH"},{"data":"beaked:StickSmack","floor":55,"key":"SMITH"}],"circlet_count":0,"master_deck":["beaked:Strike_Y","beaked:Ceremony","beaked:Ceremony+1","beaked:Ceremony","beaked:CursingBlood","beaked:VigorBurst+1","Hallownest:skillLeafShield","Hallownest:skillLeafShield","Hallownest:skillLeafShield","Hallownest:skillLeafShield","Hallownest:skillLeafShield","beaked:Evade+1","beaked:StickSmack+1","beaked:Foresight+1","beaked:Roost+1","ReplayTheSpireMod:RavenHex+1","beaked:BraceForImpact+1","beaked:WindBringer+1","beaked:DigDeep+1","beaked:Windmill+1","hubris:Fate+1","beaked:CursingBlood"],"relics":["beaked:MendingPlumage","vexMod:Spyglass","WingedGreaves","hubris:SlimyHat","Anchor","Molten Egg 2","StuffTheSpire:Mouthbags","Bromod:ArcaneConsequence","theForsaken:PlagueMask","vexMod:BigBerry","Pen Nib","Dream Catcher","Potion Belt","Bromod:ArcaneUltimatum","vexMod:MysteryBossChallenge","halation:Prosthetics","Red Mask","halation:TwoAmDonut","Smiling Mask","ReplayTheSpireMod:Ninjato","paleoftheancients:Timepiece","Ice Cream","Bronze Scales","StuffTheSpire:Gunfinga"],"acts_visited":["Hallownest:Greenpath","TheCity","TheBeyond","paleoftheancients:PaleOfTheAncients"],"potions_floor_usage":[20,20,33,33,33,42,51,51,51,56],"damage_taken":[{"damage":12,"enemies":"Hallownest:2_MossCreeps","floor":1,"turns":6},{"damage":7,"enemies":"2_ Uuma","floor":2,"turns":6},{"damage":19,"enemies":"Hallownest:eliteMossKnight","floor":6,"turns":8},{"damage":0,"enemies":"Hallownest:monsterHuskWarrior","floor":7,"turns":4},{"damage":9,"enemies":"Hallownest:Guard_and_Warrior","floor":14,"turns":6},{"damage":18,"enemies":"Hallownest:BossFalseKnight","floor":16,"turns":9},{"damage":25,"enemies":"2 Thieves","floor":18,"turns":5},{"damage":29,"enemies":"Chosen and Byrds","floor":20,"turns":8},{"damage":15,"enemies":"Book of Stabbing","floor":23,"turns":7},{"damage":14,"enemies":"Centurion and Healer","floor":24,"turns":8},{"damage":30,"enemies":"Snake Plant","floor":31,"turns":6},{"damage":26,"enemies":"Collector","floor":33,"turns":12},{"damage":53,"enemies":"Orb Walker","floor":35,"turns":7},{"damage":19,"enemies":"3 Shapes","floor":38,"turns":11},{"damage":26,"enemies":"3 Darklings","floor":42,"turns":6},{"damage":0,"enemies":"Nemesis","floor":45,"turns":1},{"damage":0,"enemies":"Maw","floor":48,"turns":7},{"damage":0,"enemies":"conspire:OrnateMirror","floor":50,"turns":2},{"damage":54,"enemies":"conspire:OrnateMirror","floor":51,"turns":4},{"damage":61,"enemies":"conspire:OrnateMirror","floor":52,"turns":10},{"damage":101,"enemies":"conspire:OrnateMirror","floor":56,"turns":11}],"seed_played":"2737968829464790444","potions_obtained":[{"floor":2,"key":"Strength Potion"},{"floor":7,"key":"Elixir"},{"floor":18,"key":"Strength Potion"},{"floor":31,"key":"SkillPotion"},{"floor":33,"key":"Weak Potion"},{"floor":35,"key":"Weak Potion"},{"floor":38,"key":"champ:CounterPotion"},{"floor":45,"key":"EssenceOfSteel"},{"floor":52,"key":"Toxic Potion"}],"is_trial":false,"path_per_floor":["M","M","?","$","?","E","M","T","T","T","?","R","$","M","R","B",null,"M","?","M","$","?","E","M","R","T","$","?","T","R","M","R","B",null,"M","$","?","M","?","R","?","M","T","AVR","E","R","?","M","R","B","M","M","?","T","R","M"],"character_chosen":"BEAKED_THE_CULTIST","items_purchased":["vexMod:Spyglass","WingedGreaves","hubris:SlimyHat","beaked:MendingBrew","Pen Nib","Strength Potion","beaked:WindBringer+1"],"campfire_rested":1,"item_purchase_floors":[0,0,0,0,21,27,36],"current_hp_per_floor":[44,55,55,55,55,53,55,55,55,55,55,55,55,54,54,55,85,73,73,73,73,73,85,85,85,85,85,85,85,85,78,78,85,50,19,19,44,38,38,44,44,42,42,42,44,44,44,44,44,44,44,44,44,44,44,0,0],"gold":174,"neow_bonus":"","is_daily":false,"chose_seed":false,"campfire_upgraded":8,"win_rate":0.0,"timestamp":1608801010,"path_taken":["M","M","?","?","?","E","M","?","T","?","?","R","?","M","R","BOSS","M","?","M","?","?","E","?","R","T","?","?","?","R","M","R","BOSS","M","?","?","M","?","R","?","M","T","AVR","E","R","?","M","R","BOSS","M","M","?","T","R","M"],"items_purchased_type":["Relic","Relic","Relic","Potion","Relic","Potion","Card"],"build_version":"2020-12-22","purchased_purges":4,"victory":false,"max_hp_per_floor":[50,55,55,55,55,55,55,55,55,55,55,55,55,55,55,55,85,85,85,85,85,85,85,85,85,85,85,85,85,85,85,85,85,50,50,50,44,44,44,44,44,44,44,44,44,44,44,44,44,44,44,44,44,44,44,44,44],"relic_stats":{"Dream Catcher":1,"counters":[73,388],"Bronze Scales":[59],"Pen Nib":[12],"Smiling Mask":0,"obtain_stats":[{"Ice Cream":43,"Bromod:ArcaneUltimatum":29,"vexMod:MemoryStick":30,"Gremlin Horn":9,"Nilry\u0027s Codex":29,"Vajra":43,"halation:Prosthetics":34,"vexMod:RockOfEvil":34,"hubris:TerracottaHorce":17,"StuffTheSpire:SapphireSignet":14,"vexMod:CardConverter":0,"beaked:SacredDeck":34,"hubris:DeckOfHolding":13,"halation:KoshaPiece":44,"Replay:Wax Seal":2,"hubris:Teleporter":31,"Replay:Grab Bag":34,"vexMod:MysteryBossChallenge":34,"hubris:HollowSoul":34,"Pen Nib":21,"Bromod:ArcaneConsequence":20,"infinitespire:EvilPickle":33,"paleoftheancients:Timepiece":50,"ReplayTheSpireMod:Shallot":47,"Bronze Scales":50,"Molten Egg 2":8,"StuffTheSpire:PointBlank":31,"Black Star":34,"vexMod:BigBerry":17,"Bromod:ArcaneAvenger":38,"halation:PapillonHeart":37,"beaked:ShinyBauble":38,"StoneCalendar":38,"Bromod:ArcanePistoleer":41,"Blue Doll":0,"Replay:Multitool":28,"Hallownest:DreamNailRelic":4,"hubris:SlimyHat":0,"Cursed Key":34,"theForsaken:Gavel":26,"vexMod:Spyglass":0,"theForsaken:PlagueMask":11,"Smiling Mask":44,"ClockworkSouvenir":20,"StuffTheSpire:OccultApparatus":36,"Dream Catcher":23,"StuffTheSpire:Gunfinga":54,"theForsaken:Kindling":6,"hubris:ScarierMask":25,"WingedGreaves":0,"Red Mask":39,"hubris:GlazedTorus":26,"Potion Belt":26,"BargainBundle":30,"ReplayTheSpireMod:Ninjato":45,"vexMod:ConsolationPrize":29,"Replay:WaspNest":9,"infinitespire:Lucky Rock":41,"hubris:Towel":36,"vexMod:Dragonfruit":44,"Anchor":6,"StuffTheSpire:Mouthbags":9,"Membership Card":20,"Runesmith:AutoHammer":49,"halation:TwoAmDonut":43,"beaked:MendingPlumage":0,"Toy Ornithopter":25},{"Ice Cream":48,"Bromod:ArcaneUltimatum":62,"vexMod:MemoryStick":42,"Gremlin Horn":30,"Nilry\u0027s Codex":41,"Vajra":23,"halation:Prosthetics":64,"vexMod:RockOfEvil":19,"hubris:TerracottaHorce":34,"StuffTheSpire:SapphireSignet":33,"vexMod:CardConverter":27,"beaked:SacredDeck":44,"hubris:DeckOfHolding":9,"halation:KoshaPiece":24,"Replay:Wax Seal":28,"hubris:Teleporter":18,"Replay:Grab Bag":19,"vexMod:MysteryBossChallenge":64,"hubris:HollowSoul":19,"Pen Nib":60,"Bromod:ArcaneConsequence":12,"infinitespire:EvilPickle":44,"paleoftheancients:Timepiece":70,"ReplayTheSpireMod:Shallot":50,"Bronze Scales":70,"Molten Egg 2":56,"StuffTheSpire:PointBlank":18,"Black Star":19,"vexMod:BigBerry":58,"Bromod:ArcaneAvenger":46,"halation:PapillonHeart":20,"beaked:ShinyBauble":46,"StoneCalendar":22,"Bromod:ArcanePistoleer":23,"Blue Doll":27,"Replay:Multitool":16,"Hallownest:DreamNailRelic":28,"hubris:SlimyHat":52,"Cursed Key":19,"theForsaken:Gavel":39,"vexMod:Spyglass":52,"theForsaken:PlagueMask":56,"Smiling Mask":67,"ClockworkSouvenir":35,"StuffTheSpire:OccultApparatus":20,"Dream Catcher":61,"StuffTheSpire:Gunfinga":72,"theForsaken:Kindling":5,"hubris:ScarierMask":14,"WingedGreaves":52,"Red Mask":66,"hubris:GlazedTorus":14,"Potion Belt":62,"BargainBundle":16,"ReplayTheSpireMod:Ninjato":68,"vexMod:ConsolationPrize":16,"Replay:WaspNest":6,"infinitespire:Lucky Rock":23,"hubris:Towel":45,"vexMod:Dragonfruit":24,"Anchor":55,"StuffTheSpire:Mouthbags":56,"Membership Card":12,"Runesmith:AutoHammer":26,"halation:TwoAmDonut":67,"beaked:MendingPlumage":0,"Toy Ornithopter":14},{"Ice Cream":229,"Bromod:ArcaneUltimatum":311,"vexMod:MemoryStick":203,"Gremlin Horn":129,"Nilry\u0027s Codex":197,"Vajra":95,"halation:Prosthetics":329,"vexMod:RockOfEvil":81,"hubris:TerracottaHorce":159,"StuffTheSpire:SapphireSignet":150,"vexMod:CardConverter":116,"beaked:SacredDeck":214,"hubris:DeckOfHolding":44,"halation:KoshaPiece":97,"Replay:Wax Seal":120,"hubris:Teleporter":79,"Replay:Grab Bag":81,"vexMod:MysteryBossChallenge":329,"hubris:HollowSoul":81,"Pen Nib":296,"Bromod:ArcaneConsequence":60,"infinitespire:EvilPickle":214,"paleoftheancients:Timepiece":363,"ReplayTheSpireMod:Shallot":237,"Bronze Scales":363,"Molten Egg 2":268,"StuffTheSpire:PointBlank":79,"Black Star":81,"vexMod:BigBerry":283,"Bromod:ArcaneAvenger":225,"halation:PapillonHeart":86,"beaked:ShinyBauble":225,"StoneCalendar":93,"Bromod:ArcanePistoleer":95,"Blue Doll":116,"Replay:Multitool":75,"Hallownest:DreamNailRelic":120,"hubris:SlimyHat":244,"Cursed Key":81,"theForsaken:Gavel":186,"vexMod:Spyglass":244,"theForsaken:PlagueMask":268,"Smiling Mask":353,"ClockworkSouvenir":164,"StuffTheSpire:OccultApparatus":86,"Dream Catcher":303,"StuffTheSpire:Gunfinga":377,"theForsaken:Kindling":24,"hubris:ScarierMask":69,"WingedGreaves":244,"Red Mask":347,"hubris:GlazedTorus":69,"Potion Belt":311,"BargainBundle":75,"ReplayTheSpireMod:Ninjato":354,"vexMod:ConsolationPrize":75,"Replay:WaspNest":28,"infinitespire:Lucky Rock":95,"hubris:Towel":218,"vexMod:Dragonfruit":97,"Anchor":264,"StuffTheSpire:Mouthbags":268,"Membership Card":60,"Runesmith:AutoHammer":108,"halation:TwoAmDonut":353,"beaked:MendingPlumage":0,"Toy Ornithopter":69}]},"card_choices":[{"not_picked":["beaked:Brace","beaked:Resilience"],"picked":"beaked:CursingBlood","floor":1},{"not_picked":["beaked:Tradeoff","beaked:DigDeeper"],"picked":"beaked:VigorBurst","floor":2},{"not_picked":["beaked:MaddeningMurmurs","beaked:TuckingFeathers"],"picked":"beaked:StickSmack","floor":6},{"not_picked":["beaked:MimicMachine","beaked:WindBringer"],"picked":"beaked:Evade","floor":7},{"not_picked":["beaked:SurvivalInstinct","beaked:Resilience"],"picked":"beaked:Foresight","floor":14},{"not_picked":["beaked:Poke+1","beaked:DigDeep"],"picked":"beaked:Roost+1","floor":18},{"not_picked":["beaked:SurvivalInstinct+1","beaked:Daydream"],"picked":"ReplayTheSpireMod:RavenHex","floor":20},{"not_picked":["beaked:Evade","beaked:Struggle+1","beaked:Resilience"],"picked":"SKIP","floor":23},{"not_picked":["beaked:MachineSpirit","beaked:Resilience+1","beaked:SurvivalInstinct"],"picked":"SKIP","floor":24},{"not_picked":["beaked:Daydream","beaked:Tradeoff","beaked:RitualOfBody"],"picked":"SKIP","floor":31},{"not_picked":["beaked:MachineSpirit","beaked:Foresight","beaked:Redirect"],"picked":"SKIP","floor":35},{"not_picked":["beaked:Replenish+1","beaked:WindBringer+1"],"picked":"beaked:DigDeep+1","floor":38},{"not_picked":["beaked:Flinch","beaked:SacrificialAttack+1"],"picked":"beaked:Windmill+1","floor":40},{"not_picked":["beaked:BloodRitual","beaked:MimicHuntress+1","beaked:Cower+1"],"picked":"SKIP","floor":42},{"not_picked":["beaked:CursingBlood+1","beaked:BloodForTheGods","beaked:Redirect"],"picked":"SKIP","floor":45},{"not_picked":["beaked:SacrificialDive","beaked:Tradeoff","beaked:CursingBlood+1"],"picked":"SKIP","floor":48},{"not_picked":["beaked:Evade","beaked:SurvivalInstinct","beaked:BarbedWire"],"picked":"SKIP","floor":52}],"player_experience":149533,"relics_obtained":[{"floor":6,"key":"Anchor"},{"floor":8,"key":"Molten Egg 2"},{"floor":9,"key":"StuffTheSpire:Mouthbags"},{"floor":10,"key":"Bromod:ArcaneConsequence"},{"floor":23,"key":"Dream Catcher"},{"floor":26,"key":"Potion Belt"},{"floor":29,"key":"Bromod:ArcaneUltimatum"},{"floor":43,"key":"halation:TwoAmDonut"},{"floor":45,"key":"ReplayTheSpireMod:Ninjato"},{"floor":54,"key":"StuffTheSpire:Gunfinga"}],"event_choices":[{"damage_healed":0,"gold_gain":0,"player_choice":"Obtain Plague Curse","damage_taken":0,"max_hp_gain":0,"max_hp_loss":0,"event_name":"Plague Doctor","floor":11,"gold_loss":0,"cards_obtained":["theForsaken:PlagueCurse"]},{"cards_removed":["beaked:Strike_Y"],"damage_healed":0,"gold_gain":0,"player_choice":"Elegance","damage_taken":0,"max_hp_gain":0,"max_hp_loss":0,"event_name":"betterThird:BetterWriting","floor":19,"gold_loss":0},{"damage_healed":0,"gold_gain":0,"player_choice":"Read","damage_taken":0,"max_hp_gain":0,"max_hp_loss":0,"event_name":"The Library","floor":28,"gold_loss":0,"cards_obtained":["beaked:BraceForImpact"]},{"damage_healed":44,"gold_gain":0,"player_choice":"Heal","damage_taken":0,"max_hp_gain":0,"max_hp_loss":6,"event_name":"The Moai Head","floor":37,"gold_loss":0},{"damage_healed":0,"gold_gain":0,"player_choice":"Paid","damage_taken":0,"relics_obtained":["Red Mask"],"max_hp_gain":0,"max_hp_loss":0,"event_name":"Tomb of Lord Red Mask","floor":39,"gold_loss":34},{"damage_healed":0,"gold_gain":0,"player_choice":"Leave","damage_taken":0,"max_hp_gain":0,"max_hp_loss":0,"event_name":"conspire:Investor","floor":41,"gold_loss":0},{"damage_healed":0,"gold_gain":100,"player_choice":"Pray","damage_taken":0,"max_hp_gain":0,"max_hp_loss":0,"event_name":"Golden Shrine","floor":47,"gold_loss":0},{"damage_healed":0,"gold_gain":0,"cards_transformed":["beaked:Strike_Y"],"player_choice":"Transformed","damage_taken":0,"max_hp_gain":0,"max_hp_loss":0,"event_name":"Transmorgrifier","floor":53,"gold_loss":0,"cards_obtained":["beaked:CursingBlood"]}],"is_beta":false,"boss_relics":[{"not_picked":["halation:Risk","vexMod:NewClearReactor"],"picked":"vexMod:BigBerry"},{"not_picked":["halation:CatFaceCupcake","SacredBark"],"picked":"vexMod:MysteryBossChallenge"}],"items_purged_floors":[4,13,36,44],"is_endless":false,"potions_floor_spawned":[2,7,18,31,33,35,38,45,52],"killed_by":"conspire:OrnateMirror","ascension_level":0}}