{"host":"30jsp143e4v19aze","time":1608832127,"event":{"mods":["BaseMod","Colored Map","Colored Powertips","Curses Come First","DeckTracker","Highlight Path","Minty Spire (QoL Compilation)","Quick Restart","Relic Stats","StSLib","everything is the same but u backflip on backflip","slay the spire mod where everything is the same but ironclad has a cowboy hat"],"gold_per_floor":[118,118,132,144,29,29,56,56,56,84,104,132,144,168,180,192,192],"floor_reached":16,"playtime":587,"items_purged":["Shame"],"score":240,"play_id":"0974b7f0-27d6-4c2c-8cad-33abbd3372ce","local_time":"20201224184847","is_ascension_mode":true,"campfire_choices":[{"data":"Dagger Spray","floor":6,"key":"SMITH"},{"data":"Noxious Fumes","floor":15,"key":"SMITH"}],"circlet_count":0,"master_deck":["AscendersBane","Strike_G","Strike_G","Strike_G","Strike_G","Defend_G","Defend_G","Defend_G","Defend_G","Defend_G","Survivor","Neutralize","Dagger Spray+1","Terror","Dagger Throw","Noxious Fumes+1","Backflip","Footwork","Deadly Poison"],"relics":["Ring of the Snake","Mercury Hourglass","Mummified Hand","Blue Candle","MawBank"],"acts_visited":["Exordium"],"potions_floor_usage":[7,12,14,16],"damage_taken":[{"damage":0,"enemies":"2 Louse","floor":1,"turns":3},{"damage":6,"enemies":"Jaw Worm","floor":3,"turns":4},{"damage":0,"enemies":"Cultist","floor":4,"turns":3},{"damage":19,"enemies":"3 Sentries","floor":7,"turns":6},{"damage":7,"enemies":"Lagavulin","floor":10,"turns":6},{"damage":0,"enemies":"2 Fungi Beasts","floor":11,"turns":3},{"damage":10,"enemies":"3 Sentries","floor":12,"turns":6},{"damage":10,"enemies":"Lots of Slimes","floor":14,"turns":2},{"damage":17,"enemies":"Hexaghost","floor":16,"turns":8}],"seed_played":"-1544320111891297265","potions_obtained":[{"floor":1,"key":"PowerPotion"},{"floor":3,"key":"SkillPotion"},{"floor":7,"key":"SneckoOil"},{"floor":11,"key":"Block Potion"},{"floor":12,"key":"Swift Potion"}],"is_trial":false,"path_per_floor":["M","?","M","M","$","R","E","?","T","E","M","E","$","M","R","B"],"character_chosen":"THE_SILENT","items_purchased":["Noxious Fumes"],"campfire_rested":0,"item_purchase_floors":[5],"current_hp_per_floor":[71,76,70,70,70,70,51,44,44,37,37,27,27,17,17,0,0],"gold":192,"neow_bonus":"TWENTY_PERCENT_HP_BONUS","is_daily":false,"chose_seed":false,"campfire_upgraded":2,"win_rate":0.0,"timestamp":1608832127,"path_taken":["M","?","M","M","$","R","E","?","T","E","M","E","?","M","R","BOSS"],"items_purchased_type":["Card"],"build_version":"2020-12-22","purchased_purges":1,"victory":false,"max_hp_per_floor":[78,83,83,83,83,83,83,83,83,83,83,83,83,83,83,83,83],"relic_stats":{"counters":[9,40],"Mummified Hand":[7],"Blue Candle":[0],"MawBank":48,"obtain_stats":[{"Mummified Hand":9,"Blue Candle":10,"MawBank":12,"Ring of the Snake":0,"Mercury Hourglass":7},{"Mummified Hand":4,"Blue Candle":5,"MawBank":7,"Ring of the Snake":0,"Mercury Hourglass":4},{"Mummified Hand":16,"Blue Candle":22,"MawBank":30,"Ring of the Snake":0,"Mercury Hourglass":16}],"Ring of the Snake":[18],"Mercury Hourglass":[118]},"card_choices":[{"not_picked":["Deflect","Reflex"],"picked":"Dagger Spray","floor":1},{"not_picked":["PiercingWail","Finisher"],"picked":"Terror","floor":3},{"not_picked":["Prepared","Accuracy"],"picked":"Dagger Throw","floor":4},{"not_picked":["Outmaneuver","Heel Hook"],"picked":"Backflip","floor":7},{"not_picked":["Masterful Stab","Riddle With Holes"],"picked":"Footwork","floor":10},{"not_picked":["Dagger Spray","Underhanded Strike"],"picked":"Deadly Poison","floor":11},{"not_picked":["Poisoned Stab","Eviscerate","Masterful Stab"],"picked":"SKIP","floor":12},{"not_picked":["Distraction","Reflex","Sucker Punch"],"picked":"SKIP","floor":14}],"player_experience":3154206,"relics_obtained":[{"floor":7,"key":"Mercury Hourglass"},{"floor":9,"key":"Mummified Hand"},{"floor":10,"key":"Blue Candle"},{"floor":12,"key":"MawBank"}],"event_choices":[{"damage_healed":0,"gold_gain":0,"player_choice":"Donut","damage_taken":0,"max_hp_gain":5,"max_hp_loss":0,"event_name":"Big Fish","floor":2,"gold_loss":0},{"cards_removed":["Strike_G"],"damage_healed":0,"gold_gain":0,"player_choice":"Card Removal","damage_taken":7,"max_hp_gain":0,"max_hp_loss":0,"event_name":"Golden Wing","floor":8,"gold_loss":0}],"is_beta":false,"boss_relics":[],"items_purged_floors":[5],"is_endless":false,"potions_floor_spawned":[1,3,7,11,12],"killed_by":"Hexaghost","ascension_level":20}}