{"host":"9373kjg5yrouhim6","time":1608797927,"event":{"mods":["2.2 Compatiblity","AchievementEnabler","Aspiration","BaseMod","Beaked The Cultist","Better Altar","Better Match","Better Note","Better Sensory Stone","Better Skull","Better Third Choice","Colored Map","Colored Powertips","Conspire","Downfall","Friendly Minions","Highlight Path","Hubris","Infinite Spire","Mimic Mod","Minty Spire (QoL Compilation)","Replay The Spire","Spicy Shops","StSLib","The Construct","The Disciple","vexMod"],"gold_per_floor":[99,9,9,26,26,26,26,44,44,44,44,59,59,59,74,74,74,74],"floor_reached":16,"playtime":551,"items_purged":["champ:Defend","champ:Strike"],"score":88,"play_id":"6d88a52c-449d-4c11-825d-6b9801b744ce","local_time":"20201224031847","is_ascension_mode":false,"campfire_choices":[{"data":"champ:Taunt","floor":1.0,"key":"SMITH"},{"data":"champ:Defend","floor":3.0,"key":"SMITH"},{"data":"conspire:Banana","floor":11,"key":"SMITH"},{"data":"champ:Execute","floor":13,"key":"SMITH"}],"circlet_count":0,"master_deck":["champ:Strike","champ:Strike","champ:Defend+1","champ:Defend+1","champ:Defend","champ:Execute+1","champ:Taunt+1","conspire:Banana+1","champ:DefensiveStyle"],"relics":["champ:ChampionCrown","Replay:Accelerometer","Smiling Mask"],"acts_visited":["Exordium"],"potions_floor_usage":[12,15,16],"damage_taken":[{"damage":15.0,"enemies":"downfall:FleeingMerchant","floor":2.0,"turns":4.0},{"damage":5.0,"enemies":"2 Louse","floor":4.0,"turns":2.0},{"damage":11.0,"enemies":"Cultist","floor":8.0,"turns":4.0},{"damage":5,"enemies":"Small Slimes","floor":12,"turns":3},{"damage":13,"enemies":"Exordium Thugs","floor":15,"turns":5},{"damage":78,"enemies":"downfall:Defect","floor":16,"turns":10}],"seed_played":"3704894065509514243","potions_obtained":[{"floor":8,"key":"Toxic Potion"},{"floor":12,"key":"LiquidBronze"},{"floor":15,"key":"SteroidPotion"}],"is_trial":false,"path_per_floor":["R","$","R","M","?","?","T","M","$","?","R","M","R","?","M","B"],"character_chosen":"THE_CHAMP","items_purchased":[],"campfire_rested":0,"item_purchase_floors":[],"current_hp_per_floor":[90,90,90,90,90,90,90,90,85,73,73,75,75,75,74,0,0,0],"gold":74,"neow_bonus":"REMOVE_CARD","is_daily":false,"chose_seed":false,"campfire_upgraded":4,"win_rate":0.0,"timestamp":1608797927,"path_taken":["R","$","R","M","?","?","T","?","?","?","R","M","R","?","M","BOSS"],"items_purchased_type":[],"build_version":"2020-12-22","purchased_purges":2,"victory":false,"max_hp_per_floor":[90,90,90,90,90,90,90,91,91,91,91,93,93,93,95,97,97,97],"card_choices":[{"not_picked":["champ:RageSigil","champ:Lariat","champ:CrookedStrike"],"picked":"SKIP","floor":2.0},{"not_picked":["champ:FlashCut","champ:AdrenalArmor","champ:FanOfKnives"],"picked":"SKIP","floor":4.0},{"not_picked":["ReplayTheSpireMod:Necrogeddon","Replay:Sssssssssshield"],"picked":"conspire:Banana","floor":6.0},{"not_picked":["champ:CrookedStrike","champ:Haymaker","champ:FightOn"],"picked":"SKIP","floor":8},{"not_picked":["champ:TornadoPunch","champ:Backstep","champ:CrookedStrike"],"picked":"SKIP","floor":12},{"not_picked":["champ:FanOfKnives","champ:BerserkersShout"],"picked":"champ:DefensiveStyle","floor":15}],"player_experience":340394,"relics_obtained":[{"floor":7.0,"key":"Replay:Accelerometer"}],"event_choices":[{"damage_healed":0.0,"max_hp_gain":0.0,"max_hp_loss":0.0,"gold_gain":1.0,"event_name":"betterStone:BetterStone","player_choice":"1","floor":6.0,"gold_loss":0.0,"damage_taken":0.0},{"damage_healed":0,"gold_gain":0,"player_choice":"Relic ","damage_taken":12,"max_hp_gain":0,"max_hp_loss":0,"event_name":"betterThird:BetterScrap","floor":10,"gold_loss":0,"cards_obtained":["Lockon"]},{"damage_healed":0,"gold_gain":0,"player_choice":"Upgraded","damage_taken":0,"max_hp_gain":0,"max_hp_loss":0,"event_name":"Upgrade Shrine","floor":14,"gold_loss":0,"cards_upgraded":["champ:Defend"]}],"is_beta":false,"boss_relics":[],"items_purged_floors":[2,9],"is_endless":false,"potions_floor_spawned":[8,12,15],"killed_by":"downfall:Defect","ascension_level":0}}