{"host":"dcj2yvrgcvh5dl2s","time":1608781364,"event":{"mods":["BaseMod","Better Note","Block Reminder","Colored Powertips","DeckTracker","Minty Spire (QoL Compilation)","Quick Restart","Rare Cards Sparkle","Relic Stats","StSLib"],"gold_per_floor":[13,24,24,24,39,39,72,72,72,87,130,148,148,171,171,297,297,320,320,80,98,98,98,136,136,209,227,227,142,156,156,156],"floor_reached":31,"playtime":1600,"items_purged":["Strike_G"],"score":305,"play_id":"3c217854-c697-44f4-bc31-df01f4131352","local_time":"20201224134244","is_ascension_mode":true,"campfire_choices":[{"data":"Neutralize","floor":6,"key":"SMITH"},{"floor":8,"key":"REST"},{"floor":15,"key":"REST"},{"data":"Envenom","floor":25,"key":"SMITH"},{"data":"Terror","floor":28,"key":"SMITH"}],"circlet_count":0,"master_deck":["Strike_G","Strike_G","Strike_G","Strike_G","Defend_G","Defend_G","Defend_G","Defend_G","Defend_G","Survivor","Neutralize+1","Backflip","Choke","PiercingWail","Quick Slash","Terror+1","Sucker Punch+1","Bane+1","Cloak And Dagger","Envenom+1","Infinite Blades+1","RitualDagger+1","Predator+1","Noxious Fumes","Cloak And Dagger","Slice+1","Slice+1","Catalyst","Backflip+1"],"relics":["Ring of the Snake","Golden Idol","FossilizedHelix","Paper Crane","Molten Egg 2","The Specimen","Coffee Dripper","Sundial","Art of War","Ornamental Fan","Letter Opener"],"acts_visited":["Exordium","TheCity"],"potions_floor_usage":[7,14,16,21,31],"damage_taken":[{"damage":2,"enemies":"2 Louse","floor":1,"turns":3},{"damage":0,"enemies":"Small Slimes","floor":2,"turns":4},{"damage":6,"enemies":"Jaw Worm","floor":5,"turns":3},{"damage":29,"enemies":"Gremlin Nob","floor":7,"turns":6},{"damage":0,"enemies":"3 Louse","floor":10,"turns":3},{"damage":38,"enemies":"3 Sentries","floor":11,"turns":11},{"damage":3,"enemies":"Blue Slaver","floor":12,"turns":4},{"damage":0,"enemies":"2 Fungi Beasts","floor":14,"turns":3},{"damage":28,"enemies":"Slime Boss","floor":16,"turns":13},{"damage":6,"enemies":"Chosen","floor":18,"turns":4},{"damage":18,"enemies":"2 Thieves","floor":21,"turns":4},{"damage":20,"enemies":"Slavers","floor":24,"turns":6},{"damage":0,"enemies":"Snake Plant","floor":27,"turns":4},{"damage":13,"enemies":"Sentry and Sphere","floor":30,"turns":4},{"damage":23,"enemies":"Snecko","floor":31,"turns":3}],"seed_played":"1289082679977389745","potions_obtained":[{"floor":2,"key":"SpeedPotion"},{"floor":11,"key":"LiquidMemories"},{"floor":12,"key":"DistilledChaos"},{"floor":18,"key":"AttackPotion"},{"floor":30,"key":"AttackPotion"}],"is_trial":false,"path_per_floor":["M","M","?","?","M","R","E","R","T","M","E","M","?","M","R","B",null,"M","?","$","M","?","?","E","R","T","M","R","?","M","M"],"character_chosen":"THE_SILENT","items_purchased":["Predator+1","Noxious Fumes","Cloak And Dagger"],"campfire_rested":2,"item_purchase_floors":[20,20,20],"current_hp_per_floor":[82,82,61,61,55,55,26,51,51,51,13,10,10,10,35,7,84,78,72,72,54,54,54,34,34,34,34,34,34,21,0,0],"gold":156,"neow_bonus":"TWENTY_PERCENT_HP_BONUS","is_daily":false,"chose_seed":false,"campfire_upgraded":3,"win_rate":0.0,"timestamp":1608781364,"path_taken":["M","M","?","?","M","R","E","R","T","?","E","M","?","M","R","BOSS","M","?","$","M","?","?","E","R","T","M","R","?","M","M"],"items_purchased_type":["Card","Card","Card"],"build_version":"2020-12-22","purchased_purges":1,"victory":false,"max_hp_per_floor":[84,84,84,84,84,84,84,84,84,84,84,84,84,84,84,84,84,84,84,84,84,84,84,84,84,84,84,84,84,84,84,84],"relic_stats":{"counters":[15,75],"Golden Idol":80,"Sundial":[0],"Ornamental Fan":[36],"Art of War":[0],"Letter Opener":[0],"obtain_stats":[{"The Specimen":11,"Golden Idol":3,"Sundial":22,"Ornamental Fan":26,"Molten Egg 2":9,"Coffee Dripper":17,"Art of War":24,"Letter Opener":29,"Paper Crane":7,"FossilizedHelix":4,"Ring of the Snake":0},{"The Specimen":6,"Golden Idol":2,"Sundial":11,"Ornamental Fan":12,"Molten Egg 2":4,"Coffee Dripper":9,"Art of War":12,"Letter Opener":13,"Paper Crane":4,"FossilizedHelix":2,"Ring of the Snake":0},{"The Specimen":30,"Golden Idol":7,"Sundial":58,"Ornamental Fan":64,"Molten Egg 2":16,"Coffee Dripper":50,"Art of War":64,"Letter Opener":68,"Paper Crane":16,"FossilizedHelix":7,"Ring of the Snake":0}],"Ring of the Snake":[30]},"card_choices":[{"not_picked":["Dagger Spray","Heel Hook"],"picked":"Backflip","floor":1},{"not_picked":["Infinite Blades","Prepared"],"picked":"Choke","floor":2},{"not_picked":["Calculated Gamble","Dagger Spray"],"picked":"PiercingWail","floor":5},{"not_picked":["Underhanded Strike","Expertise"],"picked":"Quick Slash","floor":7},{"not_picked":["All Out Attack+1","Deadly Poison"],"picked":"Terror","floor":10},{"not_picked":["Well Laid Plans","Bane+1"],"picked":"Sucker Punch+1","floor":11},{"not_picked":["Underhanded Strike+1","Sucker Punch+1"],"picked":"Bane+1","floor":12},{"not_picked":["Quick Slash+1","Tactician"],"picked":"Cloak And Dagger","floor":14},{"not_picked":["Night Terror","Die Die Die+1"],"picked":"Envenom","floor":16},{"not_picked":["Deflect","Sucker Punch+1"],"picked":"Infinite Blades+1","floor":18},{"not_picked":["Backflip","Outmaneuver"],"picked":"Slice+1","floor":21},{"not_picked":["Outmaneuver","Skewer+1"],"picked":"Slice+1","floor":24},{"not_picked":["Blade Dance+1","Die Die Die+1"],"picked":"Catalyst","floor":27},{"not_picked":["Quick Slash+1","Underhanded Strike+1"],"picked":"Backflip+1","floor":30}],"player_experience":2027431,"relics_obtained":[{"floor":7,"key":"Paper Crane"},{"floor":9,"key":"Molten Egg 2"},{"floor":11,"key":"The Specimen"},{"floor":24,"key":"Art of War"},{"floor":26,"key":"Ornamental Fan"}],"event_choices":[{"damage_healed":0,"gold_gain":0,"player_choice":"Take Damage","damage_taken":21,"relics_obtained":["Golden Idol"],"max_hp_gain":0,"max_hp_loss":0,"event_name":"Golden Idol","floor":3,"gold_loss":0},{"damage_healed":0,"gold_gain":0,"player_choice":"Box","damage_taken":0,"relics_obtained":["FossilizedHelix"],"max_hp_gain":0,"max_hp_loss":0,"event_name":"Big Fish","floor":4,"gold_loss":0,"cards_obtained":["Regret"]},{"cards_removed":["Regret"],"damage_healed":0,"gold_gain":0,"player_choice":"Forget","damage_taken":0,"max_hp_gain":0,"max_hp_loss":0,"event_name":"Living Wall","floor":13,"gold_loss":0},{"damage_healed":0,"gold_gain":0,"player_choice":"Joined the Cult","damage_taken":6,"max_hp_gain":0,"max_hp_loss":0,"event_name":"Nest","floor":19,"gold_loss":0,"cards_obtained":["RitualDagger"]},{"damage_healed":0,"gold_gain":0,"player_choice":"Opened","damage_taken":0,"relics_obtained":["Sundial"],"max_hp_gain":0,"max_hp_loss":0,"event_name":"The Mausoleum","floor":22,"gold_loss":0},{"damage_healed":0,"gold_gain":0,"player_choice":"Ignored","damage_taken":0,"max_hp_gain":0,"max_hp_loss":0,"event_name":"Vampires","floor":23,"gold_loss":0},{"damage_healed":0,"gold_gain":0,"player_choice":"Obtained Relic","damage_taken":0,"relics_obtained":["Letter Opener"],"max_hp_gain":0,"max_hp_loss":0,"event_name":"Addict","floor":29,"gold_loss":85}],"is_beta":false,"boss_relics":[{"not_picked":["HoveringKite","Runic Dome"],"picked":"Coffee Dripper"}],"items_purged_floors":[20],"is_endless":false,"potions_floor_spawned":[2,11,12,18,30],"killed_by":"Snecko","ascension_level":3}}