{"host":"ue7jlgf7uv134an9","time":1608811666,"event":{"mods":["BaseMod","Better Third Choice","Defuse TimeMaze Blight","Minty Spire (QoL Compilation)","Quick Restart","Rare Cards Sparkle","Relic Stats","StSLib","UnlockEverythingMod"],"gold_per_floor":[116,132,146,146,38,38,38],"floor_reached":6,"playtime":227,"items_purged":[],"score":72,"play_id":"03866707-f947-40d0-b3f6-f5d07823b66c","local_time":"20201224070746","is_ascension_mode":true,"campfire_choices":[],"circlet_count":0,"master_deck":["AscendersBane","Strike_G","Strike_G","Strike_G","Strike_G","Strike_G","Defend_G","Defend_G","Defend_G","Defend_G","Defend_G","Survivor","Neutralize","Glass Knife","Flying Knee","Cloak And Dagger","Footwork","Dagger Spray"],"relics":["Ring of the Snake","SsserpentHead"],"acts_visited":["Exordium"],"potions_floor_usage":[],"damage_taken":[{"damage":5,"enemies":"2 Louse","floor":1,"turns":4},{"damage":0,"enemies":"Cultist","floor":2,"turns":3},{"damage":7,"enemies":"Jaw Worm","floor":3,"turns":4},{"damage":59,"enemies":"Lagavulin","floor":6,"turns":12}],"seed_played":"-8981294002504826929","potions_obtained":[],"is_trial":false,"path_per_floor":["M","M","M","?","$","E"],"character_chosen":"THE_SILENT","items_purchased":["Cloak And Dagger","Footwork","Dagger Spray"],"campfire_rested":0,"item_purchase_floors":[5,5,5],"current_hp_per_floor":[54,54,47,47,47,0,0],"gold":38,"neow_bonus":"THREE_RARE_CARDS","is_daily":false,"chose_seed":false,"campfire_upgraded":0,"win_rate":0.0,"timestamp":1608811666,"path_taken":["M","M","M","?","?","E"],"items_purchased_type":["Card","Card","Card"],"build_version":"2020-12-22","purchased_purges":0,"victory":false,"max_hp_per_floor":[60,60,60,60,60,60,60],"relic_stats":{"SsserpentHead":50,"counters":[4,23],"obtain_stats":[{"SsserpentHead":4,"Ring of the Snake":0},{"SsserpentHead":3,"Ring of the Snake":0},{"SsserpentHead":11,"Ring of the Snake":0}],"Ring of the Snake":[8]},"card_choices":[{"not_picked":["Venomology","Adrenaline"],"picked":"Glass Knife","floor":0},{"not_picked":["Backflip","Dodge and Roll"],"picked":"Flying Knee","floor":1},{"not_picked":["Escape Plan","Deflect","Catalyst"],"picked":"SKIP","floor":2},{"not_picked":["Setup","Acrobatics","Tactician"],"picked":"SKIP","floor":3}],"player_experience":43317,"relics_obtained":[],"event_choices":[{"damage_healed":0,"gold_gain":0,"player_choice":"Trade","damage_taken":0,"relics_obtained":["SsserpentHead"],"max_hp_gain":0,"max_hp_loss":0,"event_name":"FaceTrader","floor":4,"gold_loss":0}],"is_beta":false,"boss_relics":[],"items_purged_floors":[],"is_endless":false,"potions_floor_spawned":[],"killed_by":"Lagavulin","ascension_level":20}}