{"host":"6ld56ls1xbe0aj21","time":1608813345,"event":{"mods":["AchievementEnabler","BaseMod","Colored Powertips","Minty Spire (QoL Compilation)","Quick Restart","Rare Cards Sparkle","StSLib","SuperFastMode","everything is the same but u backflip on backflip","slay the spire mod where everything is the same but ironclad has a cowboy hat"],"gold_per_floor":[367,367,37,48,48,48,80,80,80,80,114,114,127,160,160,257,257,269,269,287,287,298,327,327,339,366,168,19,46,75,75,75,174,174,194,16,35,52,64,90,105,105,152,193,193,217,248,29,29,29,29,29,29,64,64],"floor_reached":56,"playtime":3916,"items_purged":["Injury","Strike_B"],"score":1628,"play_id":"0f5b8822-200d-4633-a58d-3b74475b6510","local_time":"20201224233545","is_ascension_mode":true,"campfire_choices":[{"data":"Consume","floor":6.0,"key":"SMITH"},{"data":"Capacitor","floor":8.0,"key":"SMITH"},{"data":"Darkness","floor":15.0,"key":"SMITH"},{"data":"Biased Cognition","floor":24.0,"key":"SMITH"},{"floor":32.0,"key":"REST"},{"floor":42.0,"key":"REST"},{"floor":45.0,"key":"REST"},{"floor":49.0,"key":"RECALL"},{"data":"Apotheosis","floor":52.0,"key":"SMITH"}],"circlet_count":0,"master_deck":["Strike_B","Defend_B","Defend_B","Defend_B","Zap","Dualcast+1","Consume+1","Capacitor+1","Glacier+1","Conserve Battery","Redo","Storm","Darkness+1","Static Discharge","Rainbow+1","Redo+1","Coolheaded+1","Biased Cognition+1","Reinforced Body","Melter","Core Surge","Turbo","Electrodynamics","Apotheosis+1","Storm+1","Compile Driver+1","Electrodynamics","Consume+1","Amplify","Recycle+1","Loop"],"relics":["FrozenCore","Chemical X","Smiling Mask","Bird Faced Urn","StoneCalendar","Inserter","Nloth\u0027s Gift","WingedGreaves","Orichalcum","Runic Capacitor","Toolbox","Regal Pillow","Boot","Darkstone Periapt","Ancient Tea Set","CeramicFish","Eternal Feather","ClockworkSouvenir","Bag of Preparation"],"acts_visited":["TheBeyond","TheEnding"],"potions_floor_usage":[55],"damage_taken":[{"damage":8.0,"enemies":"Small Slimes","floor":1.0,"turns":3.0},{"damage":0.0,"enemies":"Cultist","floor":4.0,"turns":4.0},{"damage":0.0,"enemies":"Lagavulin","floor":7.0,"turns":11.0},{"damage":12.0,"enemies":"3 Sentries","floor":11.0,"turns":6.0},{"damage":0.0,"enemies":"Jaw Worm","floor":13.0,"turns":4.0},{"damage":4.0,"enemies":"Lagavulin","floor":14.0,"turns":6.0},{"damage":15.0,"enemies":"Hexaghost","floor":16.0,"turns":6.0},{"damage":6.0,"enemies":"Shell Parasite","floor":18.0,"turns":7.0},{"damage":7.0,"enemies":"3 Byrds","floor":20.0,"turns":4.0},{"damage":6.0,"enemies":"Snecko","floor":22.0,"turns":6.0},{"damage":39.0,"enemies":"Slavers","floor":23.0,"turns":5.0},{"damage":12.0,"enemies":"3 Cultists","floor":25.0,"turns":6.0},{"damage":22.0,"enemies":"Gremlin Leader","floor":30.0,"turns":7.0},{"damage":25.0,"enemies":"Automaton","floor":33.0,"turns":8.0},{"damage":1.0,"enemies":"3 Shapes","floor":35.0,"turns":5.0},{"damage":14.0,"enemies":"3 Darklings","floor":37.0,"turns":4.0},{"damage":3.0,"enemies":"Jaw Worm Horde","floor":38.0,"turns":4.0},{"damage":35.0,"enemies":"Transient","floor":39.0,"turns":5.0},{"damage":32.0,"enemies":"Giant Head","floor":40.0,"turns":9.0},{"damage":0.0,"enemies":"Spire Growth","floor":41.0,"turns":7.0},{"damage":33.0,"enemies":"Reptomancer","floor":44.0,"turns":5.0},{"damage":1.0,"enemies":"3 Darklings","floor":46.0,"turns":2.0},{"damage":0.0,"enemies":"Nemesis","floor":47.0,"turns":5.0},{"damage":45.0,"enemies":"Awakened One","floor":50.0,"turns":10.0},{"damage":7.0,"enemies":"Shield and Spear","floor":54.0,"turns":5.0},{"damage":19,"enemies":"The Heart","floor":55,"turns":11}],"seed_played":"-4383018299344819930","potions_obtained":[{"floor":4.0,"key":"LiquidMemories"},{"floor":7.0,"key":"AttackPotion"},{"floor":14.0,"key":"LiquidBronze"},{"floor":16.0,"key":"EssenceOfSteel"},{"floor":18.0,"key":"BlessingOfTheForge"},{"floor":25.0,"key":"SpeedPotion"},{"floor":30.0,"key":"AttackPotion"},{"floor":38.0,"key":"SkillPotion"},{"floor":40.0,"key":"PotionOfCapacity"},{"floor":41.0,"key":"GamblersBrew"},{"floor":44.0,"key":"PowerPotion"},{"floor":47.0,"key":"FearPotion"},{"floor":54.0,"key":"FocusPotion"}],"is_trial":false,"path_per_floor":["M","?","$","M","?","R","E","R","T","T","E","?","M","E","R","B",null,"M","?","M","?","M","E","R","M","T","$","$","T","E","?","R","B",null,"M","$","M","M","M","E","M","R","T","E","R","M","E","$","R","B",null,"R","$","E","B",null],"character_chosen":"DEFECT","items_purchased":["Chemical X","Capacitor","Glacier","Runic Capacitor","Toolbox","Apotheosis","ClockworkSouvenir","Loop"],"campfire_rested":3,"item_purchase_floors":[3,3,3,27,28,36,48,48],"current_hp_per_floor":[60,60,60,60,45,45,45,45,45,45,35,35,39,39,39,35,65,65,65,60,60,60,29,29,23,23,23,23,23,7,7,44,27,63,68,68,62,65,36,12,26,63,63,42,75,75,75,75,75,42,67,75,75,75,67],"gold":64,"neow_bonus":"TWO_FIFTY_GOLD","is_daily":false,"chose_seed":false,"campfire_upgraded":5,"win_rate":0.0,"timestamp":1608813345,"path_taken":["M","?","$","?","?","R","E","R","T","?","E","?","M","E","R","BOSS","M","?","?","?","M","E","R","M","T","?","$","?","E","?","R","BOSS","M","$","?","M","M","E","?","R","T","E","R","M","E","$","R","BOSS","R","$","E","BOSS"],"items_purchased_type":["Relic","Card","Card","Relic","Relic","Card","Relic","Card"],"build_version":"2020-12-22","purchased_purges":2,"victory":true,"max_hp_per_floor":[75,75,75,75,75,75,75,75,75,75,75,75,75,75,75,75,75,75,75,75,75,75,75,75,75,75,75,75,75,75,75,75,75,75,75,75,75,75,75,75,75,75,75,75,75,75,75,75,75,75,75,75,75,75,75],"card_choices":[{"not_picked":["Steam","BootSequence"],"picked":"Consume","floor":1.0},{"not_picked":["Go for the Eyes","Hologram"],"picked":"Conserve Battery","floor":4.0},{"not_picked":["Hello World","Scrape"],"picked":"Redo","floor":7.0},{"not_picked":["Hello World","FTL"],"picked":"Storm","floor":11.0},{"not_picked":["Beam Cell","Glacier"],"picked":"Darkness","floor":13.0},{"not_picked":["Go for the Eyes","Steam"],"picked":"Static Discharge","floor":14.0},{"not_picked":["Machine Learning","Buffer"],"picked":"Rainbow","floor":16.0},{"not_picked":["Compile Driver","Steam+1"],"picked":"Redo+1","floor":18.0},{"not_picked":["Blizzard+1","Compile Driver"],"picked":"Coolheaded+1","floor":20.0},{"not_picked":["Glacier","Self Repair"],"picked":"Biased Cognition","floor":22.0},{"not_picked":["Hologram","Blizzard+1"],"picked":"Reinforced Body","floor":23.0},{"not_picked":["Turbo","Static Discharge+1"],"picked":"Melter","floor":25.0},{"not_picked":["Seek","Auto Shields+1"],"picked":"Core Surge","floor":30.0},{"not_picked":["Reboot","Fission"],"picked":"Electrodynamics","floor":33.0},{"not_picked":["Rip and Tear","Meteor Strike","Capacitor"],"picked":"SKIP","floor":35.0},{"not_picked":["Stack+1","Reprogram"],"picked":"Storm+1","floor":37.0},{"not_picked":["Barrage+1","Streamline"],"picked":"Compile Driver+1","floor":38.0},{"not_picked":["Streamline","Reprogram+1","Sunder"],"picked":"SKIP","floor":39.0},{"not_picked":["Hyperbeam","Lockon+1"],"picked":"Electrodynamics","floor":40.0},{"not_picked":["Sweeping Beam","FTL+1"],"picked":"Consume+1","floor":41.0},{"not_picked":["Lockon","Cold Snap+1"],"picked":"Amplify","floor":44.0},{"not_picked":["Force Field","Doom and Gloom+1"],"picked":"Recycle+1","floor":46.0},{"not_picked":["Rip and Tear","Storm","Skim+1"],"picked":"SKIP","floor":47.0},{"not_picked":["Recycle","Steam Power","Blizzard+1"],"picked":"SKIP","floor":54.0}],"player_experience":240382,"relics_obtained":[{"floor":7.0,"key":"Smiling Mask"},{"floor":9.0,"key":"Bird Faced Urn"},{"floor":11.0,"key":"StoneCalendar"},{"floor":14.0,"key":"Toy Ornithopter"},{"floor":23.0,"key":"WingedGreaves"},{"floor":26.0,"key":"Orichalcum"},{"floor":29.0,"key":"Regal Pillow"},{"floor":30.0,"key":"Boot"},{"floor":40.0,"key":"Darkstone Periapt"},{"floor":43.0,"key":"Ancient Tea Set"},{"floor":44.0,"key":"CeramicFish"},{"floor":47.0,"key":"Eternal Feather"},{"floor":54.0,"key":"Bag of Preparation"}],"event_choices":[{"cards_removed":["Strike_B"],"damage_healed":0.0,"max_hp_gain":0.0,"max_hp_loss":0.0,"gold_gain":0.0,"event_name":"Purifier","player_choice":"Purged","floor":2.0,"gold_loss":0.0,"damage_taken":0.0},{"damage_healed":0.0,"max_hp_gain":0.0,"max_hp_loss":0.0,"gold_gain":0.0,"event_name":"Shining Light","player_choice":"Entered Light","floor":5.0,"gold_loss":0.0,"damage_taken":15.0,"cards_upgraded":["Dualcast","Glacier"]},{"cards_removed":["Defend_B"],"damage_healed":0.0,"max_hp_gain":0.0,"max_hp_loss":0.0,"gold_gain":0.0,"event_name":"Purifier","player_choice":"Purged","floor":12.0,"gold_loss":0.0,"damage_taken":0.0},{"damage_healed":0.0,"max_hp_gain":0.0,"max_hp_loss":0.0,"gold_gain":0.0,"event_name":"Upgrade Shrine","player_choice":"Upgraded","floor":19.0,"gold_loss":0.0,"damage_taken":0.0,"cards_upgraded":["Rainbow"]},{"damage_healed":0.0,"max_hp_gain":0.0,"max_hp_loss":0.0,"gold_gain":0.0,"event_name":"N\u0027loth","player_choice":"Traded Relic","floor":21.0,"relics_lost":["Toy Ornithopter"],"gold_loss":0.0,"damage_taken":0.0,"relics_obtained":["Nloth\u0027s Gift"]},{"damage_healed":0.0,"max_hp_gain":0.0,"max_hp_loss":0.0,"gold_gain":0.0,"cards_transformed":["Strike_B"],"event_name":"Transmorgrifier","player_choice":"Transformed","floor":31.0,"gold_loss":0.0,"damage_taken":0.0,"cards_obtained":["Turbo"]}],"is_beta":false,"boss_relics":[{"not_picked":["Fusion Hammer","Calling Bell"],"picked":"Inserter"},{"not_picked":["SlaversCollar","SacredBark"],"picked":"FrozenCore"}],"items_purged_floors":[3,27],"is_endless":false,"potions_floor_spawned":[4,7,14,16,18,25,30,38,40,41,44,47,54],"ascension_level":6}}