{"host":"wkq136ike0ligh15","time":1608771959,"event":{"mods":["Bard","BaseMod","Clockwork Mod","Minty Spire (QoL Compilation)","StSLib"],"gold_per_floor":[113,129,140,140,140,173,189,189,189,203,89,89,106,116,116,219,219,234,194,210,210,210],"floor_reached":21,"playtime":1626,"items_purged":[],"score":183,"play_id":"71f6d148-43ee-4e53-9b3c-53296a2ba952","local_time":"20201223200559","is_ascension_mode":false,"campfire_choices":[{"floor":8.0,"key":"REST"},{"floor":12.0,"key":"DIG"},{"floor":15.0,"key":"REST"}],"circlet_count":0,"master_deck":["Strike_G","Strike_G","Strike_G","Strike_G","Strike_G","Defend_G","Defend_G","Defend_G","Defend_G","Defend_G","Survivor","Neutralize","Riddle With Holes","Caltrops+1","Dagger Spray+1","Regret","Footwork","Crippling Poison","All Out Attack","Infinite Blades","Bouncing Flask","Dagger Throw","Blade Dance","Die Die Die","All Out Attack","Poisoned Stab+1"],"relics":["Ring of the Snake","NeowsBlessing","Anchor","Shovel","Pear","Ancient Tea Set","Black Star"],"acts_visited":["Exordium","TheCity"],"potions_floor_usage":[21,21,21],"damage_taken":[{"damage":0.0,"enemies":"Small Slimes","floor":1.0,"turns":1.0},{"damage":0.0,"enemies":"Jaw Worm","floor":2.0,"turns":1.0},{"damage":0.0,"enemies":"Cultist","floor":3.0,"turns":1.0},{"damage":48.0,"enemies":"Lagavulin","floor":6.0,"turns":11.0},{"damage":7.0,"enemies":"3 Louse","floor":7.0,"turns":3.0},{"damage":0.0,"enemies":"Lots of Slimes","floor":10.0,"turns":1.0},{"damage":7.0,"enemies":"Blue Slaver","floor":13.0,"turns":4.0},{"damage":9.0,"enemies":"Gremlin Gang","floor":14.0,"turns":3.0},{"damage":33.0,"enemies":"The Guardian","floor":16.0,"turns":11.0},{"damage":33.0,"enemies":"Spheric Guardian","floor":18.0,"turns":5.0},{"damage":29.0,"enemies":"Shell Parasite","floor":20.0,"turns":6.0},{"damage":18,"enemies":"Snake Plant","floor":21,"turns":4}],"seed_played":"-7220899839303633141","potions_obtained":[{"floor":3.0,"key":"SpeedPotion"},{"floor":6.0,"key":"CultistPotion"},{"floor":7.0,"key":"Swift Potion"},{"floor":14.0,"key":"Energy Potion"},{"floor":16.0,"key":"Energy Potion"},{"floor":18.0,"key":"Weak Potion"}],"is_trial":false,"path_per_floor":["M","M","M","?","?","E","M","R","T","M","$","R","M","M","R","B",null,"M","?","M","M"],"character_chosen":"THE_SILENT","items_purchased":["Infinite Blades","Bouncing Flask"],"campfire_rested":2,"item_purchase_floors":[11,11],"current_hp_per_floor":[70,70,70,70,56,8,1,22,32,32,32,32,25,16,40,7,80,47,47,18,0,0],"gold":210,"neow_bonus":"THREE_ENEMY_KILL","is_daily":false,"chose_seed":false,"campfire_upgraded":0,"win_rate":0.0,"timestamp":1608771959,"path_taken":["M","M","M","?","?","E","M","R","T","?","?","R","M","M","R","BOSS","M","?","M","?"],"items_purchased_type":["Card","Card"],"build_version":"2020-12-22","purchased_purges":0,"victory":false,"max_hp_per_floor":[70,70,70,70,70,70,70,70,80,80,80,80,80,80,80,80,80,80,80,80,80,80],"card_choices":[{"not_picked":["Deadly Poison","Outmaneuver"],"picked":"Riddle With Holes","floor":1.0},{"not_picked":["Bouncing Flask","Noxious Fumes"],"picked":"Caltrops","floor":2.0},{"not_picked":["Deadly Poison","Prepared"],"picked":"Dagger Spray","floor":3.0},{"not_picked":["Caltrops","Acrobatics"],"picked":"Footwork","floor":6.0},{"not_picked":["Tools of the Trade","Underhanded Strike"],"picked":"Crippling Poison","floor":7.0},{"not_picked":["Blade Dance","Deadly Poison"],"picked":"All Out Attack","floor":10.0},{"not_picked":["Flying Knee","PiercingWail"],"picked":"Dagger Throw","floor":13.0},{"not_picked":["Dagger Spray","Footwork"],"picked":"Blade Dance","floor":14.0},{"not_picked":["Malaise","Corpse Explosion"],"picked":"Die Die Die","floor":16.0},{"not_picked":["Dodge and Roll","Acrobatics+1"],"picked":"All Out Attack","floor":18.0},{"not_picked":["Acrobatics+1","Blade Dance"],"picked":"Poisoned Stab+1","floor":20.0}],"player_experience":225670,"relics_obtained":[{"floor":6.0,"key":"Shovel"},{"floor":9.0,"key":"Pear"},{"floor":12.0,"key":"Ancient Tea Set"}],"event_choices":[{"damage_healed":0.0,"max_hp_gain":0.0,"max_hp_loss":0.0,"gold_gain":0.0,"event_name":"Big Fish","player_choice":"Box","floor":4.0,"gold_loss":0.0,"damage_taken":0.0,"relics_obtained":["Anchor"],"cards_obtained":["Regret"]},{"damage_healed":0.0,"max_hp_gain":0.0,"max_hp_loss":0.0,"gold_gain":0.0,"event_name":"Shining Light","player_choice":"Entered Light","floor":5.0,"gold_loss":0.0,"damage_taken":14.0,"cards_upgraded":["Dagger Spray","Caltrops"]},{"damage_healed":0.0,"max_hp_gain":0.0,"max_hp_loss":0.0,"gold_gain":0.0,"event_name":"The Woman in Blue","player_choice":"Bought 3 Potions","floor":19.0,"gold_loss":0.0,"damage_taken":0.0}],"is_beta":false,"boss_relics":[{"not_picked":["Snecko Eye","SlaversCollar"],"picked":"Black Star"}],"items_purged_floors":[],"is_endless":false,"potions_floor_spawned":[3,6,7,14,16,18],"killed_by":"Snake Plant","ascension_level":0}}