{"host":"5raohst9sk3kvp5v","time":1608791476,"event":{"mods":["BaseMod","Colored Powertips","Highlight Path","Minty Spire (QoL Compilation)","Quick Restart","Relic Stats","StSLib"],"gold_per_floor":[115,126,144,39,39,39,71,71,143,173,173,206,227,241,241,339,339,363,141,161,161,161,161,174,188,188,188,204,219,219,235,235,330,330,350,102,102,118,4,4,20,39,64,64,64,64],"floor_reached":45,"playtime":1986,"items_purged":["Strike_R","Strike_R","Strike_R","Strike_R"],"score":1124,"play_id":"3a8aa90b-18c8-478c-b5df-13f35b7d4d8f","local_time":"20201224003116","is_ascension_mode":true,"campfire_choices":[{"data":"Anger","floor":6.0,"key":"SMITH"},{"data":"True Grit","floor":8.0,"key":"SMITH"},{"data":"Anger","floor":15.0,"key":"SMITH"},{"floor":23.0,"key":"REST"},{"floor":27.0,"key":"REST"},{"floor":30.0,"key":"REST"},{"floor":32.0,"key":"REST"},{"floor":40,"key":"REST"},{"floor":44,"key":"REST"}],"circlet_count":0,"master_deck":["AscendersBane","Strike_R","Defend_R","Defend_R","Defend_R","Defend_R","Bash","Anger+1","Anger+1","Flex","True Grit+1","Metallicize","Offering","Flex","Bloodletting","Immolate+1","Body Slam+1","Intimidate","Barricade","Headbutt","Shrug It Off+1","Impervious","CurseOfTheBell","True Grit","Flex+1","Heavy Blade","Madness+1","Madness+1","Rage+1","Ghostly Armor+1"],"relics":["Burning Blood","Unceasing Top","Lantern","Letter Opener","Bronze Scales","Golden Idol","Darkstone Periapt","Fusion Hammer","Membership Card","Mummified Hand","Calling Bell","Happy Flower","Blue Candle","Ginger","Toxic Egg 2"],"acts_visited":["Exordium","TheCity","TheBeyond"],"potions_floor_usage":[33,45],"damage_taken":[{"damage":2.0,"enemies":"Cultist","floor":1.0,"turns":4.0},{"damage":7.0,"enemies":"Small Slimes","floor":2.0,"turns":3.0},{"damage":4.0,"enemies":"Jaw Worm","floor":3.0,"turns":3.0},{"damage":36.0,"enemies":"Gremlin Nob","floor":7.0,"turns":4.0},{"damage":26.0,"enemies":"3 Sentries","floor":10.0,"turns":10.0},{"damage":0.0,"enemies":"Lagavulin","floor":12.0,"turns":6.0},{"damage":8.0,"enemies":"Looter","floor":13.0,"turns":2.0},{"damage":6.0,"enemies":"Exordium Wildlife","floor":14.0,"turns":3.0},{"damage":12.0,"enemies":"Slime Boss","floor":16.0,"turns":3.0},{"damage":28.0,"enemies":"2 Thieves","floor":18.0,"turns":4.0},{"damage":27.0,"enemies":"Chosen","floor":20.0,"turns":4.0},{"damage":21.0,"enemies":"Shelled Parasite and Fungi","floor":24.0,"turns":2.0},{"damage":6.0,"enemies":"Centurion and Healer","floor":25.0,"turns":4.0},{"damage":3.0,"enemies":"3 Cultists","floor":28.0,"turns":4.0},{"damage":41.0,"enemies":"Chosen and Byrds","floor":29.0,"turns":7.0},{"damage":9.0,"enemies":"Cultist and Chosen","floor":31.0,"turns":5.0},{"damage":9,"enemies":"Collector","floor":33,"turns":5},{"damage":12,"enemies":"3 Shapes","floor":35,"turns":4},{"damage":10,"enemies":"3 Darklings","floor":38,"turns":3},{"damage":34,"enemies":"4 Shapes","floor":41,"turns":4},{"damage":3,"enemies":"Sphere and 2 Shapes","floor":42,"turns":4},{"damage":83,"enemies":"Giant Head","floor":45,"turns":7}],"seed_played":"854537931290647475","potions_obtained":[{"floor":1.0,"key":"Regen Potion"},{"floor":7.0,"key":"PowerPotion"},{"floor":10.0,"key":"PowerPotion"},{"floor":12.0,"key":"PowerPotion"},{"floor":16.0,"key":"Fruit Juice"},{"floor":18.0,"key":"DistilledChaos"},{"floor":35,"key":"BlessingOfTheForge"}],"is_trial":false,"path_per_floor":["M","M","M","$","?","R","E","R","T","E","?","E","M","M","R","B",null,"M","$","M","?","?","R","M","M","T","R","M","M","R","M","R","B",null,"M","$","?","M","$","R","M","M","T","R","E"],"character_chosen":"IRONCLAD","items_purchased":["True Grit","Membership Card","Toxic Egg 2","Flex+1","Heavy Blade","Rage+1"],"campfire_rested":6,"item_purchase_floors":[4,19,36,36,36,39],"current_hp_per_floor":[68,67,68,68,68,68,38,38,38,33,33,39,37,37,37,36,59,37,37,16,16,16,36,21,21,21,41,44,9,29,26,46,43,67,61,61,48,44,44,65,37,40,40,61,0,0],"gold":64,"neow_bonus":"ONE_RARE_RELIC","is_daily":false,"chose_seed":false,"campfire_upgraded":3,"win_rate":0.0,"timestamp":1608791476,"path_taken":["M","M","M","$","?","R","E","R","T","E","?","E","M","M","R","BOSS","M","$","M","?","?","R","M","?","T","R","M","M","R","M","R","BOSS","M","$","?","M","$","R","M","M","T","R","E"],"items_purchased_type":["Card","Relic","Relic","Card","Card","Card"],"build_version":"2020-12-22","purchased_purges":4,"victory":false,"max_hp_per_floor":[68,68,68,68,68,68,68,68,68,68,62,62,62,62,62,67,67,67,67,67,67,67,67,67,67,67,67,67,67,67,67,67,67,73,73,73,73,73,73,73,73,73,73,73,73,73],"relic_stats":{"Darkstone Periapt":6,"Happy Flower":[7],"counters":[22,95],"Golden Idol":91,"Mummified Hand":[13],"Bronze Scales":[135],"Blue Candle":[5],"Letter Opener":[277],"Ginger":[2],"obtain_stats":[{"Darkstone Periapt":12,"Lantern":7,"Happy Flower":34,"Golden Idol":11,"Blue Candle":34,"Letter Opener":9,"Ginger":34,"Burning Blood":0,"Calling Bell":34,"Mummified Hand":26,"Bronze Scales":10,"Fusion Hammer":17,"Membership Card":19,"Toxic Egg 2":36,"Unceasing Top":0},{"Darkstone Periapt":6,"Lantern":4,"Happy Flower":17,"Golden Idol":5,"Blue Candle":17,"Letter Opener":4,"Ginger":17,"Burning Blood":0,"Calling Bell":17,"Mummified Hand":13,"Bronze Scales":5,"Fusion Hammer":9,"Membership Card":10,"Toxic Egg 2":18,"Unceasing Top":0},{"Darkstone Periapt":30,"Lantern":14,"Happy Flower":73,"Golden Idol":24,"Blue Candle":73,"Letter Opener":14,"Ginger":73,"Burning Blood":0,"Calling Bell":73,"Mummified Hand":52,"Bronze Scales":24,"Fusion Hammer":38,"Membership Card":42,"Toxic Egg 2":77,"Unceasing Top":0}],"Burning Blood":121,"Unceasing Top":[102]},"card_choices":[{"not_picked":["Warcry","Havoc"],"picked":"Anger","floor":1.0},{"not_picked":["Dark Embrace","Carnage"],"picked":"Anger","floor":2.0},{"not_picked":["Dropkick","Thunderclap"],"picked":"Flex","floor":3.0},{"not_picked":["Sword Boomerang","True Grit"],"picked":"Metallicize","floor":7.0},{"not_picked":["Dropkick","Cleave","Shrug It Off"],"picked":"SKIP","floor":10.0},{"not_picked":["Flex","Body Slam"],"picked":"Offering","floor":12.0},{"not_picked":["Cleave","Warcry"],"picked":"Flex","floor":13.0},{"not_picked":["Dropkick","Thunderclap"],"picked":"Bloodletting","floor":14.0},{"not_picked":["Limit Break","Brutality"],"picked":"Immolate","floor":16.0},{"not_picked":["Havoc","Perfected Strike","Warcry"],"picked":"SKIP","floor":18.0},{"not_picked":["Dropkick","Pommel Strike"],"picked":"Body Slam+1","floor":20.0},{"not_picked":["Flex","Iron Wave"],"picked":"Intimidate","floor":24.0},{"not_picked":["Flex","Power Through"],"picked":"Barricade","floor":25.0},{"not_picked":["Iron Wave","Pummel"],"picked":"Headbutt","floor":28.0},{"not_picked":["Perfected Strike","Bloodletting"],"picked":"Shrug It Off+1","floor":29.0},{"not_picked":["Thunderclap","Armaments","Iron Wave"],"picked":"SKIP","floor":31.0},{"not_picked":["Limit Break","Offering"],"picked":"Impervious","floor":33},{"not_picked":["Clash","Havoc"],"picked":"True Grit","floor":35},{"not_picked":["Thunderclap","Heavy Blade+1","Anger"],"picked":"SKIP","floor":38},{"not_picked":["Feed","Dual Wield+1"],"picked":"Ghostly Armor+1","floor":41},{"not_picked":["Clothesline","Cleave+1","Evolve+1"],"picked":"SKIP","floor":42}],"player_experience":1691716,"relics_obtained":[{"floor":7.0,"key":"Lantern"},{"floor":9.0,"key":"Letter Opener"},{"floor":10.0,"key":"Bronze Scales"},{"floor":12.0,"key":"Darkstone Periapt"},{"floor":26.0,"key":"Mummified Hand"},{"floor":34,"key":"Happy Flower"},{"floor":34,"key":"Blue Candle"},{"floor":34,"key":"Ginger"}],"event_choices":[{"damage_healed":0.0,"max_hp_gain":0.0,"max_hp_loss":0.0,"gold_gain":0.0,"event_name":"The Cleric","player_choice":"Leave","floor":5.0,"gold_loss":0.0,"damage_taken":0.0},{"damage_healed":0.0,"max_hp_gain":0.0,"max_hp_loss":6.0,"gold_gain":0.0,"event_name":"Golden Idol","player_choice":"Lose Max HP","floor":11.0,"gold_loss":0.0,"damage_taken":0.0,"relics_obtained":["Golden Idol"]},{"damage_healed":0.0,"max_hp_gain":0.0,"max_hp_loss":0.0,"gold_gain":0.0,"event_name":"Cursed Tome","player_choice":"Ignored","floor":21.0,"gold_loss":0.0,"damage_taken":0.0},{"damage_healed":0.0,"max_hp_gain":0.0,"max_hp_loss":0.0,"gold_gain":0.0,"event_name":"Accursed Blacksmith","player_choice":"Forge","floor":22.0,"gold_loss":0.0,"damage_taken":0.0,"cards_upgraded":["Immolate"]},{"damage_healed":0,"gold_gain":0,"player_choice":"Embrace Madness","damage_taken":13,"max_hp_gain":0,"max_hp_loss":0,"event_name":"Winding Halls","floor":37,"gold_loss":0,"cards_obtained":["Madness","Madness"]}],"is_beta":false,"boss_relics":[{"not_picked":["Pandora\u0027s Box","Black Blood"],"picked":"Fusion Hammer"},{"not_picked":["Snecko Eye","Black Star"],"picked":"Calling Bell"}],"items_purged_floors":[4,19,36,39],"is_endless":false,"potions_floor_spawned":[1,7,10,12,16,18,20,24,35],"killed_by":"Giant Head","ascension_level":20}}