{"host":"qwttrqaysb380yri","time":1608793817,"event":{"mods":["BaseMod","Custom Start","Minty Spire (QoL Compilation)","Permanent Neow","Puzzle Mod","Relic Stats","StSLib","The Cursed","The Hierophant"],"gold_per_floor":[117,134,209,209,237,237,279,279,329,2,45,45,81,167,167,263,263,338,414,167,167,167,193,193,193,266,278,278],"floor_reached":27,"playtime":710,"items_purged":["Regret","hierophant:Strike_Hierophant"],"score":432,"play_id":"2da6ff40-bcee-41d4-b81f-d8978beed066","local_time":"20201224081017","is_ascension_mode":true,"campfire_choices":[{"data":"hierophant:Purify","floor":6,"key":"SMITH"},{"data":"hierophant:LocustPlague","floor":8,"key":"SMITH"},{"data":"hierophant:ChurchCoffers","floor":12,"key":"SMITH"},{"data":"hierophant:ConvertCurrency","floor":15,"key":"SMITH"},{"floor":24,"key":"REST"}],"circlet_count":0,"master_deck":["AscendersBane","hierophant:Strike_Hierophant","hierophant:Strike_Hierophant","hierophant:Strike_Hierophant","hierophant:Punish","hierophant:Defend_Hierophant","hierophant:Defend_Hierophant","hierophant:Defend_Hierophant","hierophant:Defend_Hierophant","hierophant:ChurchCoffers+1","hierophant:SealAway","hierophant:FlamingChariot","hierophant:Doubloon","hierophant:Remorse","hierophant:Purify+1","hierophant:LocustPlague+1","hierophant:Doubloon","hierophant:ConvertCurrency+1","hierophant:BulkyChest","hierophant:FlamingChariot","hierophant:WrathOfGod","hierophant:Sermon+1","hierophant:OrnateBuckler","hierophant:Embezzle"],"relics":["hierophant:PropheticMaskRelic","Ancient Tea Set","Sundial","Bag of Marbles","Meat on the Bone","Pen Nib","Lantern","Black Star","Omamori","Lizard Tail","Darkstone Periapt","Thread and Needle","Toxic Egg 2","The Courier"],"acts_visited":["Exordium","TheCity"],"potions_floor_usage":[7,7,11,13,18,23],"damage_taken":[{"damage":0,"enemies":"2 Louse","floor":1,"turns":2},{"damage":0,"enemies":"Small Slimes","floor":2,"turns":3},{"damage":13,"enemies":"Jaw Worm","floor":5,"turns":4},{"damage":24,"enemies":"3 Sentries","floor":7,"turns":6},{"damage":10,"enemies":"Gremlin Nob","floor":11,"turns":3},{"damage":15,"enemies":"3 Sentries","floor":13,"turns":5},{"damage":11,"enemies":"Looter","floor":14,"turns":2},{"damage":14,"enemies":"Slime Boss","floor":16,"turns":7},{"damage":29,"enemies":"3 Byrds","floor":18,"turns":5},{"damage":11,"enemies":"Spheric Guardian","floor":19,"turns":3},{"damage":40,"enemies":"Slavers","floor":23,"turns":4},{"damage":29,"enemies":"Book of Stabbing","floor":27,"turns":4}],"seed_played":"-8975050043110452162","potions_obtained":[{"floor":2,"key":"EntropicBrew"},{"floor":11,"key":"SkillPotion"},{"floor":14,"key":"Explosive Potion"},{"floor":16,"key":"SpeedPotion"},{"floor":18,"key":"AttackPotion"}],"is_trial":false,"path_per_floor":["M","M","?","?","M","R","E","R","T","$","E","R","E","M","R","B",null,"M","M","$","?","?","E","R","T","T","E"],"character_chosen":"HIEROPHANT","items_purchased":["Meat on the Bone","Omamori"],"campfire_rested":1,"item_purchase_floors":[10,20],"current_hp_per_floor":[68,68,57,57,44,44,35,35,35,35,37,37,34,35,35,33,65,48,49,49,49,49,21,43,43,43,14,14],"gold":278,"neow_bonus":"THREE_CARDS","is_daily":false,"chose_seed":false,"campfire_upgraded":4,"win_rate":0.0,"timestamp":1608793817,"path_taken":["M","M","?","?","M","R","E","R","T","?","E","R","E","M","R","BOSS","M","M","$","?","?","E","R","?","T","E"],"items_purchased_type":["Relic","Relic"],"build_version":"2020-12-22","purchased_purges":2,"victory":false,"max_hp_per_floor":[75,75,75,75,75,75,75,75,75,75,75,75,75,75,75,75,75,75,75,75,75,75,75,75,75,75,75,75],"relic_stats":{"Darkstone Periapt":0,"Lizard Tail":0,"counters":[12,48],"Sundial":[2],"Pen Nib":[6],"Black Star":1,"obtain_stats":[{"Darkstone Periapt":23,"Lantern":13,"hierophant:PropheticMaskRelic":0,"Thread and Needle":23,"Pen Nib":11,"The Courier":26,"Omamori":20,"Ancient Tea Set":4,"Lizard Tail":22,"Sundial":7,"Bag of Marbles":9,"Black Star":17,"Toxic Egg 2":25,"Meat on the Bone":10},{"Darkstone Periapt":11,"Lantern":6,"hierophant:PropheticMaskRelic":0,"Thread and Needle":11,"Pen Nib":5,"The Courier":11,"Omamori":10,"Ancient Tea Set":2,"Lizard Tail":10,"Sundial":4,"Bag of Marbles":4,"Black Star":8,"Toxic Egg 2":11,"Meat on the Bone":4},{"Darkstone Periapt":44,"Lantern":23,"hierophant:PropheticMaskRelic":0,"Thread and Needle":44,"Pen Nib":18,"The Courier":44,"Omamori":40,"Ancient Tea Set":5,"Lizard Tail":40,"Sundial":15,"Bag of Marbles":15,"Black Star":32,"Toxic Egg 2":44,"Meat on the Bone":15}],"Meat on the Bone":84},"card_choices":[{"not_picked":["hierophant:RustyCrate","hierophant:Remorse"],"picked":"hierophant:SealAway","floor":0},{"not_picked":["hierophant:Sermon","hierophant:HolyVerse"],"picked":"hierophant:FlamingChariot","floor":1},{"not_picked":["hierophant:Smite","hierophant:Flagellation"],"picked":"hierophant:Remorse","floor":2},{"not_picked":["hierophant:MorningPrayer","hierophant:PassingBell"],"picked":"hierophant:Purify","floor":5},{"not_picked":["hierophant:Embezzle","hierophant:SolarFlare"],"picked":"hierophant:LocustPlague","floor":7},{"not_picked":["hierophant:Doubloon","hierophant:Charity"],"picked":"hierophant:ConvertCurrency","floor":11},{"not_picked":["hierophant:Martyrdom","hierophant:AuricShield"],"picked":"hierophant:BulkyChest","floor":13},{"not_picked":["hierophant:MorningPrayer","hierophant:RepressedViolence"],"picked":"hierophant:FlamingChariot","floor":14},{"not_picked":["hierophant:Determination","hierophant:MintersHammer"],"picked":"hierophant:WrathOfGod","floor":16},{"not_picked":["hierophant:ThreeLashes","hierophant:Remorse"],"picked":"hierophant:Sermon+1","floor":18},{"not_picked":["hierophant:RepressedViolence","hierophant:AuricBeam"],"picked":"hierophant:OrnateBuckler","floor":19},{"not_picked":["hierophant:FieryStrike","hierophant:Shelter"],"picked":"hierophant:Embezzle","floor":23}],"player_experience":1946026,"relics_obtained":[{"floor":7,"key":"Sundial"},{"floor":9,"key":"Bag of Marbles"},{"floor":11,"key":"Pen Nib"},{"floor":13,"key":"Lantern"},{"floor":23,"key":"Darkstone Periapt"},{"floor":23,"key":"Thread and Needle"},{"floor":25,"key":"Toxic Egg 2"},{"floor":26,"key":"The Courier"}],"event_choices":[{"damage_healed":0,"gold_gain":75,"player_choice":"Gather Gold","damage_taken":11,"max_hp_gain":0,"max_hp_loss":0,"event_name":"World of Goop","floor":3,"gold_loss":0},{"damage_healed":0,"gold_gain":0,"player_choice":"Box","damage_taken":0,"relics_obtained":["Ancient Tea Set"],"max_hp_gain":0,"max_hp_loss":0,"event_name":"Big Fish","floor":4,"gold_loss":0,"cards_obtained":["Regret"]},{"damage_healed":0,"gold_gain":0,"player_choice":"Smashed Altar","damage_taken":0,"max_hp_gain":0,"max_hp_loss":0,"event_name":"Forgotten Altar","floor":21,"gold_loss":0,"cards_obtained":["Decay"]},{"damage_healed":0,"gold_gain":0,"player_choice":"Opened","damage_taken":0,"relics_obtained":["Lizard Tail"],"max_hp_gain":0,"max_hp_loss":0,"event_name":"The Mausoleum","floor":22,"gold_loss":0,"cards_obtained":["Writhe"]}],"is_beta":false,"boss_relics":[{"not_picked":["Busted Crown","SacredBark"],"picked":"Black Star"}],"items_purged_floors":[10,20],"is_endless":false,"potions_floor_spawned":[2,11,14,16,18],"killed_by":"Book of Stabbing","ascension_level":15}}