{"host":"c2og1cp357bgjv9b","time":1608776450,"event":{"mods":["BaseMod","Colored Map","Minty Spire (QoL Compilation)","Replay The Spire","StSLib"],"gold_per_floor":[110,110,110,122,132,132,132,132,132,150,40,56,156,74,74,173,173,184,184,204,215,215,215],"floor_reached":22,"playtime":1351,"items_purged":["Strike_B"],"score":176,"play_id":"48f82d84-2902-4526-8b7e-71f3962e8863","local_time":"20201224102050","is_ascension_mode":false,"campfire_choices":[{"data":"Loop","floor":6,"key":"SMITH"},{"data":"Defragment","floor":8,"key":"SMITH"}],"circlet_count":0,"master_deck":["Defend_B","Defend_B","Defend_B","Defend_B","Zap+1","Dualcast","Loop+1","Defragment+1","Recycle","Machine Learning+1","Capacitor","Heatsinks","Amplify","Defragment+1","Cold Snap"],"relics":["Cracked Core","Onion Ring","Inserter"],"acts_visited":["Exordium","TheCity"],"potions_floor_usage":[12,20,20],"damage_taken":[{"damage":2,"enemies":"Small Slimes","floor":1,"turns":3},{"damage":4,"enemies":"2 Louse","floor":4,"turns":3},{"damage":0,"enemies":"Cultist","floor":5,"turns":4},{"damage":8,"enemies":"2 Fungi Beasts","floor":10,"turns":3},{"damage":15,"enemies":"Exordium Thugs","floor":12,"turns":4},{"damage":23,"enemies":"Hexaghost","floor":16,"turns":8},{"damage":15,"enemies":"Shell Parasite","floor":18,"turns":6},{"damage":16,"enemies":"Spheric Guardian","floor":20,"turns":4},{"damage":34,"enemies":"Snake Plant","floor":21,"turns":4},{"damage":18,"enemies":"Snecko","floor":22,"turns":3}],"seed_played":"-3585297228035272948","potions_obtained":[{"floor":5,"key":"PowerPotion"},{"floor":10,"key":"Adrenaline Potion"},{"floor":16,"key":"Energy Potion"},{"floor":18,"key":"Elixir"},{"floor":21,"key":"FearPotion"}],"is_trial":false,"path_per_floor":["M","?","?","M","M","R","?","R","T","M","$","M","?","$","R_BF","B",null,"M","?","M","M","M"],"character_chosen":"DEFECT","items_purchased":["Capacitor","Heatsinks"],"campfire_rested":0,"item_purchase_floors":[11,14],"current_hp_per_floor":[73,66,66,62,62,62,62,62,62,54,54,39,39,39,39,16,75,60,60,44,10,0,0],"gold":215,"neow_bonus":"UPGRADE_CARD","is_daily":false,"chose_seed":false,"campfire_upgraded":2,"win_rate":0.0,"timestamp":1608776450,"path_taken":["M","?","?","?","M","R","?","R","T","M","?","M","?","$","R_BF","BOSS","M","?","M","M","?"],"items_purchased_type":["Card","Card"],"build_version":"2020-12-22","purchased_purges":1,"victory":false,"max_hp_per_floor":[75,75,75,75,75,75,75,75,75,75,75,75,75,75,75,75,75,75,75,75,75,75,75],"card_choices":[{"not_picked":["Cold Snap","Stack"],"picked":"Loop","floor":1},{"not_picked":["Reinforced Body","Stack","Turbo"],"picked":"SKIP","floor":4},{"not_picked":["Rebound","Coolheaded"],"picked":"Defragment","floor":5},{"not_picked":["Streamline","Stack"],"picked":"Machine Learning","floor":10},{"not_picked":["ReplayTheSpireMod:Repulse","Recycle","Go for the Eyes"],"picked":"SKIP","floor":12},{"not_picked":["ReplayRNGCard","Rainbow"],"picked":"Amplify","floor":16},{"not_picked":["Redo","Hologram","Sweeping Beam+1"],"picked":"SKIP","floor":18},{"not_picked":["Gash","Leap","Stack"],"picked":"SKIP","floor":20},{"not_picked":["ReplayTheSpireMod:System Scan","FIFO Queue"],"picked":"Cold Snap","floor":21}],"player_experience":103296,"relics_obtained":[{"floor":9,"key":"Onion Ring"}],"event_choices":[{"cards_removed":["Strike_B"],"damage_healed":0,"gold_gain":0,"player_choice":"Card Removal","damage_taken":7,"max_hp_gain":0,"max_hp_loss":0,"event_name":"Golden Wing","floor":2,"gold_loss":0},{"cards_removed":["Strike_B"],"damage_healed":0,"gold_gain":0,"player_choice":"Purged","damage_taken":0,"max_hp_gain":0,"max_hp_loss":0,"event_name":"Purifier","floor":3,"gold_loss":0},{"damage_healed":0,"gold_gain":0,"cards_transformed":["Strike_B"],"player_choice":"Transformed","damage_taken":0,"max_hp_gain":0,"max_hp_loss":0,"event_name":"Transmorgrifier","floor":7,"gold_loss":0,"cards_obtained":["Recycle"]},{"damage_healed":0,"gold_gain":100,"player_choice":"Pray","damage_taken":0,"max_hp_gain":0,"max_hp_loss":0,"event_name":"Golden Shrine","floor":13,"gold_loss":0},{"damage_healed":0,"gold_gain":0,"player_choice":"Upgraded","damage_taken":0,"max_hp_gain":0,"max_hp_loss":0,"event_name":"Upgrade Shrine","floor":15,"gold_loss":0,"cards_upgraded":["Machine Learning"]},{"damage_healed":0,"gold_gain":0,"player_choice":"Copied","damage_taken":0,"max_hp_gain":0,"max_hp_loss":0,"event_name":"Duplicator","floor":19,"gold_loss":0,"cards_obtained":["Defragment"]}],"is_beta":false,"boss_relics":[{"not_picked":["Abe\u0027s Treasure","Black Star"],"picked":"Inserter"}],"items_purged_floors":[11],"is_endless":false,"potions_floor_spawned":[5,10,16,18,21],"killed_by":"Snecko","ascension_level":0}}