{"host":"Jedit","time":1608834053,"event":{"mods":["BaseMod","Minty Spire (QoL Compilation)","Relic Stats","StSLib"],"gold_per_floor":[117,267,267,267,291,322,346,346,346,380,406,421,421,446,446,446,446],"floor_reached":16,"playtime":374,"items_purged":[],"score":270,"play_id":"af2b5f3f-0694-4ab8-b58a-e94b20061a8b","local_time":"20201224182053","is_ascension_mode":true,"campfire_choices":[{"data":"Blade Dance","floor":8,"key":"SMITH"},{"floor":15,"key":"REST"}],"circlet_count":0,"master_deck":["AscendersBane","Strike_G","Strike_G","Strike_G","Strike_G","Strike_G","Defend_G","Defend_G","Defend_G","Defend_G","Defend_G","Survivor","Neutralize","Blade Dance+1","Doubt","Deadly Poison","Dagger Spray","Terror","Dash","Blur","Backstab"],"relics":["Ring of the Snake","NeowsBlessing","Golden Idol","Sundial","Anchor","Darkstone Periapt"],"acts_visited":["Exordium"],"potions_floor_usage":[16,16],"damage_taken":[{"damage":0,"enemies":"2 Louse","floor":1,"turns":1},{"damage":0,"enemies":"Small Slimes","floor":5,"turns":1},{"damage":0,"enemies":"Gremlin Nob","floor":6,"turns":1},{"damage":2,"enemies":"Jaw Worm","floor":7,"turns":4},{"damage":44,"enemies":"Lagavulin","floor":10,"turns":7},{"damage":7,"enemies":"Exordium Wildlife","floor":12,"turns":5},{"damage":0,"enemies":"2 Fungi Beasts","floor":14,"turns":5},{"damage":19,"enemies":"Slime Boss","floor":16,"turns":7}],"seed_played":"9042267809842003173","potions_obtained":[{"floor":5,"key":"FearPotion"},{"floor":10,"key":"Strength Potion"},{"floor":12,"key":"SkillPotion"}],"is_trial":false,"path_per_floor":["M","?","?","?","M","E","M","R","T","E","T","M","?","M","R","B"],"character_chosen":"THE_SILENT","items_purchased":[],"campfire_rested":1,"item_purchase_floors":[],"current_hp_per_floor":[59,59,64,64,64,64,62,62,62,18,18,11,11,11,30,11,11],"gold":446,"neow_bonus":"THREE_ENEMY_KILL","is_daily":false,"chose_seed":false,"campfire_upgraded":1,"win_rate":0.0,"timestamp":1608834053,"path_taken":["M","?","?","?","?","E","M","R","T","E","?","M","?","M","R","BOSS"],"items_purchased_type":[],"build_version":"2020-12-18","purchased_purges":0,"victory":false,"max_hp_per_floor":[66,66,71,64,64,64,64,64,64,64,64,64,64,64,64,64,64],"relic_stats":{"Darkstone Periapt":0,"counters":[8,31],"Golden Idol":31,"Sundial":[4],"obtain_stats":[{"Darkstone Periapt":10,"Anchor":9,"NeowsBlessing":0,"Golden Idol":4,"Sundial":6,"Ring of the Snake":0},{"Darkstone Periapt":5,"Anchor":4,"NeowsBlessing":0,"Golden Idol":1,"Sundial":3,"Ring of the Snake":0},{"Darkstone Periapt":14,"Anchor":7,"NeowsBlessing":0,"Golden Idol":1,"Sundial":3,"Ring of the Snake":0}],"Ring of the Snake":[16]},"card_choices":[{"not_picked":["Underhanded Strike","Acrobatics"],"picked":"Blade Dance","floor":1},{"not_picked":["Dagger Throw","Concentrate"],"picked":"Deadly Poison","floor":5},{"not_picked":["Glass Knife","Concentrate"],"picked":"Dagger Spray","floor":6},{"not_picked":["Slice","Deflect"],"picked":"Terror","floor":7},{"not_picked":["Tactician","Dodge and Roll"],"picked":"Dash","floor":10},{"not_picked":["Flechettes","Concentrate"],"picked":"Blur","floor":12},{"not_picked":["Acrobatics","Dodge and Roll"],"picked":"Backstab","floor":14}],"player_experience":3398896,"relics_obtained":[{"floor":6,"key":"Sundial"},{"floor":9,"key":"Anchor"},{"floor":10,"key":"Darkstone Periapt"}],"event_choices":[{"damage_healed":0,"gold_gain":150,"player_choice":"AGREE","damage_taken":0,"max_hp_gain":0,"max_hp_loss":0,"event_name":"Liars Game","floor":2,"gold_loss":0,"cards_obtained":["Doubt"]},{"damage_healed":0,"gold_gain":0,"player_choice":"Donut","damage_taken":0,"max_hp_gain":5,"max_hp_loss":0,"event_name":"Big Fish","floor":3,"gold_loss":0},{"damage_healed":0,"gold_gain":0,"player_choice":"Lose Max HP","damage_taken":0,"relics_obtained":["Golden Idol"],"max_hp_gain":0,"max_hp_loss":7,"event_name":"Golden Idol","floor":4,"gold_loss":0},{"damage_healed":0,"gold_gain":0,"player_choice":"Ignored","damage_taken":0,"max_hp_gain":0,"max_hp_loss":0,"event_name":"Shining Light","floor":13,"gold_loss":0}],"is_beta":true,"boss_relics":[],"items_purged_floors":[],"is_endless":false,"potions_floor_spawned":[5,10,12,14],"killed_by":"Slime Boss","ascension_level":20}}