{"host":"5bdt6s51dmpd4l3v","time":1608799360,"event":{"mods":["AchievementEnabler","BaseMod","Colored Map","Colored Powertips","Highlight Path","Minty Spire (QoL Compilation)","Quick Restart","Rare Cards Sparkle","StSLib"],"gold_per_floor":[111,111,111,128,128,128,98,98,170,24,37,62,82,10,10,10,10],"floor_reached":16,"playtime":232,"items_purged":[],"score":172,"play_id":"0fad9c9a-6fa4-402f-aa70-799536de138a","local_time":"20201224164240","is_ascension_mode":true,"campfire_choices":[{"data":"Flex","floor":6.0,"key":"SMITH"},{"data":"Thunderclap","floor":8.0,"key":"SMITH"},{"data":"Inflame","floor":15,"key":"SMITH"}],"circlet_count":0,"master_deck":["AscendersBane","Strike_R","Strike_R","Strike_R","Strike_R","Strike_R","Defend_R","Defend_R","Defend_R","Defend_R","Bash","Thunderclap+1","Flex+1","Headbutt","Whirlwind","Sword Boomerang","Shrug It Off","Feed","Pummel","Inflame+1"],"relics":["Burning Blood","NeowsBlessing","Paper Frog","Orrery","Du-Vu Doll"],"acts_visited":["Exordium"],"potions_floor_usage":[12,12],"damage_taken":[{"damage":0.0,"enemies":"Jaw Worm","floor":1.0,"turns":1.0},{"damage":0.0,"enemies":"Small Slimes","floor":4.0,"turns":1.0},{"damage":0,"enemies":"Cultist","floor":11,"turns":1},{"damage":20,"enemies":"Lagavulin","floor":12,"turns":6},{"damage":31,"enemies":"Exordium Thugs","floor":13,"turns":4},{"damage":0,"enemies":"Hexaghost","floor":16,"turns":2}],"seed_played":"1631969007855908218","potions_obtained":[{"floor":7.0,"key":"HeartOfIron"},{"floor":7.0,"key":"CultistPotion"},{"floor":13,"key":"Ancient Potion"}],"is_trial":false,"path_per_floor":["M","$","?","M","$","R","?","R","T","$","M","E","M","$","R","B"],"character_chosen":"IRONCLAD","items_purchased":["Orrery","Inflame"],"campfire_rested":0,"item_purchase_floors":[10,14],"current_hp_per_floor":[74,74,74,75,75,75,75,75,75,75,75,64,42,42,42,42,42],"gold":10,"neow_bonus":"THREE_ENEMY_KILL","is_daily":false,"chose_seed":false,"campfire_upgraded":3,"win_rate":0.0,"timestamp":1608799360,"path_taken":["M","$","?","M","$","R","?","R","T","$","?","E","M","?","R","BOSS"],"items_purchased_type":["Relic","Card"],"build_version":"2020-12-22","purchased_purges":0,"victory":false,"max_hp_per_floor":[75,75,75,75,75,75,75,75,75,75,75,78,81,81,81,81,81],"card_choices":[{"not_picked":["Anger","Headbutt"],"picked":"Thunderclap","floor":1.0},{"not_picked":["Iron Wave","Power Through"],"picked":"Flex","floor":4.0},{"not_picked":["Bludgeon","Thunderclap"],"picked":"Headbutt","floor":10},{"not_picked":["Anger","Pommel Strike"],"picked":"Whirlwind","floor":10},{"not_picked":["Armaments","Shrug It Off"],"picked":"Sword Boomerang","floor":10},{"not_picked":["Body Slam","Evolve"],"picked":"Shrug It Off","floor":10},{"not_picked":["Blood for Blood","Armaments"],"picked":"Feed","floor":10},{"not_picked":["Sentinel","Twin Strike"],"picked":"Pummel","floor":11},{"not_picked":["Shrug It Off","Clash","Pummel"],"picked":"SKIP","floor":12},{"not_picked":["Anger","Havoc","Dual Wield"],"picked":"SKIP","floor":13}],"player_experience":224110,"relics_obtained":[{"floor":9.0,"key":"Paper Frog"},{"floor":12,"key":"Du-Vu Doll"}],"event_choices":[{"damage_healed":0.0,"max_hp_gain":0.0,"max_hp_loss":0.0,"gold_gain":0.0,"event_name":"The Cleric","player_choice":"Leave","floor":3.0,"gold_loss":0.0,"damage_taken":0.0},{"damage_healed":0.0,"max_hp_gain":0.0,"max_hp_loss":0.0,"gold_gain":0.0,"event_name":"The Woman in Blue","player_choice":"Bought 2 Potions","floor":7.0,"gold_loss":0.0,"damage_taken":0.0}],"is_beta":false,"boss_relics":[],"items_purged_floors":[],"is_endless":false,"potions_floor_spawned":[13],"killed_by":"Hexaghost","ascension_level":15}}