{"host":"tjq6rykv202u6iqx","time":1608846572,"event":{"mods":["AchievementEnabler","BaseMod","Minty Spire (QoL Compilation)","Rare Cards Sparkle","Relic Stats"],"gold_per_floor":[110,127,142,154,154,154,187,187,187,187,216,234,260,271,271,350,350,363,381,396,396,2,32,44,76,76,105,117,117,117,133,133,212,262,275,275,275,275,292,318,318,71,118,153,177,177,187,231,231,231,231,231,23,53,53],"floor_reached":56,"playtime":9037,"items_purged":["Anger"],"score":2246,"play_id":"a1f10ea6-ab51-4cce-b3d1-4259be95aa71","local_time":"20201224154932","is_ascension_mode":true,"campfire_choices":[{"data":"Hemokinesis","floor":6.0,"key":"SMITH"},{"data":"Dual Wield","floor":8.0,"key":"SMITH"},{"data":"Bash","floor":10.0,"key":"SMITH"},{"data":"Berserk","floor":15.0,"key":"SMITH"},{"data":"Corruption","floor":29.0,"key":"SMITH"},{"data":"Armaments","floor":32.0,"key":"SMITH"},{"floor":41.0,"key":"REST"},{"floor":46.0,"key":"RECALL"},{"data":"Offering","floor":49.0,"key":"SMITH"},{"data":"Dark Embrace","floor":52.0,"key":"SMITH"}],"circlet_count":0,"master_deck":["AscendersBane","Bash+1","Reaper","Shrug It Off","Hemokinesis+1","Disarm","Dual Wield+1","Disarm","Berserk+1","True Grit","Shrug It Off","Reaper","Barricade","Brutality","Corruption+1","Dark Embrace+1","Power Through","Sever Soul+1","Pommel Strike","Power Through","Sever Soul","Cleave+1","True Grit+1","Offering+1","Trip","Burning Pact","Exhume","Seeing Red","Battle Trance","Armaments+1","Warcry+1","Juggernaut","Hemokinesis+1","Madness","Dark Shackles","Corruption+1","Limit Break","Disarm+1","Shrug It Off+1","Spot Weakness","Headbutt+1","Battle Trance","Demon Form","Feel No Pain"],"relics":["Burning Blood","FaceOfCleric","Shuriken","Letter Opener","CaptainsWheel","Juzu Bracelet","Pandora\u0027s Box","Oddly Smooth Stone","Ice Cream","Singing Bowl","TungstenRod","PreservedInsect","Tiny House","Ancient Tea Set","ClockworkSouvenir","CeramicFish","Self Forming Clay","Toy Ornithopter"],"acts_visited":["Exordium","TheCity","TheBeyond","TheEnding"],"potions_floor_usage":[55,55],"damage_taken":[{"damage":6.0,"enemies":"2 Louse","floor":1.0,"turns":3.0},{"damage":10.0,"enemies":"Cultist","floor":2.0,"turns":4.0},{"damage":8.0,"enemies":"Jaw Worm","floor":3.0,"turns":8.0},{"damage":11.0,"enemies":"3 Louse","floor":4.0,"turns":8.0},{"damage":28.0,"enemies":"Lagavulin","floor":7.0,"turns":7.0},{"damage":31.0,"enemies":"3 Sentries","floor":11.0,"turns":8.0},{"damage":31.0,"enemies":"Exordium Thugs","floor":12.0,"turns":6.0},{"damage":12.0,"enemies":"Lagavulin","floor":13.0,"turns":6.0},{"damage":5.0,"enemies":"2 Fungi Beasts","floor":14.0,"turns":5.0},{"damage":37.0,"enemies":"The Guardian","floor":16.0,"turns":17.0},{"damage":24.0,"enemies":"Shell Parasite","floor":18.0,"turns":7.0},{"damage":8.0,"enemies":"Chosen","floor":19.0,"turns":8.0},{"damage":25.0,"enemies":"3 Cultists","floor":20.0,"turns":5.0},{"damage":45.0,"enemies":"Gremlin Leader","floor":23.0,"turns":8.0},{"damage":12.0,"enemies":"Snecko","floor":24.0,"turns":5.0},{"damage":39.0,"enemies":"Slavers","floor":25.0,"turns":5.0},{"damage":24.0,"enemies":"Book of Stabbing","floor":27.0,"turns":6.0},{"damage":34.0,"enemies":"Shelled Parasite and Fungi","floor":28.0,"turns":6.0},{"damage":18.0,"enemies":"Centurion and Healer","floor":31.0,"turns":5.0},{"damage":14.0,"enemies":"Champ","floor":33.0,"turns":23.0},{"damage":46.0,"enemies":"3 Shapes","floor":35.0,"turns":8.0},{"damage":28.0,"enemies":"3 Darklings","floor":39.0,"turns":5.0},{"damage":92.0,"enemies":"Nemesis","floor":40.0,"turns":11.0},{"damage":15.0,"enemies":"Giant Head","floor":44.0,"turns":6.0},{"damage":56.0,"enemies":"Jaw Worm Horde","floor":45.0,"turns":8.0},{"damage":12.0,"enemies":"Sphere and 2 Shapes","floor":47.0,"turns":6.0},{"damage":14.0,"enemies":"Nemesis","floor":48.0,"turns":9.0},{"damage":80.0,"enemies":"Awakened One","floor":50.0,"turns":17.0},{"damage":51.0,"enemies":"Shield and Spear","floor":54.0,"turns":7.0},{"damage":48,"enemies":"The Heart","floor":55,"turns":11}],"seed_played":"-8861343729148239681","potions_obtained":[{"floor":2.0,"key":"Swift Potion"},{"floor":4.0,"key":"ElixirPotion"},{"floor":11.0,"key":"SteroidPotion"},{"floor":16.0,"key":"DuplicationPotion"},{"floor":25.0,"key":"SteroidPotion"},{"floor":27.0,"key":"PowerPotion"},{"floor":34.0,"key":"Swift Potion"},{"floor":39.0,"key":"CultistPotion"},{"floor":40.0,"key":"EssenceOfSteel"},{"floor":45.0,"key":"Block Potion"}],"is_trial":false,"path_per_floor":["M","M","M","M","?","R","E","R","T","R","E","M","E","M","R","B",null,"M","M","M","?","$","E","M","E","T","E","M","R","?","M","R","B",null,"M","?","?","?","M","E","R","$","T","E","M","R","M","E","R","B",null,"R","$","E","B",null],"character_chosen":"IRONCLAD","items_purchased":["Oddly Smooth Stone","Trip","Energy Potion","Burning Pact","ClockworkSouvenir","Spot Weakness","Feel No Pain","SpeedPotion"],"campfire_rested":1,"item_purchase_floors":[22,22,22,22,42,42,53,53],"current_hp_per_floor":[68,64,62,63,63,63,46,46,46,46,34,25,25,33,33,24,62,52,57,62,62,62,62,79,67,67,68,58,58,35,61,61,89,96,71,64,64,64,88,22,52,52,52,99,103,103,106,107,107,108,108,108,108,111,112],"gold":53,"neow_bonus":"THREE_RARE_CARDS","is_daily":false,"chose_seed":false,"campfire_upgraded":8,"win_rate":0.0,"timestamp":1608846572,"path_taken":["M","M","M","M","?","R","E","R","T","R","E","M","E","M","R","BOSS","M","M","M","?","$","E","M","E","T","E","M","R","?","M","R","BOSS","M","?","?","?","M","E","R","?","T","E","M","R","M","E","R","BOSS","R","$","E","BOSS"],"items_purchased_type":["Relic","Card","Potion","Card","Relic","Card","Card","Potion"],"build_version":"2020-12-22","purchased_purges":1,"victory":true,"max_hp_per_floor":[68,68,68,68,68,68,69,69,69,69,70,71,72,73,73,74,74,75,76,77,77,77,78,79,80,80,81,82,82,87,88,88,89,96,97,99,99,99,100,101,101,101,101,102,103,103,106,107,107,108,108,108,108,111,112],"relic_stats":{"Singing Bowl":8,"counters":[30,238],"Self Forming Clay":[111],"CeramicFish":36,"PreservedInsect":307,"Juzu Bracelet":1,"Letter Opener":[551],"Burning Blood":142,"FaceOfCleric":26,"Shuriken":[48],"Pandora\u0027s Box":["Barricade","Brutality","Corruption","Dark Embrace","Power Through","Sever Soul","Pommel Strike","Power Through","Barricade"],"obtain_stats":[{"Ice Cream":23,"Tiny House":34,"Singing Bowl":25,"Self Forming Clay":48,"CeramicFish":44,"Oddly Smooth Stone":22,"PreservedInsect":27,"Juzu Bracelet":13,"Letter Opener":9,"Ancient Tea Set":40,"Burning Blood":0,"ClockworkSouvenir":42,"CaptainsWheel":11,"FaceOfCleric":5,"Shuriken":7,"Pandora\u0027s Box":17,"TungstenRod":26,"Toy Ornithopter":54},{"Ice Cream":14,"Tiny House":20,"Singing Bowl":16,"Self Forming Clay":27,"CeramicFish":24,"Oddly Smooth Stone":13,"PreservedInsect":17,"Juzu Bracelet":8,"Letter Opener":5,"Ancient Tea Set":23,"Burning Blood":0,"ClockworkSouvenir":23,"CaptainsWheel":6,"FaceOfCleric":4,"Shuriken":5,"Pandora\u0027s Box":10,"TungstenRod":16,"Toy Ornithopter":29},{"Ice Cream":100,"Tiny House":150,"Singing Bowl":110,"Self Forming Clay":203,"CeramicFish":180,"Oddly Smooth Stone":92,"PreservedInsect":116,"Juzu Bracelet":50,"Letter Opener":30,"Ancient Tea Set":174,"Burning Blood":0,"ClockworkSouvenir":174,"CaptainsWheel":38,"FaceOfCleric":23,"Shuriken":30,"Pandora\u0027s Box":72,"TungstenRod":110,"Toy Ornithopter":227}],"TungstenRod":110,"Toy Ornithopter":0},"card_choices":[{"not_picked":["Berserk","Barricade"],"picked":"Reaper","floor":0.0},{"not_picked":["Armaments","Heavy Blade"],"picked":"Shrug It Off","floor":1.0},{"not_picked":["Cleave","Perfected Strike"],"picked":"Hemokinesis","floor":2.0},{"not_picked":["Heavy Blade","Metallicize"],"picked":"Disarm","floor":3.0},{"not_picked":["Fire Breathing","Infernal Blade"],"picked":"Anger","floor":4.0},{"not_picked":["Wild Strike","Dark Embrace"],"picked":"Dual Wield","floor":7.0},{"not_picked":["Body Slam","Infernal Blade"],"picked":"Disarm","floor":11.0},{"not_picked":["Twin Strike","Dual Wield"],"picked":"Berserk","floor":12.0},{"not_picked":["Clash","Iron Wave"],"picked":"True Grit","floor":13.0},{"not_picked":["Infernal Blade","Rampage"],"picked":"Shrug It Off","floor":14.0},{"not_picked":["Berserk","Bludgeon"],"picked":"Reaper","floor":16.0},{"not_picked":["Flex","Dark Embrace"],"picked":"Sever Soul","floor":18.0},{"not_picked":["Headbutt","Heavy Blade+1"],"picked":"Cleave+1","floor":19.0},{"not_picked":["Armaments","Cleave"],"picked":"True Grit+1","floor":20.0},{"not_picked":["Heavy Blade","Headbutt","Dark Embrace"],"picked":"SKIP","floor":23.0},{"not_picked":["Headbutt","Havoc"],"picked":"Exhume","floor":24.0},{"not_picked":["Evolve","Body Slam"],"picked":"Seeing Red","floor":25.0},{"not_picked":["Immolate","Thunderclap"],"picked":"Battle Trance","floor":27.0},{"not_picked":["Flex","Seeing Red"],"picked":"Armaments","floor":28.0},{"not_picked":["Rampage","Sword Boomerang"],"picked":"Warcry+1","floor":31.0},{"not_picked":["Reaper","Corruption"],"picked":"Juggernaut","floor":33.0},{"not_picked":["Iron Wave","Headbutt+1","Dark Embrace"],"picked":"Singing Bowl","floor":34.0},{"not_picked":["Twin Strike+1","Anger"],"picked":"Hemokinesis+1","floor":35.0},{"not_picked":["Mind Blast","The Bomb","Metamorphosis"],"picked":"Singing Bowl","floor":36.0},{"not_picked":["Forethought","Panacea"],"picked":"Madness","floor":36.0},{"not_picked":["Mind Blast","HandOfGreed"],"picked":"Dark Shackles","floor":36.0},{"not_picked":["Dropkick","Headbutt"],"picked":"Disarm+1","floor":39.0},{"not_picked":["Heavy Blade","Body Slam"],"picked":"Shrug It Off+1","floor":40.0},{"not_picked":["Thunderclap","Feed"],"picked":"Headbutt+1","floor":44.0},{"not_picked":["Heavy Blade","Clothesline"],"picked":"Battle Trance","floor":45.0},{"not_picked":["Perfected Strike","Flex","Disarm"],"picked":"Singing Bowl","floor":47.0},{"not_picked":["Ghostly Armor","Seeing Red"],"picked":"Demon Form","floor":48.0},{"not_picked":["Wild Strike+1","Whirlwind","Sentinel"],"picked":"Singing Bowl","floor":54.0}],"player_experience":763594,"relics_obtained":[{"floor":7.0,"key":"Shuriken"},{"floor":9.0,"key":"Letter Opener"},{"floor":11.0,"key":"CaptainsWheel"},{"floor":13.0,"key":"Juzu Bracelet"},{"floor":23.0,"key":"Ice Cream"},{"floor":25.0,"key":"Singing Bowl"},{"floor":26.0,"key":"TungstenRod"},{"floor":27.0,"key":"PreservedInsect"},{"floor":40.0,"key":"Ancient Tea Set"},{"floor":44.0,"key":"CeramicFish"},{"floor":48.0,"key":"Self Forming Clay"},{"floor":54.0,"key":"Toy Ornithopter"}],"event_choices":[{"damage_healed":0.0,"max_hp_gain":0.0,"max_hp_loss":0.0,"gold_gain":0.0,"event_name":"FaceTrader","player_choice":"Trade","floor":5.0,"gold_loss":0.0,"damage_taken":0.0,"relics_obtained":["FaceOfCleric"]},{"damage_healed":0.0,"max_hp_gain":0.0,"max_hp_loss":0.0,"gold_gain":0.0,"event_name":"The Library","player_choice":"Read","floor":21.0,"gold_loss":0.0,"damage_taken":0.0,"cards_obtained":["Offering"]},{"damage_healed":0.0,"max_hp_gain":5.0,"max_hp_loss":0.0,"gold_gain":0.0,"event_name":"Forgotten Altar","player_choice":"Shed Blood","floor":30.0,"gold_loss":0.0,"damage_taken":29.0},{"damage_healed":0.0,"max_hp_gain":0.0,"max_hp_loss":0.0,"gold_gain":0.0,"event_name":"SensoryStone","player_choice":"Memory 3","floor":36.0,"gold_loss":0.0,"damage_taken":10.0},{"damage_healed":0.0,"max_hp_gain":0.0,"max_hp_loss":0.0,"gold_gain":0.0,"event_name":"Duplicator","player_choice":"Copied","floor":37.0,"gold_loss":0.0,"damage_taken":0.0,"cards_obtained":["Corruption"]},{"damage_healed":0.0,"max_hp_gain":0.0,"max_hp_loss":0.0,"gold_gain":0.0,"cards_transformed":["Barricade"],"event_name":"Transmorgrifier","player_choice":"Transformed","floor":38.0,"gold_loss":0.0,"damage_taken":0.0,"cards_obtained":["Limit Break"]}],"is_beta":false,"boss_relics":[{"not_picked":["Snecko Eye","SlaversCollar"],"picked":"Pandora\u0027s Box"},{"not_picked":["SacredBark","Velvet Choker"],"picked":"Tiny House"}],"items_purged_floors":[53],"is_endless":false,"potions_floor_spawned":[2,4,11,16,18,19,25,27,39,40,45],"ascension_level":16}}