{"host":"0msxzbajcl1c78mb","time":1608847793,"event":{"mods":["AchievementEnabler","BaseMod","Colored Map","Colored Powertips","Highlight Path","Minty Spire (QoL Compilation)","Relic Sorter","Relic Stats","StSLib","The Jungle","everything is the same but u backflip on backflip"],"gold_per_floor":[117,134,59,59,59,89,102,131,202,202,237,237,253,283,283,383,383,401,401,301,316,241,241,266,266,266,281,35,0,0,30,30,125,125,138,485,360,410,423,423,452,471,471,484,501,501,533,212,212,212,212,212,48,76,76],"floor_reached":56,"playtime":3680,"items_purged":["Strike_R","Strike_R","Defend_R","Defend_R","Defend_R"],"score":1839,"play_id":"e491f5bb-6b87-4ae7-a94a-89d76124135d","local_time":"20201224170953","is_ascension_mode":true,"campfire_choices":[{"floor":10,"key":"REST"},{"data":"True Grit","floor":12,"key":"SMITH"},{"data":"Body Slam","floor":15,"key":"SMITH"},{"data":"Immolate","floor":23,"key":"SMITH"},{"data":"Uppercut","floor":25,"key":"SMITH"},{"data":"Uppercut","floor":32,"key":"SMITH"},{"floor":49,"key":"RECALL"},{"data":"Entrench","floor":52,"key":"SMITH"}],"circlet_count":0,"master_deck":["AscendersBane","Defend_R+1","Bash+1","Body Slam+1","True Grit+1","Intimidate","Offering","Immolate+1","Shrug It Off","Flame Barrier+1","Uppercut+1","Uppercut+1","Impervious","Shrug It Off+1","Disarm+1","Metallicize","Entrench+1"],"relics":["Burning Blood","Calipers","Centennial Puzzle","Eternal Feather","Thread and Needle","Strawberry","Sozu","Omamori","Pear","Letter Opener","Art of War","Empty Cage","Old Coin","Lizard Tail","Question Card","Torii","Membership Card","Bronze Scales","TheAbacus","InkBottle"],"acts_visited":["Exordium","TheCity","TheBeyond","TheEnding"],"potions_floor_usage":[11,55],"damage_taken":[{"damage":20,"enemies":"Small Slimes","floor":1,"turns":5},{"damage":8,"enemies":"Jaw Worm","floor":2,"turns":6},{"damage":32,"enemies":"Gremlin Nob","floor":6,"turns":5},{"damage":0,"enemies":"2 Louse","floor":7,"turns":3},{"damage":34,"enemies":"3 Sentries","floor":8,"turns":19},{"damage":31,"enemies":"Lagavulin","floor":11,"turns":10},{"damage":0,"enemies":"2 Fungi Beasts","floor":13,"turns":5},{"damage":27,"enemies":"The Guardian","floor":16,"turns":12},{"damage":6,"enemies":"3 Byrds","floor":18,"turns":4},{"damage":6,"enemies":"Spheric Guardian","floor":21,"turns":5},{"damage":6,"enemies":"Book of Stabbing","floor":24,"turns":5},{"damage":0,"enemies":"Snake Plant","floor":27,"turns":3},{"damage":1,"enemies":"Slavers","floor":31,"turns":5},{"damage":38,"enemies":"Collector","floor":33,"turns":8},{"damage":0,"enemies":"Orb Walker","floor":35,"turns":4},{"damage":25,"enemies":"2 Orb Walkers","floor":36,"turns":4},{"damage":6,"enemies":"Mind Bloom Boss Battle","floor":38,"turns":4},{"damage":0,"enemies":"3 Darklings","floor":39,"turns":3},{"damage":7,"enemies":"Reptomancer","floor":41,"turns":6},{"damage":6,"enemies":"Jaw Worm Horde","floor":42,"turns":3},{"damage":12,"enemies":"Writhing Mass","floor":44,"turns":8},{"damage":14,"enemies":"3 Darklings","floor":45,"turns":4},{"damage":8,"enemies":"Nemesis","floor":47,"turns":9},{"damage":6,"enemies":"Time Eater","floor":50,"turns":19},{"damage":56,"enemies":"Shield and Spear","floor":54,"turns":11},{"damage":133,"enemies":"The Heart","floor":55,"turns":14}],"seed_played":"-8047103939088794979","potions_obtained":[{"floor":8,"key":"Ancient Potion"},{"floor":11,"key":"Ancient Potion"}],"is_trial":false,"path_per_floor":["M","M","$","?","?","E","M","E","T","R","E","R","M","?","R","B",null,"M","?","$","M","?","R","E","R","T","M","$","?","$","E","R","B",null,"M","?","$","?","M","?","E","M","T","M","M","?","E","$","R","B",null,"R","$","E","B",null],"character_chosen":"IRONCLAD","items_purchased":["Letter Opener","Membership Card","Entrench","Bronze Scales","TheAbacus"],"campfire_rested":1,"item_purchase_floors":[28,48,48,48,53],"current_hp_per_floor":[53,51,51,32,64,38,44,16,16,50,25,31,37,44,53,32,85,85,64,64,64,64,73,73,82,92,98,98,98,98,103,112,80,109,115,96,96,96,102,102,101,101,101,95,87,87,85,85,94,94,112,118,118,68,16],"gold":76,"neow_bonus":"TWENTY_PERCENT_HP_BONUS","is_daily":false,"chose_seed":false,"campfire_upgraded":6,"win_rate":0.0,"timestamp":1608847793,"path_taken":["M","M","$","?","?","E","M","E","T","R","E","R","M","?","R","BOSS","M","?","$","M","?","R","E","R","T","M","$","?","?","E","R","BOSS","M","?","$","?","M","?","E","M","T","M","M","?","E","$","R","BOSS","R","$","E","BOSS"],"items_purchased_type":["Relic","Relic","Card","Relic","Relic"],"build_version":"2020-12-22","purchased_purges":5,"victory":true,"max_hp_per_floor":[96,96,96,96,96,96,96,96,96,96,96,96,96,103,103,103,103,103,108,108,108,108,108,108,108,118,118,118,118,118,118,118,118,118,118,118,118,118,118,118,118,118,118,118,118,118,118,118,118,118,118,118,118,118,118],"relic_stats":{"Torii":70,"counters":[26,184],"Eternal Feather":63,"Letter Opener":[222],"Question Card":5,"Burning Blood":156,"Sozu":10,"Centennial Puzzle":[51],"Lizard Tail":59,"TheAbacus":[66],"Bronze Scales":[327],"Art of War":[20],"obtain_stats":[{"Calipers":6,"Pear":26,"Torii":47,"Eternal Feather":9,"Thread and Needle":11,"Omamori":24,"Letter Opener":28,"Empty Cage":34,"Question Card":41,"Burning Blood":0,"Old Coin":36,"Sozu":17,"Centennial Puzzle":8,"Lizard Tail":38,"TheAbacus":53,"Strawberry":14,"Bronze Scales":48,"Art of War":31,"Membership Card":48,"InkBottle":54},{"Calipers":3,"Pear":11,"Torii":23,"Eternal Feather":5,"Thread and Needle":6,"Omamori":11,"Letter Opener":12,"Empty Cage":14,"Question Card":19,"Burning Blood":0,"Old Coin":16,"Sozu":8,"Centennial Puzzle":5,"Lizard Tail":17,"TheAbacus":24,"Strawberry":7,"Bronze Scales":23,"Art of War":13,"Membership Card":23,"InkBottle":25},{"Calipers":16,"Pear":79,"Torii":140,"Eternal Feather":38,"Thread and Needle":48,"Omamori":79,"Letter Opener":82,"Empty Cage":95,"Question Card":116,"Burning Blood":0,"Old Coin":103,"Sozu":65,"Centennial Puzzle":38,"Lizard Tail":107,"TheAbacus":159,"Strawberry":53,"Bronze Scales":140,"Art of War":87,"Membership Card":140,"InkBottle":170}],"InkBottle":[4]},"card_choices":[{"not_picked":["Wild Strike","Sentinel","Combust"],"picked":"SKIP","floor":1},{"not_picked":["Hemokinesis","True Grit"],"picked":"Body Slam","floor":2},{"not_picked":["Disarm","Infernal Blade"],"picked":"Shrug It Off","floor":6},{"not_picked":["Thunderclap","Hemokinesis"],"picked":"True Grit","floor":7},{"not_picked":["Flex","Heavy Blade","Cleave"],"picked":"SKIP","floor":8},{"not_picked":["Warcry","Hemokinesis"],"picked":"Intimidate","floor":11},{"not_picked":["Pommel Strike","True Grit"],"picked":"Offering","floor":13},{"not_picked":["Barricade","Feed"],"picked":"Immolate","floor":16},{"not_picked":["Iron Wave","Armaments"],"picked":"Shrug It Off","floor":18},{"not_picked":["Power Through","Wild Strike+1"],"picked":"Flame Barrier+1","floor":21},{"not_picked":["Cleave","Sword Boomerang"],"picked":"Uppercut","floor":24},{"not_picked":["Whirlwind","Clothesline","Cleave"],"picked":"SKIP","floor":27},{"not_picked":["Sword Boomerang","Pommel Strike"],"picked":"Uppercut","floor":31},{"not_picked":["Barricade","Reaper"],"picked":"Impervious","floor":33},{"not_picked":["Inflame","Warcry","Power Through"],"picked":"SKIP","floor":35},{"not_picked":["Perfected Strike","Flex+1","Sword Boomerang+1"],"picked":"SKIP","floor":39},{"not_picked":["Bludgeon","Perfected Strike","Wild Strike"],"picked":"SKIP","floor":41},{"not_picked":["Wild Strike","Anger","Cleave+1"],"picked":"Shrug It Off+1","floor":42},{"not_picked":["Perfected Strike+1","Inflame","Body Slam+1"],"picked":"Disarm+1","floor":44},{"not_picked":["Dark Embrace","Sever Soul+1","Rupture"],"picked":"Metallicize","floor":45},{"not_picked":["Reckless Charge","Clash+1","Barricade","True Grit"],"picked":"SKIP","floor":47},{"not_picked":["Reckless Charge+1","Sword Boomerang","Thunderclap","Combust+1"],"picked":"SKIP","floor":54}],"player_experience":294693,"relics_obtained":[{"floor":6,"key":"Calipers"},{"floor":8,"key":"Centennial Puzzle"},{"floor":9,"key":"Eternal Feather"},{"floor":11,"key":"Thread and Needle"},{"floor":24,"key":"Omamori"},{"floor":26,"key":"Pear"},{"floor":31,"key":"Art of War"},{"floor":36,"key":"Old Coin"},{"floor":38,"key":"Lizard Tail"},{"floor":41,"key":"Question Card"},{"floor":47,"key":"Torii"},{"floor":54,"key":"InkBottle"}],"event_choices":[{"damage_healed":0,"gold_gain":0,"player_choice":"Entered Light","damage_taken":19,"max_hp_gain":0,"max_hp_loss":0,"event_name":"Shining Light","floor":4,"gold_loss":0,"cards_upgraded":["Bash","Defend_R"]},{"damage_healed":32,"gold_gain":0,"player_choice":"Banana","damage_taken":0,"max_hp_gain":0,"max_hp_loss":0,"event_name":"Big Fish","floor":5,"gold_loss":0},{"damage_healed":0,"gold_gain":30,"player_choice":"Searched \u00273\u0027 times","damage_taken":0,"relics_obtained":["Strawberry"],"max_hp_gain":0,"max_hp_loss":0,"event_name":"Dead Adventurer","floor":14,"gold_loss":0},{"damage_healed":0,"gold_gain":0,"player_choice":"Shed Blood","damage_taken":26,"max_hp_gain":5,"max_hp_loss":0,"event_name":"Forgotten Altar","floor":19,"gold_loss":0},{"cards_removed":["Strike_R"],"damage_healed":0,"gold_gain":0,"player_choice":"Gave Gold","damage_taken":0,"max_hp_gain":0,"max_hp_loss":0,"event_name":"Beggar","floor":22,"gold_loss":75},{"damage_healed":0,"gold_gain":0,"player_choice":"Paid Fearfully","damage_taken":0,"max_hp_gain":0,"max_hp_loss":0,"event_name":"Masked Bandits","floor":29,"gold_loss":35},{"damage_healed":0,"gold_gain":0,"player_choice":"Fight","damage_taken":0,"max_hp_gain":0,"max_hp_loss":0,"event_name":"Mysterious Sphere","floor":36,"gold_loss":0},{"damage_healed":0,"gold_gain":0,"player_choice":"Fight","damage_taken":0,"max_hp_gain":0,"max_hp_loss":0,"event_name":"MindBloom","floor":38,"gold_loss":0},{"damage_healed":0,"gold_gain":0,"player_choice":"Ignored","damage_taken":0,"max_hp_gain":0,"max_hp_loss":0,"event_name":"Tomb of Lord Red Mask","floor":40,"gold_loss":0},{"cards_removed":["Shrug It Off"],"damage_healed":0,"gold_gain":0,"player_choice":"Removed Skill","damage_taken":0,"max_hp_gain":0,"max_hp_loss":0,"event_name":"Falling","floor":46,"gold_loss":0}],"is_beta":false,"boss_relics":[{"not_picked":["Snecko Eye","Fusion Hammer"],"picked":"Sozu"},{"not_picked":["SacredBark","Black Blood"],"picked":"Empty Cage"}],"items_purged_floors":[3,20,37,48,53],"is_endless":false,"potions_floor_spawned":[8,11,21,27,31,33,35,39,41,42,44,54],"ascension_level":10}}