{"host":"373g0ui1bgeshz9m","time":1608777233,"event":{"mods":["Act Like it!","Aspiration","BaseMod","Beaked The Cultist","Better Third Choice","Colored Map","Conspire","Downfall","Halation","Hermit","Hubris","Infinite Spire","Jorbs\u0027s Wanderer Trilogy","Minty Spire (QoL Compilation)","Pale of the Ancients","Permanent Neow","Quick Restart","Replay The Spire","Shade Mod","Shop Mod","Spikes Relics","StSLib","The Animator","The Bladedancer","The Bug Knight","The Construct","The Cursed","The Factory","The Florist","The Judge","The Jungle","The Necromancer","The Sage","The Wild Card","Trackpad","vexMod"],"gold_per_floor":[118,68,107,107,71,109,123,168,168,243,276,276,17,30,30,137,137,158,14,14,34,34,34,72,72,72,119,119,150,181,216,216,331,331,344,371,371,420,193,193,193,139,139,101,131,131,204,223,223,223],"floor_reached":51,"playtime":2357,"items_purged":[],"score":830,"play_id":"879fbfc2-05a4-48da-ad72-1c4e6f654f5c","local_time":"20201223213353","is_ascension_mode":true,"campfire_choices":[{"floor":12.0,"key":"REST"},{"data":"Summon_Undead","floor":15.0,"key":"SMITH"},{"floor":23.0,"key":"REST"},{"data":"Summon_Undead","floor":25.0,"key":"SMITH"},{"data":"Slay_Living","floor":28.0,"key":"SMITH"},{"floor":32.0,"key":"REST"},{"data":"HollowMod:CycloneSlash","floor":40.0,"key":"SMITH"},{"data":"Vault","floor":40.0,"key":"SMITH"},{"data":"Summon_Undead","floor":46.0,"key":"SMITH"},{"data":"ReplayTheSpireMod:Faulty Equipment","floor":46.0,"key":"SMITH"},{"floor":49,"key":"DIG"}],"circlet_count":0,"master_deck":["Strike_W","Strike_W","Strike_W","Strike_W","Defend_W","Defend_W","Defend_W","Defend_W","Negative_Energy_Arrows","Bone_Wall","Bone_Spikes","conspire:SpireCoStock","Summon_Undead+1","Vampiric_Strike","Summon_Undead+1","Slay_Living+1","Negative_Energy_Shield","Grasp_Heart","Pray+1","Spectral_Armor","HollowMod:PerfectDash","Ball Lightning","HollowMod:CycloneSlash+1","Vault+1","ReplayTheSpireMod:Compounding Headache","stsjorbsmod:PollutedStrike","Rebound+1","Necrotic_Claws","FollowUp","Summon_Undead+1"],"relics":["Vampire_Amulet","aspiration:Nostalgia","PureWater","hubris:Towel","halation:PromiseList","infinitespire:Beetle Shell","Mercury Hourglass","Replay:WaspNest","aspiration:WatcherSkillbook","Tiny Chest","PrismaticShard","trackpad:ByrdCharm","Pen Nib","Replay:Ancient Bell","MealTicket","trackpad:DisasterInABottle","vexMod:CardConverter","Replay:Arrowhead","halation:LettersToHer","Vajra","Bag of Marbles","SpikesRelics:DaevaFist","RetroEgg","aspiration:TomeofQuesting"],"acts_visited":["Exordium","TheCity","TheBeyond"],"potions_floor_usage":[50,50],"damage_taken":[{"damage":0.0,"enemies":"2 Louse","floor":1.0,"turns":3.0},{"damage":6.0,"enemies":"Jaw Worm","floor":3.0,"turns":3.0},{"damage":27.0,"enemies":"3 Sentries","floor":6.0,"turns":7.0},{"damage":0.0,"enemies":"Cultist","floor":7.0,"turns":3.0},{"damage":25.0,"enemies":"Lagavulin","floor":8.0,"turns":6.0},{"damage":9.0,"enemies":"Exordium Thugs","floor":11.0,"turns":3.0},{"damage":3.0,"enemies":"Blue Slaver","floor":14.0,"turns":3.0},{"damage":11.0,"enemies":"The Guardian","floor":16.0,"turns":7.0},{"damage":11.0,"enemies":"Spheric Guardian","floor":18.0,"turns":3.0},{"damage":36.0,"enemies":"Centurion and Healer","floor":21.0,"turns":7.0},{"damage":22.0,"enemies":"Snake Plant","floor":24.0,"turns":3.0},{"damage":5.0,"enemies":"HollowMod:Nosk","floor":27.0,"turns":6.0},{"damage":3.0,"enemies":"conspire:HollyBat","floor":29.0,"turns":7.0},{"damage":3.0,"enemies":"Chosen and Byrds","floor":30.0,"turns":5.0},{"damage":22.0,"enemies":"Snake Plant","floor":31.0,"turns":5.0},{"damage":9.0,"enemies":"Collector","floor":33.0,"turns":6.0},{"damage":13.0,"enemies":"3 Darklings","floor":35.0,"turns":5.0},{"damage":0.0,"enemies":"3 Shapes","floor":36.0,"turns":5.0},{"damage":14.0,"enemies":"Nemesis","floor":45.0,"turns":5.0},{"damage":3.0,"enemies":"Sphere and 2 Shapes","floor":48.0,"turns":2.0},{"damage":41,"enemies":"infinitespire:MassOfShapes","floor":50,"turns":8}],"seed_played":"-8540977727095947223","potions_obtained":[{"floor":8.0,"key":"SpeedPotion"},{"floor":14.0,"key":"ColorlessPotion"},{"floor":24.0,"key":"AttackPotion"},{"floor":33.0,"key":"Fire Potion"}],"is_trial":false,"path_per_floor":["M","?","M","?","$","E","M","E","T","?","M","R","$","M","R","B",null,"M","$","?","M","?","R","M","R","T","E","R","M","M","M","R_BF","B",null,"M","M","AVR","T","$","R","?","$","T","$","E","R","T","M","R_BF","B",null],"character_chosen":"NECROMANCER","items_purchased":["Summon_Undead","Replay:WaspNest","Tiny Chest","Necrotic_Claws","Vajra","FollowUp","Summon_Undead"],"campfire_rested":3,"item_purchase_floors":[5,13,19,39,39,42,44],"current_hp_per_floor":[75,75,71,71,71,71,75,61,61,50,47,69,69,68,68,71,75,69,69,75,60,52,74,54,54,54,53,53,64,75,58,75,72,81,70,81,81,81,85,85,85,87,87,89,77,77,77,80,80,72],"gold":223,"neow_bonus":"NOSTALGIA","is_daily":false,"chose_seed":false,"campfire_upgraded":7,"win_rate":0.0,"timestamp":1608777233,"path_taken":["M","?","M","?","$","E","?","E","T","?","M","R","$","M","R","BOSS","M","$","?","M","?","R","M","R","T","E","R","?","M","M","R_BF","BOSS","M","M","AVR","?","?","R","?","$","T","?","E","R","?","M","R_BF","BOSS"],"items_purchased_type":["Card","Relic","Relic","Card","Relic","Card","Card"],"build_version":"2020-12-22","purchased_purges":0,"victory":true,"max_hp_per_floor":[75,75,75,75,75,75,75,75,75,75,75,75,75,75,75,75,75,75,75,75,75,75,75,75,75,75,75,75,75,75,75,75,75,81,81,83,83,83,85,85,85,87,87,89,89,89,89,89,89,89],"card_choices":[{"not_picked":["Death_Knell","Blood_for_Blood"],"picked":"Bone_Spikes","floor":1.0},{"not_picked":["Chill_Blood","Scare","Shackles_Of_Pain"],"picked":"SKIP","floor":3.0},{"not_picked":["Negative_Energy_Javelin","Bones_to_Steel"],"picked":"Vampiric_Strike","floor":6.0},{"not_picked":["Negative_Energy_Sphere","Pandemic"],"picked":"Summon_Undead","floor":7.0},{"not_picked":["Scare","Blood_Is_Power"],"picked":"Slay_Living","floor":8.0},{"not_picked":["Life_Tap","Blood_Whip","Scare"],"picked":"SKIP","floor":11.0},{"not_picked":["Bones_to_Steel","Blood_Shield"],"picked":"Negative_Energy_Shield","floor":14.0},{"not_picked":["Blood_Wake","Hellfire"],"picked":"Grasp_Heart","floor":16.0},{"not_picked":["Blood_for_Blood","Blood_Whip","Replay:Cycle","Exploit"],"picked":"SKIP","floor":18.0},{"not_picked":["Bone_Spikes","Vengeance","Slay_Living"],"picked":"Pray+1","floor":21.0},{"not_picked":["Ragnarok","ForeignInfluence","Death_March_Dance"],"picked":"Spectral_Armor","floor":22.0},{"not_picked":["blademaster:Slice","TheCursedMod:Torture","Replay:SS_forest_5","Slimebound:SplitBruiser"],"picked":"SKIP","floor":24.0},{"not_picked":["blademaster:ThunderSlash","hermit:ItchyTrigger+1","champ:BerserkerStyle"],"picked":"HollowMod:PerfectDash","floor":27.0},{"not_picked":["stsjorbsmod:FindWeakness","TheCursedMod:SpitefulStrike","animator:Tyuule","stsjorbsmod:DoubleCheck"],"picked":"SKIP","floor":29.0},{"not_picked":["sneckomod:UnknownClassBLUE+1","TheCursedMod:CursedMace","hexamod:NightmareStrike+1"],"picked":"Ball Lightning","floor":30.0},{"not_picked":["hubris:Sniper+1","sagemod:How_To_Warm_Elephants+1","champ:AdrenalArmor+1"],"picked":"HollowMod:CycloneSlash","floor":31.0},{"not_picked":["theWildCard:AllOutAttack","Shade:SelfBurial","Glass Knife"],"picked":"Vault","floor":33.0},{"not_picked":["Guardian:Aged","WordoMod:Infected","Notoriety"],"picked":"ReplayTheSpireMod:Compounding Headache","floor":34.0},{"not_picked":["hubris:Sloth","hubris:Compulsion","Notoriety"],"picked":"stsjorbsmod:PollutedStrike","floor":34.0},{"not_picked":["hubris:Compulsion","ReplayTheSpireMod:Splinters","Replay:Hysterical Blindness"],"picked":"ReplayTheSpireMod:Faulty Equipment","floor":34.0},{"not_picked":["animator:Shion","Force Field","stsjorbsmod:ParryingBlow+1","hermit:ItchyTrigger"],"picked":"SKIP","floor":35.0},{"not_picked":["hexamod:GhostLash+1","hermit:Quickdraw","Thunderclap"],"picked":"Rebound+1","floor":36.0},{"not_picked":["blademaster:CombatPrep","animator:Alexander+1","animator:Emilia","HollowMod:SiblingsShadow+1"],"picked":"SKIP","floor":45.0},{"not_picked":["sneckomod:SoulRoll+1","blademaster:Sunder+1","animator:CowGirl","animator:Verdia+1"],"picked":"SKIP","floor":48.0}],"player_experience":340935,"relics_obtained":[{"floor":6.0,"key":"halation:PromiseList"},{"floor":8.0,"key":"infinitespire:Beetle Shell"},{"floor":9.0,"key":"Mercury Hourglass"},{"floor":22.0,"key":"PrismaticShard"},{"floor":26.0,"key":"trackpad:ByrdCharm"},{"floor":27.0,"key":"Pen Nib"},{"floor":38.0,"key":"halation:LettersToHer"},{"floor":43.0,"key":"halation:LettersToHer"},{"floor":43.0,"key":"Bag of Marbles"},{"floor":45.0,"key":"SpikesRelics:DaevaFist"},{"floor":47.0,"key":"halation:LettersToHer"},{"floor":47.0,"key":"RetroEgg"},{"floor":49,"key":"aspiration:TomeofQuesting"}],"event_choices":[{"damage_healed":0.0,"max_hp_gain":0.0,"max_hp_loss":0.0,"gold_gain":0.0,"event_name":"conspire:Investor","player_choice":"Invest 1","floor":2.0,"gold_loss":0.0,"damage_taken":0.0},{"damage_healed":0.0,"max_hp_gain":0.0,"max_hp_loss":0.0,"gold_gain":75.0,"event_name":"betterThird:BetterGoop","player_choice":"Gold","floor":10.0,"gold_loss":0.0,"damage_taken":11.0}],"is_beta":false,"boss_relics":[{"not_picked":["conspire:RunicOctahedron","sagemod:Falmels_Amulet"],"picked":"aspiration:WatcherSkillbook"},{"not_picked":["construct:ClawGrip","Tiny House"],"picked":"Replay:Ancient Bell"},{"not_picked":["halation:AfternoonTea","War Paint"],"picked":"MealTicket"},{"not_picked":["construct:FoamFinger","Replay:Bottled Steam"],"picked":"trackpad:DisasterInABottle"},{"not_picked":["hubris:Zylophone","Durian"],"picked":"vexMod:CardConverter"}],"items_purged_floors":[],"is_endless":false,"potions_floor_spawned":[8,14,24,29,33,48],"ascension_level":3}}