{"host":"12piqfhmdln9x2la","time":1608799812,"event":{"mods":["2.2 Compatiblity","AchievementEnabler","BaseMod","BetterRewards","Colored Powertips","Minty Spire (QoL Compilation)","Quick Restart","SuperFastMode"],"gold_per_floor":[110,110,129,143,143,175,175],"floor_reached":6,"playtime":70,"items_purged":[],"score":51,"play_id":"0a325666-f3af-476d-be43-295707961bf9","local_time":"20201224175012","is_ascension_mode":true,"campfire_choices":[],"circlet_count":0,"master_deck":["Strike_R","Strike_R","Strike_R","Strike_R","Strike_R","Defend_R","Defend_R","Defend_R","Defend_R","Bash","Armaments+1","Twin Strike","Heavy Blade","Shockwave"],"relics":["Burning Blood","NeowsBlessing","Omamori","Juzu Bracelet"],"acts_visited":["Exordium"],"potions_floor_usage":[],"damage_taken":[{"damage":0,"enemies":"Jaw Worm","floor":1,"turns":1},{"damage":0,"enemies":"Cultist","floor":3,"turns":1},{"damage":0,"enemies":"2 Louse","floor":4,"turns":1},{"damage":58,"enemies":"Gremlin Nob","floor":6,"turns":6}],"seed_played":"-6888140124752704492","potions_obtained":[{"floor":1,"key":"DistilledChaos"},{"floor":3,"key":"Block Potion"},{"floor":6,"key":"BloodPotion"}],"is_trial":false,"path_per_floor":["M","?","M","M","?","E"],"character_chosen":"IRONCLAD","items_purchased":[],"campfire_rested":0,"item_purchase_floors":[],"current_hp_per_floor":[80,80,80,80,77,25,25],"gold":175,"neow_bonus":"THREE_ENEMY_KILL","is_daily":false,"chose_seed":false,"campfire_upgraded":0,"win_rate":0.0,"timestamp":1608799812,"path_taken":["M","?","M","?","?","E"],"items_purchased_type":[],"build_version":"2020-12-22","purchased_purges":0,"victory":false,"max_hp_per_floor":[80,80,80,80,80,80,80],"card_choices":[{"not_picked":["Battle Trance","Evolve"],"picked":"Armaments","floor":1},{"not_picked":["Headbutt","Searing Blow"],"picked":"Twin Strike","floor":3},{"not_picked":["Dropkick","Rage"],"picked":"Heavy Blade","floor":4},{"not_picked":["Evolve","Body Slam"],"picked":"Shockwave","floor":6}],"player_experience":114944,"relics_obtained":[{"floor":6,"key":"Juzu Bracelet"}],"event_choices":[{"damage_healed":0,"gold_gain":0,"player_choice":"Upgraded","damage_taken":0,"max_hp_gain":0,"max_hp_loss":0,"event_name":"Upgrade Shrine","floor":2,"gold_loss":0,"cards_upgraded":["Armaments"]},{"damage_healed":0,"gold_gain":0,"player_choice":"Success","damage_taken":3,"relics_obtained":["Omamori"],"max_hp_gain":0,"max_hp_loss":0,"event_name":"Scrap Ooze","floor":5,"gold_loss":0}],"is_beta":false,"boss_relics":[],"items_purged_floors":[],"is_endless":false,"potions_floor_spawned":[1,3,6],"killed_by":"Gremlin Nob","ascension_level":2}}