{"host":"fhwr1fuluf6086fh","time":1608768821,"event":{"mods":["2.2 Compatiblity","Act Like it!","BaseMod","Elementarium","Hermit","Minty Spire (QoL Compilation)","Robot Space Explorer","StSLib","The Blue Laboratory","The Dragon Tamer","The Factory","The Hierophant","TheLocksmith"],"gold_per_floor":[112,129,140,121,131,161,161,179,179,179,197,197],"floor_reached":11,"playtime":1755,"items_purged":[],"score":102,"play_id":"397d1ed4-d1db-4edf-b8dd-6bbf1220210a","local_time":"20201223191341","is_ascension_mode":false,"campfire_choices":[{"data":"hierophant:EyeForCoin","floor":7,"key":"SMITH"},{"data":"hierophant:Punish","floor":10,"key":"SMITH"}],"circlet_count":0,"master_deck":["hierophant:Strike_Hierophant","hierophant:Strike_Hierophant","hierophant:Strike_Hierophant","hierophant:Strike_Hierophant","hierophant:Punish+1","hierophant:Defend_Hierophant","hierophant:Defend_Hierophant","hierophant:Defend_Hierophant","hierophant:Defend_Hierophant","hierophant:ChurchCoffers","hierophant:Encroach","hierophant:PristineSoul","hierophant:Embezzle","hierophant:EyeForCoin+1","hierophant:Doubloon","hierophant:Zeal","hierophant:Doubloon","hierophant:Doubloon","hierophant:RecallFunds","hierophant:Doubloon+1","hierophant:Doubloon","hierophant:Refuge","hierophant:Doubloon+1"],"relics":["hierophant:PropheticMaskRelic","Darkstone Periapt","Question Card"],"acts_visited":["Exordium"],"potions_floor_usage":[6],"damage_taken":[{"damage":1,"enemies":"Jaw Worm","floor":1,"turns":4},{"damage":0,"enemies":"2 Louse","floor":2,"turns":2},{"damage":3,"enemies":"Cultist","floor":3,"turns":5},{"damage":3,"enemies":"Exordium Thugs","floor":4,"turns":3},{"damage":4,"enemies":"2 Fungi Beasts","floor":5,"turns":5},{"damage":8,"enemies":"3 Sentries","floor":6,"turns":8},{"damage":2,"enemies":"Blue Slaver","floor":8,"turns":4},{"damage":66,"enemies":"Gremlin Nob","floor":11,"turns":4}],"seed_played":"-5560773386000289084","potions_obtained":[{"floor":4,"key":"LiquidBronze"}],"is_trial":false,"path_per_floor":["M","M","M","M","M","E","R","M","T","R","E"],"character_chosen":"HIEROPHANT","items_purchased":[],"campfire_rested":0,"item_purchase_floors":[],"current_hp_per_floor":[81,81,78,75,71,63,63,61,61,61,0,0],"gold":197,"neow_bonus":"TEN_PERCENT_HP_BONUS","is_daily":false,"chose_seed":false,"campfire_upgraded":2,"win_rate":0.0,"timestamp":1608768821,"path_taken":["M","M","M","M","M","E","R","M","T","R","E"],"items_purchased_type":[],"build_version":"2020-12-22","purchased_purges":0,"victory":false,"max_hp_per_floor":[82,82,82,82,82,82,82,82,82,82,82,82],"card_choices":[{"not_picked":["hierophant:Sermon","hierophant:DisplayOfPower"],"picked":"hierophant:Encroach","floor":1},{"not_picked":["hierophant:Doubloon","hierophant:Sermon"],"picked":"hierophant:PristineSoul","floor":2},{"not_picked":["hierophant:Remorse","hierophant:AuricBeam"],"picked":"hierophant:Embezzle","floor":3},{"not_picked":["hierophant:Prophecy","hierophant:Zeal"],"picked":"hierophant:EyeForCoin","floor":4},{"not_picked":["hierophant:Anathema","hierophant:Shelter"],"picked":"hierophant:Zeal","floor":5},{"not_picked":["hierophant:Mercenaries","hierophant:Dazzle"],"picked":"hierophant:RecallFunds","floor":6},{"not_picked":["hierophant:CoinFling","hierophant:HammerAndAnvil"],"picked":"hierophant:Refuge","floor":8}],"player_experience":793003,"relics_obtained":[{"floor":6,"key":"Darkstone Periapt"},{"floor":9,"key":"Question Card"}],"event_choices":[],"is_beta":false,"boss_relics":[],"items_purged_floors":[],"is_endless":false,"potions_floor_spawned":[4],"killed_by":"Gremlin Nob","ascension_level":0}}