{"host":"xb2tau8pgi8aflss","time":1608824255,"event":{"mods":["AchievementEnabler","BaseMod","Hermit","Minty Spire (QoL Compilation)","StSLib","SuperFastMode"],"gold_per_floor":[112,132,142,142,153,153,166,176,201,201,58,73,23,23,23,122,122,135,146,146,174,128,128,128,128,128,138,189,189,201,219,219,219,219],"floor_reached":33,"playtime":908,"items_purged":[],"score":324,"play_id":"b57a5ddf-6711-4bcb-9e2d-2a5c88b54fe4","local_time":"20201225003735","is_ascension_mode":true,"campfire_choices":[{"data":"Sunder","floor":6,"key":"SMITH"},{"data":"Self Repair","floor":10,"key":"SMITH"},{"data":"Conserve Battery","floor":15,"key":"SMITH"},{"floor":23,"key":"REST"},{"data":"Sunder","floor":25,"key":"SMITH"},{"floor":32,"key":"REST"}],"circlet_count":0,"master_deck":["Strike_B","Defend_B","Defend_B","Defend_B","Zap","Conserve Battery+1","Sunder+1","FTL","Self Repair+1","All For One","Beam Cell","Go for the Eyes","Core Surge+1","Echo Form+1","Undo+1","Auto Shields","Sunder+1","Go for the Eyes","Gash","Double Energy","Go for the Eyes","Go for the Eyes+1"],"relics":["Cracked Core","PreservedInsect","Peace Pipe","Ancient Tea Set","Astrolabe","Red Mask","StrikeDummy","Strawberry"],"acts_visited":["Exordium","TheCity"],"potions_floor_usage":[11,16,21,21,33],"damage_taken":[{"damage":1,"enemies":"Cultist","floor":1,"turns":3},{"damage":12,"enemies":"Jaw Worm","floor":2,"turns":3},{"damage":4,"enemies":"Small Slimes","floor":3,"turns":3},{"damage":26,"enemies":"Exordium Thugs","floor":5,"turns":4},{"damage":1,"enemies":"Looter","floor":7,"turns":3},{"damage":18,"enemies":"Red Slaver","floor":8,"turns":4},{"damage":1,"enemies":"Exordium Thugs","floor":12,"turns":4},{"damage":23,"enemies":"Hexaghost","floor":16,"turns":7},{"damage":25,"enemies":"2 Thieves","floor":18,"turns":4},{"damage":23,"enemies":"Spheric Guardian","floor":19,"turns":4},{"damage":25,"enemies":"Masked Bandits","floor":21,"turns":4},{"damage":3,"enemies":"Chosen and Byrds","floor":27,"turns":3},{"damage":18,"enemies":"Snake Plant","floor":30,"turns":5},{"damage":29,"enemies":"Sentry and Sphere","floor":31,"turns":6},{"damage":41,"enemies":"Champ","floor":33,"turns":7}],"seed_played":"7445381437378856856","potions_obtained":[{"floor":1,"key":"PowerPotion"},{"floor":3,"key":"SpeedPotion"},{"floor":7,"key":"FearPotion"},{"floor":12,"key":"DuplicationPotion"},{"floor":18,"key":"Fire Potion"},{"floor":27,"key":"LiquidBronze"}],"is_trial":false,"path_per_floor":["M","M","M","T","M","R","M","M","T","R","$","M","?","?","R","B",null,"M","M","?","?","$","R","?","R","T","M","T","?","M","M","R","B"],"character_chosen":"DEFECT","items_purchased":["Beam Cell","Fruit Juice","Gash"],"campfire_rested":2,"item_purchase_floors":[11,11,22],"current_hp_per_floor":[74,62,58,58,32,32,31,20,20,20,25,34,34,34,34,21,65,50,37,37,12,12,36,36,36,36,33,40,40,32,13,39,0,0],"gold":219,"neow_bonus":"RANDOM_COMMON_RELIC","is_daily":false,"chose_seed":false,"campfire_upgraded":4,"win_rate":0.0,"timestamp":1608824255,"path_taken":["M","M","?","?","?","R","M","M","T","R","$","M","?","?","R","BOSS","M","M","?","?","$","R","?","R","T","?","?","?","M","?","R","BOSS"],"items_purchased_type":["Card","Potion","Card"],"build_version":"2020-12-22","purchased_purges":0,"victory":false,"max_hp_per_floor":[75,75,75,75,75,75,75,75,75,75,80,80,80,80,80,80,80,80,80,80,80,80,80,80,80,80,80,87,87,87,87,87,87,87],"card_choices":[{"not_picked":["Undo","Conserve Battery"],"picked":"Capacitor","floor":1},{"not_picked":["Undo","Rip and Tear"],"picked":"Conserve Battery","floor":2},{"not_picked":["Compile Driver","Stack"],"picked":"Sunder","floor":3},{"not_picked":["Undo","Beam Cell"],"picked":"FTL","floor":5},{"not_picked":["Turbo","Stack"],"picked":"Self Repair","floor":7},{"not_picked":["Compile Driver","Turbo"],"picked":"All For One","floor":8},{"not_picked":["Steam Power","Capacitor"],"picked":"Go for the Eyes","floor":12},{"not_picked":["Electrodynamics","All For One"],"picked":"Core Surge","floor":16},{"not_picked":["Reinforced Body","Force Field","Static Discharge"],"picked":"SKIP","floor":18},{"not_picked":["Compile Driver","Stack"],"picked":"Undo+1","floor":19},{"not_picked":["Recycle+1","Melter+1"],"picked":"Go for the Eyes","floor":21},{"not_picked":["Rebound","Turbo"],"picked":"Double Energy","floor":27},{"not_picked":["Lockon","Ball Lightning"],"picked":"Go for the Eyes","floor":30},{"not_picked":["Melter","Turbo"],"picked":"Go for the Eyes+1","floor":31}],"player_experience":758130,"relics_obtained":[{"floor":4,"key":"Peace Pipe"},{"floor":9,"key":"Ancient Tea Set"},{"floor":21,"key":"Red Mask"},{"floor":26,"key":"StrikeDummy"},{"floor":28,"key":"Strawberry"}],"event_choices":[{"cards_removed":["Strike_B"],"damage_healed":0,"gold_gain":0,"player_choice":"Card Removal","damage_taken":0,"max_hp_gain":0,"max_hp_loss":0,"event_name":"The Cleric","floor":13,"gold_loss":50},{"cards_removed":["Defend_B"],"damage_healed":0,"gold_gain":0,"player_choice":"Purged","damage_taken":0,"max_hp_gain":0,"max_hp_loss":0,"event_name":"Purifier","floor":14,"gold_loss":0},{"damage_healed":0,"gold_gain":0,"cards_transformed":["Heatsinks","Dualcast"],"player_choice":"Became Test Subject","damage_taken":0,"max_hp_gain":0,"max_hp_loss":0,"event_name":"Drug Dealer","floor":20,"gold_loss":0,"cards_obtained":["Auto Shields","Sunder"]},{"damage_healed":0,"gold_gain":0,"player_choice":"Fought Bandits","damage_taken":0,"max_hp_gain":0,"max_hp_loss":0,"event_name":"Masked Bandits","floor":21,"gold_loss":0},{"cards_removed":["Core Surge"],"damage_healed":0,"gold_gain":0,"player_choice":"Purged","damage_taken":0,"max_hp_gain":0,"max_hp_loss":0,"event_name":"Purifier","floor":24,"gold_loss":0},{"damage_healed":0,"gold_gain":0,"player_choice":"Bought 0 Potions","damage_taken":0,"max_hp_gain":0,"max_hp_loss":0,"event_name":"The Woman in Blue","floor":29,"gold_loss":0}],"is_beta":false,"boss_relics":[{"not_picked":["Runic Dome","Busted Crown"],"picked":"Astrolabe"}],"items_purged_floors":[],"is_endless":false,"potions_floor_spawned":[1,3,7,12,18,27],"killed_by":"Champ","ascension_level":5}}