{"host":"h7xtspmc2x3i8s2i","time":1608800006,"event":{"mods":["2.2 Compatiblity","AchievementEnabler","Act Like it!","AlwaysNeverKeys","Aspiration","Astrologer","BaseMod","Beaked The Cultist","Bestiary","Better Match","Better Sensory Stone","Better Third Choice","Better Vampires","BetterRewards","Challenge The Spire","Colored Map","Colored Powertips","Colorless Booster Pack","Curses Come First","Defuse TimeMaze Blight","Dio Mod","Downfall","Duelist Mod","EXCEPTION","Energized Spire","Friendly Minions","GifTheSpireLib","Gold Saver","Gremlin Skip","Halation","Hubris","Jedi Mod","Key Reminder","Marked Mod","Minty Spire (QoL Compilation)","Permanent Neow","Random Character Button","Random Character Mod","Rare Cards Sparkle","Relic Filter","Relic Stats","Replay The Spire","SacredBarkPlus","Shop Mod","Somnambulant","Spicy Shops","Spikes Relics","Spire Birthday Party","StSLib","Steal the Spire","Stuff the Spire","SuperFastMode","The Awakened One except there are too many feathers","The Blue Laboratory","The Cursed","The Death Knight","The Dragon Tamer","The Edgeheg","The Hierophant","The Problem Sleuth","The Wild Card","Transform Curses","Unceasing Turn Reminder","everything is the same but u backflip on backflip","slay the spire mod where everything is the same but ironclad has a cowboy hat","vexMod"],"gold_per_floor":[99,117,117,137,137,148,148,4,23,8,8,8,27,43,58,157,157,141,161,179,179,44,54,79,114,39,241,241,258,273,273,290,391,391,316,316,330,347,347,363,363,363,381,401,401,401,401,50,66,66,66,94,41,41,41],"floor_reached":56,"playtime":2838,"items_purged":["champ:Strike","champ:Strike"],"score":1213,"play_id":"5ee5b818-1283-45bb-898e-0d8559ed4aa2","local_time":"20201224035326","is_ascension_mode":false,"campfire_choices":[{"floor":1,"key":"RECALL"},{"floor":11,"key":"REST"},{"floor":26,"key":"REST"},{"data":"champ:Balance","floor":35,"key":"SMITH"},{"data":"champ:ArenaPreparation","floor":47,"key":"SMITH"},{"floor":54,"key":"REST"}],"circlet_count":0,"master_deck":["champ:Strike","champ:Strike","champ:Defend","champ:Defend","champ:Defend","champ:Defend","champ:Execute","champ:Taunt","champ:GutPunch","Berserk+1","champ:GladiatorsShout","champ:Balance+1","champ:ArenaPreparation+1","champ:GutPunch","champ:ArenaPreparation+1","champ:FlashCut","champ:FanOfKnives","champ:DancingMaster","champ:GladiatorsShout+1","champ:FaceSlap","champ:ArenaPreparation+1","Havoc","champ:GutPunch+1","champ:FaceSlap","champ:VampiricStrike","Havoc+1","Reaper","champ:GutPunch","Inflame","champ:IronFortress+1","champ:GutPunch"],"relics":["champ:ChampionCrown","LugNut","aspiration:BabyByrd","aspiration:IroncladSkillbook","downfall:HeartBlessingRed","champ:DefensiveTrainingManual","halation:QuantumPhysicsTextbook","ClockworkSouvenir","Anchor","downfall:HeartBlessingGreen","jedi:matchstick","downfall:HeartBlessingBlue","hubris:Towel","Letter Opener","theSleuth:Tectrixcalibur","hubris:Reverence","MerchantsRug","Bottled Lightning"],"acts_visited":["Exordium","TheCity","TheBeyond","TheEnding"],"potions_floor_usage":[4,8,9,14,16,25,33,33,49],"damage_taken":[{"damage":5,"enemies":"Small Slimes","floor":2,"turns":3},{"damage":2,"enemies":"Jaw Worm","floor":4,"turns":3},{"damage":5,"enemies":"Cultist","floor":6,"turns":4},{"damage":38,"enemies":"downfall:FleeingMerchant","floor":8,"turns":4},{"damage":35,"enemies":"Exordium Thugs","floor":9,"turns":4},{"damage":68,"enemies":"downfall:FleeingMerchant","floor":10,"turns":4},{"damage":22,"enemies":"Blue Slaver","floor":13,"turns":2},{"damage":25,"enemies":"3 Louse","floor":14,"turns":2},{"damage":11,"enemies":"Exordium Wildlife","floor":15,"turns":2},{"damage":55,"enemies":"downfall:Ironclad","floor":16,"turns":6},{"damage":27,"enemies":"Spheric Guardian","floor":19,"turns":2},{"damage":37,"enemies":"Snecko","floor":20,"turns":3},{"damage":50,"enemies":"downfall:FleeingMerchant","floor":22,"turns":4},{"damage":81,"enemies":"Centurion and Healer","floor":23,"turns":6},{"damage":70,"enemies":"Slavers","floor":25,"turns":5},{"damage":46,"enemies":"Snake Plant","floor":29,"turns":3},{"damage":49,"enemies":"Chosen and Byrds","floor":30,"turns":3},{"damage":31,"enemies":"Snecko","floor":32,"turns":3},{"damage":52,"enemies":"downfall:Silent","floor":33,"turns":6},{"damage":29,"enemies":"3 Shapes","floor":37,"turns":3},{"damage":17,"enemies":"Orb Walker","floor":38,"turns":3},{"damage":86,"enemies":"Sphere and 2 Shapes","floor":40,"turns":4},{"damage":85,"enemies":"Maw","floor":43,"turns":7},{"damage":20,"enemies":"Jaw Worm Horde","floor":44,"turns":2},{"damage":40,"enemies":"Sphere and 2 Shapes","floor":49,"turns":2},{"damage":80,"enemies":"downfall:Defect","floor":50,"turns":3},{"damage":115,"enemies":"downfall:CharBossMerchant","floor":52,"turns":5},{"damage":239,"enemies":"downfall:NeowBoss","floor":55,"turns":20}],"seed_played":"8342395791072452327","potions_obtained":[{"floor":0,"key":"SteroidPotion"},{"floor":0,"key":"Guardian:BlockOnCardUsePotion"},{"floor":0,"key":"Weak Potion"},{"floor":6,"key":"ColorlessPotion"},{"floor":13,"key":"Explosive Potion"},{"floor":14,"key":"champ:TechniquePotion"},{"floor":15,"key":"blueLaboratory:TrueEctoplasm"},{"floor":23,"key":"blueLaboratory:LouseDecoction"},{"floor":29,"key":"Dexterity Potion"},{"floor":30,"key":"LiquidBronze"},{"floor":40,"key":"SteroidPotion"},{"floor":44,"key":"ColorlessPotion"}],"is_trial":false,"path_per_floor":["R","M","?","M","?","M","T","$","M","$","R","?","M","M","M","B",null,"R_BF","M","M","?","$","M","T","E","R","?","T","M","M","?","M","B",null,"R","?","M","M","?","M","T","?","M","M","?","T","R","$","M","B",null,"E","$","R","B",null],"character_chosen":"THE_CHAMP","items_purchased":["champ:ArenaPreparation","champ:GutPunch","halation:QuantumPhysicsTextbook","ClockworkSouvenir","MerchantsRug","Inflame","champ:GutPunch"],"campfire_rested":3,"item_purchase_floors":[8,8,22,22,48,48,53],"current_hp_per_floor":[90,90,73,71,71,69,69,54,49,39,66,66,54,48,47,25,90,90,90,86,86,86,79,79,56,83,61,61,44,48,57,58,50,90,100,100,100,97,97,92,92,92,80,98,98,98,98,98,100,100,100,66,66,96,100],"gold":41,"neow_bonus":"THREE_SMALL_POTIONS","is_daily":false,"chose_seed":false,"campfire_upgraded":2,"win_rate":0.0,"timestamp":1608800006,"path_taken":["R","M","?","M","?","?","T","?","M","$","R","?","?","M","M","BOSS","R_BF","M","?","?","?","?","T","E","R","?","?","M","?","?","M","BOSS","R","?","M","M","?","?","T","?","?","M","?","?","R","$","M","BOSS","E","$","R","BOSS"],"items_purchased_type":["Card","Card","Relic","Relic","Relic","Card","Card"],"build_version":"2020-12-22","purchased_purges":2,"victory":true,"max_hp_per_floor":[90,90,90,90,90,90,90,90,90,90,90,90,90,90,90,90,90,90,90,90,90,90,90,90,90,90,90,90,90,90,90,90,90,90,100,100,100,100,100,100,100,100,100,100,100,100,100,100,100,100,100,100,100,100,100],"relic_stats":{"counters":[28,118],"Letter Opener":[174],"obtain_stats":[{"MerchantsRug":48,"downfall:HeartBlessingRed":18,"halation:QuantumPhysicsTextbook":22,"champ:ChampionCrown":0,"downfall:HeartBlessingGreen":26,"Letter Opener":41,"hubris:Towel":39,"aspiration:IroncladSkillbook":17,"ClockworkSouvenir":22,"keyreminder:keyreminder":1,"Replay:Baseball":3,"Anchor":25,"theSleuth:Tectrixcalibur":45,"aspiration:BabyByrd":12,"champ:DefensiveTrainingManual":21,"downfall:HeartBlessingBlue":35,"jedi:matchstick":28,"Bottled Lightning":52,"LugNut":7,"hubris:Reverence":46},{"MerchantsRug":24,"downfall:HeartBlessingRed":10,"halation:QuantumPhysicsTextbook":13,"champ:ChampionCrown":0,"downfall:HeartBlessingGreen":15,"Letter Opener":22,"hubris:Towel":21,"aspiration:IroncladSkillbook":10,"ClockworkSouvenir":13,"keyreminder:keyreminder":0,"Replay:Baseball":1,"Anchor":15,"theSleuth:Tectrixcalibur":24,"aspiration:BabyByrd":6,"champ:DefensiveTrainingManual":12,"downfall:HeartBlessingBlue":19,"jedi:matchstick":15,"Bottled Lightning":27,"LugNut":3,"hubris:Reverence":24},{"MerchantsRug":88,"downfall:HeartBlessingRed":34,"halation:QuantumPhysicsTextbook":43,"champ:ChampionCrown":0,"downfall:HeartBlessingGreen":54,"Letter Opener":79,"hubris:Towel":75,"aspiration:IroncladSkillbook":34,"ClockworkSouvenir":43,"keyreminder:keyreminder":0,"Replay:Baseball":3,"Anchor":54,"theSleuth:Tectrixcalibur":88,"aspiration:BabyByrd":22,"champ:DefensiveTrainingManual":39,"downfall:HeartBlessingBlue":69,"jedi:matchstick":54,"Bottled Lightning":98,"LugNut":10,"hubris:Reverence":88}]},"card_choices":[{"not_picked":["champ:StanceDance","champ:Circumvent"],"picked":"champ:GutPunch","floor":2},{"not_picked":["champ:DefensiveShout","champ:FocusedDefense"],"picked":"champ:GladiatorsShout","floor":4},{"not_picked":["champ:Circumvent","champ:TornadoPunch","champ:RisingSlash"],"picked":"SKIP","floor":6},{"not_picked":["champ:RapidStrikes","champ:ShieldThrow"],"picked":"champ:Balance","floor":8},{"not_picked":["champ:PerfectedStrike","champ:BringItOn"],"picked":"champ:ArenaPreparation","floor":9},{"not_picked":["champ:CrookedStrike","champ:PreciseThrust","champ:SkillfulDodge"],"picked":"SKIP","floor":10},{"not_picked":["champ:DefensiveStyle","champ:GladiatorsShout"],"picked":"champ:FlashCut","floor":13},{"not_picked":["champ:StanceDance","champ:DefensiveStyle"],"picked":"champ:FanOfKnives","floor":14},{"not_picked":["champ:TornadoPunch","champ:Duel","champ:RecklessLeap"],"picked":"SKIP","floor":15},{"not_picked":["champ:Improvising","champ:PerfectForm"],"picked":"champ:DancingMaster","floor":16},{"not_picked":["champ:Circumvent","champ:DefensiveShout","hubris:ReadiedAction"],"picked":"champ:GladiatorsShout+1","floor":19},{"not_picked":["Rampage","jedi:fear","Body Slam+1","Wild Strike"],"picked":"SKIP","floor":20},{"not_picked":["Shrug It Off","champ:PerfectedStrike","champ:BringItOn"],"picked":"champ:FaceSlap","floor":22},{"not_picked":["champ:RapidStrikes","True Grit+1","champ:PerfectedStrike"],"picked":"champ:ArenaPreparation+1","floor":23},{"not_picked":["champ:HeavySlash","champ:BringItOn","Power Through","True Grit+1"],"picked":"SKIP","floor":25},{"not_picked":["champ:BringItOn","Headbutt","Cleave"],"picked":"Havoc","floor":27},{"not_picked":["hubris:CleavingFinish+1","ReplayTheSpireMod:Limb From Limb+1","champ:BerserkersShout"],"picked":"champ:GutPunch+1","floor":29},{"not_picked":["jedi:fear","ReplayTheSpireMod:Corrosion Curse","Perfected Strike+1"],"picked":"champ:FaceSlap","floor":30},{"not_picked":["champ:Devastate","Heavy Blade+1","champ:PerfectedStrike","hubris:ReadiedAction"],"picked":"SKIP","floor":32},{"not_picked":["Immolate","Juggernaut","StuffTheSpire:TitanForm"],"picked":"champ:VampiricStrike","floor":33},{"not_picked":["Cleave+1","Body Slam+1","champ:CrookedStrike+1","champ:EndlessRage+1"],"picked":"SKIP","floor":37},{"not_picked":["champ:TornadoPunch+1","champ:SkillfulDodge+1","champ:BringItOn","Second Wind"],"picked":"SKIP","floor":38},{"not_picked":["Iron Wave+1","StuffTheSpire:Incineration","champ:BladeFlurry+1"],"picked":"Havoc+1","floor":40},{"not_picked":["Anger","champ:BerserkersShout+1","Uppercut+1"],"picked":"Reaper","floor":43},{"not_picked":["Fire Breathing+1","Sword Boomerang+1","Havoc+1"],"picked":"champ:GutPunch","floor":44},{"not_picked":["Clash+1","champ:PerfectedStrike+1","champ:BringItOn","StuffTheSpire:RockThrow"],"picked":"SKIP","floor":49},{"not_picked":["Intimidate+1","Invigoration+1","Clash"],"picked":"champ:IronFortress+1","floor":52}],"player_experience":557262,"relics_obtained":[{"floor":7,"key":"LugNut"},{"floor":25,"key":"Anchor"},{"floor":28,"key":"jedi:matchstick"},{"floor":41,"key":"Letter Opener"},{"floor":46,"key":"hubris:Reverence"},{"floor":52,"key":"Bottled Lightning"}],"event_choices":[{"damage_healed":0,"gold_gain":0,"player_choice":"Ignored","damage_taken":0,"max_hp_gain":0,"max_hp_loss":0,"event_name":"NoteForYourself","floor":5,"gold_loss":0}],"is_beta":false,"boss_relics":[{"not_picked":["halation:CatFaceCupcake","halation:Yufonium"],"picked":"aspiration:IroncladSkillbook"},{"not_picked":["Snecko Eye","vexMod:CursedCompass","Busted Crown"]}],"items_purged_floors":[48,48],"is_endless":false,"potions_floor_spawned":[6,13,14,15,23,29,30,32,40,44],"ascension_level":0}}