{"host":"mjau5a91be6b66g4","time":1608799537,"event":{"mods":["BaseMod","Minty Spire (QoL Compilation)","StSLib","The Animator","The Bug Knight","The Jungle"],"gold_per_floor":[112,187,187,187,206,240,256,256,256,273,273,292,292,308,308,404,404,418,418,431,445,360,360,247,247,247,172,189,204,214,214,214],"floor_reached":31,"playtime":982,"items_purged":[],"score":264,"play_id":"fc64bfa3-c9f9-4c25-b563-ad06d610bddd","local_time":"20201224164537","is_ascension_mode":false,"campfire_choices":[{"floor":8,"key":"REST"},{"floor":13,"key":"REST"},{"data":"Dualcast","floor":15,"key":"SMITH"},{"floor":23,"key":"REST"},{"floor":25,"key":"REST"}],"circlet_count":0,"master_deck":["Strike_B","Strike_B+1","Defend_B","Defend_B","Defend_B+1","Defend_B","Zap","Dualcast+1","Barrage","Static Discharge","Reboot","Cold Snap","Ball Lightning","Skim","Static Discharge+1","Amplify","Double Energy","Iron Wave","Conserve Battery+1","Redo","Chill","Heatsinks+1","Redo+1","Heatsinks+1"],"relics":["Cracked Core","NeowsBlessing","Frozen Egg 2","Pantograph","Black Star","Incense Burner"],"acts_visited":["Exordium","TheCity"],"potions_floor_usage":[10,20,21,21,21,21,21,31],"damage_taken":[{"damage":0,"enemies":"2 Louse","floor":1,"turns":1},{"damage":0,"enemies":"Small Slimes","floor":5,"turns":1},{"damage":0,"enemies":"3 Sentries","floor":6,"turns":1},{"damage":3,"enemies":"Jaw Worm","floor":7,"turns":3},{"damage":18,"enemies":"Large Slime","floor":10,"turns":5},{"damage":18,"enemies":"Lots of Slimes","floor":12,"turns":3},{"damage":7,"enemies":"Exordium Thugs","floor":14,"turns":3},{"damage":34,"enemies":"The Guardian","floor":16,"turns":8},{"damage":37,"enemies":"2 Thieves","floor":18,"turns":4},{"damage":19,"enemies":"3 Byrds","floor":20,"turns":4},{"damage":16,"enemies":"Centurion and Healer","floor":21,"turns":8},{"damage":14,"enemies":"3 Cultists","floor":28,"turns":4},{"damage":13,"enemies":"Snake Plant","floor":29,"turns":2},{"damage":15,"enemies":"Centurion and Healer","floor":30,"turns":7},{"damage":17,"enemies":"3 Cultists","floor":31,"turns":4}],"seed_played":"5243859878528297552","potions_obtained":[{"floor":1,"key":"AttackPotion"},{"floor":12,"key":"Explosive Potion"},{"floor":16,"key":"EntropicBrew"},{"floor":18,"key":"Dexterity Potion"},{"floor":30,"key":"Energy Potion"}],"is_trial":false,"path_per_floor":["M","?","?","?","M","E","M","R","T","M","?","M","R","M","R","B",null,"M","?","M","M","?","R","$","R","T","?","M","M","M","M"],"character_chosen":"DEFECT","items_purchased":["Chill","Heatsinks+1"],"campfire_rested":4,"item_purchase_floors":[24,24],"current_hp_per_floor":[75,64,69,53,53,53,50,74,74,56,56,38,62,55,55,46,80,43,43,24,8,8,32,32,56,56,56,42,29,14,0,0],"gold":214,"neow_bonus":"THREE_ENEMY_KILL","is_daily":false,"chose_seed":false,"campfire_upgraded":1,"win_rate":0.0,"timestamp":1608799537,"path_taken":["M","?","?","?","M","E","M","R","T","M","?","?","R","M","R","BOSS","M","?","M","?","?","R","$","R","T","?","?","M","M","M"],"items_purchased_type":["Card","Card"],"build_version":"2020-12-22","purchased_purges":0,"victory":false,"max_hp_per_floor":[75,75,80,80,80,80,80,80,80,80,80,80,80,80,80,80,80,80,80,80,80,80,80,80,80,80,80,80,80,80,80,80],"card_choices":[{"not_picked":["Double Energy","Hologram"],"picked":"Barrage","floor":1},{"not_picked":["Glacier","Stack"],"picked":"Static Discharge","floor":5},{"not_picked":["Melter","Undo"],"picked":"Reboot","floor":6},{"not_picked":["Hologram","Steam"],"picked":"Cold Snap","floor":7},{"not_picked":["Force Field","Chaos"],"picked":"Ball Lightning","floor":10},{"not_picked":["Tempest","Conserve Battery"],"picked":"Skim","floor":12},{"not_picked":["Reprogram","Storm+1"],"picked":"Static Discharge+1","floor":14},{"not_picked":["Seek","Echo Form+1"],"picked":"Amplify","floor":16},{"not_picked":["Hologram","Sweeping Beam"],"picked":"Double Energy","floor":18},{"not_picked":["Aggregate","Beam Cell"],"picked":"Conserve Battery+1","floor":20},{"not_picked":["Go for the Eyes+1","Fusion+1"],"picked":"Redo","floor":21},{"not_picked":["Sweeping Beam","Genetic Algorithm"],"picked":"Redo+1","floor":28},{"not_picked":["Coolheaded","Redo+1"],"picked":"Heatsinks+1","floor":29},{"not_picked":["Streamline+1","Hologram","Stack"],"picked":"SKIP","floor":30}],"player_experience":206871,"relics_obtained":[{"floor":6,"key":"Frozen Egg 2"},{"floor":9,"key":"Pantograph"}],"event_choices":[{"damage_healed":0,"gold_gain":75,"player_choice":"Gather Gold","damage_taken":11,"max_hp_gain":0,"max_hp_loss":0,"event_name":"World of Goop","floor":2,"gold_loss":0},{"damage_healed":0,"gold_gain":0,"player_choice":"Donut","damage_taken":0,"max_hp_gain":5,"max_hp_loss":0,"event_name":"Big Fish","floor":3,"gold_loss":0},{"damage_healed":0,"gold_gain":0,"player_choice":"Entered Light","damage_taken":16,"max_hp_gain":0,"max_hp_loss":0,"event_name":"Shining Light","floor":4,"gold_loss":0,"cards_upgraded":["Strike_B","Defend_B"]},{"damage_healed":0,"gold_gain":0,"player_choice":"Searched \u00270\u0027 times","damage_taken":0,"max_hp_gain":0,"max_hp_loss":0,"event_name":"Dead Adventurer","floor":11,"gold_loss":0},{"cards_removed":["Strike_B"],"damage_healed":0,"gold_gain":0,"player_choice":"Took Card","damage_taken":0,"max_hp_gain":0,"max_hp_loss":0,"event_name":"NoteForYourself","floor":19,"gold_loss":0,"cards_obtained":["Iron Wave"]},{"damage_healed":0,"gold_gain":0,"player_choice":"Obtained Relic","damage_taken":0,"relics_obtained":["Incense Burner"],"max_hp_gain":0,"max_hp_loss":0,"event_name":"Addict","floor":22,"gold_loss":85},{"cards_removed":["Strike_B"],"damage_healed":0,"gold_gain":0,"player_choice":"Gave Gold","damage_taken":0,"max_hp_gain":0,"max_hp_loss":0,"event_name":"Beggar","floor":27,"gold_loss":75}],"is_beta":false,"boss_relics":[{"not_picked":["SlaversCollar","Coffee Dripper"],"picked":"Black Star"}],"items_purged_floors":[],"is_endless":false,"potions_floor_spawned":[1,12,16,18,30],"killed_by":"3 Cultists","ascension_level":0}}