{"host":"mjau5a91be6b66g4","time":1608797803,"event":{"mods":["BaseMod","Minty Spire (QoL Compilation)","StSLib","The Animator","The Bug Knight","The Jungle"],"gold_per_floor":[118,118,136,152,152,152,165,165,165,165,165,114,114,130,130,233,233,247,264,60,75,75,75,90,90,90,110,125,125,125,136,136,136,136],"floor_reached":33,"playtime":1284,"items_purged":["Strike_G"],"score":239,"play_id":"4a9c2a52-6553-4903-bed6-b9bbe2855fa6","local_time":"20201224161643","is_ascension_mode":false,"campfire_choices":[{"data":"Neutralize","floor":6,"key":"SMITH"},{"floor":8,"key":"REST"},{"data":"Deadly Poison","floor":10,"key":"SMITH"},{"floor":13,"key":"REST"},{"data":"Survivor","floor":15,"key":"SMITH"},{"data":"Crippling Poison","floor":23,"key":"SMITH"},{"data":"Deadly Poison","floor":25,"key":"SMITH"},{"floor":29,"key":"REST"},{"floor":32,"key":"REST"}],"circlet_count":0,"master_deck":["Strike_G","Strike_G","Strike_G","Defend_G","Defend_G+1","Defend_G","Defend_G+1","Survivor+1","Neutralize+1","Deadly Poison+1","Underhanded Strike","Deadly Poison+1","Bane","Burst","Tactician","Deadly Poison","Crippling Poison+1","Poisoned Stab","Bane","Leg Sweep","Cloak And Dagger","Shame","Bane"],"relics":["Ring of the Snake","Ninja Scroll","Kunai","Empty Cage","Ornamental Fan","theJungle:SneckoAutograph"],"acts_visited":["Exordium","Exordium"],"potions_floor_usage":[16,19,31,31,33],"damage_taken":[{"damage":0,"enemies":"2 Louse","floor":1,"turns":4},{"damage":6,"enemies":"Small Slimes","floor":3,"turns":3},{"damage":7,"enemies":"Jaw Worm","floor":4,"turns":4},{"damage":13,"enemies":"Lots of Slimes","floor":7,"turns":4},{"damage":0,"enemies":"Red Slaver","floor":14,"turns":3},{"damage":17,"enemies":"Hexaghost","floor":16,"turns":8},{"damage":5,"enemies":"theJungle:GiantWrat","floor":18,"turns":4},{"damage":6,"enemies":"theJungle:Flameango_and_Byrd","floor":19,"turns":5},{"damage":0,"enemies":"theJungle:Snecko_Cultist_And_Trap","floor":21,"turns":6},{"damage":6,"enemies":"theJungle:JungleHuntersEncounter","floor":24,"turns":5},{"damage":27,"enemies":"theJungle:SlimyTreeVines","floor":27,"turns":4},{"damage":3,"enemies":"theJungle:Snecko_Cultist_And_Trap","floor":28,"turns":6},{"damage":4,"enemies":"theJungle:JungleHuntersEncounter","floor":31,"turns":5},{"damage":74,"enemies":"theJungle:QueenSpyder","floor":33,"turns":19}],"seed_played":"1363550190625232036","potions_obtained":[{"floor":7,"key":"DistilledChaos"},{"floor":16,"key":"Fire Potion"},{"floor":18,"key":"AttackPotion"},{"floor":24,"key":"Energy Potion"},{"floor":31,"key":"Dexterity Potion"}],"is_trial":false,"path_per_floor":["M","?","M","M","?","R","M","R","T","R","?","$","R","M","R","B",null,"M","M","$","M","T","R","M","R","T","M","M","R","?","M","R","B"],"character_chosen":"THE_SILENT","items_purchased":["Bane","Crippling Poison","Poisoned Stab"],"campfire_rested":4,"item_purchase_floors":[12,20,20],"current_hp_per_floor":[77,77,71,64,61,61,48,71,71,71,56,56,77,77,77,60,77,72,66,66,66,66,66,60,60,60,39,36,59,59,55,77,3,3],"gold":136,"neow_bonus":"TEN_PERCENT_HP_BONUS","is_daily":false,"chose_seed":false,"campfire_upgraded":5,"win_rate":0.0,"timestamp":1608797803,"path_taken":["M","?","M","M","?","R","M","R","T","R","?","?","R","M","R","BOSS","M","?","$","M","?","R","M","R","T","M","M","R","?","M","R","BOSS"],"items_purchased_type":["Card","Card","Card"],"build_version":"2020-12-22","purchased_purges":1,"victory":false,"max_hp_per_floor":[77,77,77,77,77,77,77,77,77,77,77,77,77,77,77,77,77,77,77,77,77,77,77,77,77,77,77,77,77,77,77,77,77,77],"card_choices":[{"not_picked":["Slice","Bane"],"picked":"Deadly Poison","floor":1},{"not_picked":["Accuracy","Dodge and Roll"],"picked":"Underhanded Strike","floor":3},{"not_picked":["Bane","All Out Attack"],"picked":"Deadly Poison","floor":4},{"not_picked":["Reflex","Accuracy","Dagger Throw"],"picked":"SKIP","floor":7},{"not_picked":["Dash","Underhanded Strike","Night Terror"],"picked":"SKIP","floor":14},{"not_picked":["Grand Finale","A Thousand Cuts"],"picked":"Burst","floor":16},{"not_picked":["Finisher","Eviscerate"],"picked":"Tactician","floor":18},{"not_picked":["Blade Dance","Acrobatics"],"picked":"Deadly Poison","floor":19},{"not_picked":["Acrobatics","Setup"],"picked":"Bane","floor":21},{"not_picked":["Dagger Throw","Outmaneuver","Caltrops"],"picked":"SKIP","floor":24},{"not_picked":["Finisher","Tactician+1"],"picked":"Leg Sweep","floor":27},{"not_picked":["Expertise","Tactician+1"],"picked":"Cloak And Dagger","floor":28},{"not_picked":["Cloak And Dagger","Riddle With Holes"],"picked":"Bane","floor":31}],"player_experience":204880,"relics_obtained":[{"floor":9,"key":"Kunai"},{"floor":22,"key":"Ornamental Fan"}],"event_choices":[{"damage_healed":0,"gold_gain":0,"player_choice":"Leave","damage_taken":0,"max_hp_gain":0,"max_hp_loss":0,"event_name":"The Cleric","floor":2,"gold_loss":0},{"damage_healed":0,"gold_gain":0,"player_choice":"Success","damage_taken":3,"relics_obtained":["Ninja Scroll"],"max_hp_gain":0,"max_hp_loss":0,"event_name":"Scrap Ooze","floor":5,"gold_loss":0},{"damage_healed":0,"gold_gain":0,"player_choice":"Entered Light","damage_taken":15,"max_hp_gain":0,"max_hp_loss":0,"event_name":"Shining Light","floor":11,"gold_loss":0,"cards_upgraded":["Defend_G","Defend_G"]}],"is_beta":false,"boss_relics":[{"not_picked":["SacredBark","Snecko Eye"],"picked":"Empty Cage"}],"items_purged_floors":[20],"is_endless":false,"potions_floor_spawned":[7,16,18,24,31],"killed_by":"theJungle:QueenSpyder","ascension_level":0}}