{"host":"szp1d6dso4pv7ddl","time":1608844871,"event":{"mods":["AchievementEnabler","Alarm Clock","BaseMod","Bestiary","Block Reminder","Colored Map","Colored Powertips","Curses Come First","Displayed Cursed Tome","Highlight Path","Minty Spire (QoL Compilation)","Permanent Neow","Quick Restart","Relic Sorter","Relic Stats","StSLib","Synergy Search"],"gold_per_floor":[109,109,17,17,37,69,30,64,64,64,99,99,114,141,141,244,244,260,278,297,35,35,35,51,51,51,51,51],"floor_reached":27,"playtime":1341,"items_purged":[],"score":396,"play_id":"f2cb7857-bc24-4838-95d5-574815531c95","local_time":"20201224132111","is_ascension_mode":true,"campfire_choices":[{"floor":15.0,"key":"REST"},{"floor":23.0,"key":"REST"}],"circlet_count":0,"master_deck":["AscendersBane","Strike_G","Strike_G","Strike_G","Strike_G","Strike_G","Defend_G","Defend_G","Defend_G","Defend_G","Survivor","Neutralize","Doppelganger","Choke","Blade Dance+1","Blade Dance","Accuracy","Slice","Escape Plan","Slice","Storm of Steel","Acrobatics+1","Envenom","Sadistic Nature"],"relics":["Ring of the Snake","Letter Opener","NeowsBlessing","Matryoshka","Bag of Preparation","Art of War","The Courier","Bottled Tornado","Ancient Tea Set","Molten Egg 2","Fusion Hammer","Gremlin Horn"],"acts_visited":["Exordium","TheCity"],"potions_floor_usage":[27,27],"damage_taken":[{"damage":0.0,"enemies":"Cultist","floor":1.0,"turns":1.0},{"damage":0.0,"enemies":"Jaw Worm","floor":5.0,"turns":1.0},{"damage":0.0,"enemies":"Gremlin Nob","floor":6.0,"turns":1.0},{"damage":27.0,"enemies":"Lagavulin","floor":8.0,"turns":6.0},{"damage":8.0,"enemies":"3 Sentries","floor":11.0,"turns":5.0},{"damage":0.0,"enemies":"2 Louse","floor":13.0,"turns":2.0},{"damage":10.0,"enemies":"Lagavulin","floor":14.0,"turns":4.0},{"damage":27.0,"enemies":"The Guardian","floor":16.0,"turns":11.0},{"damage":20.0,"enemies":"2 Thieves","floor":18.0,"turns":4.0},{"damage":12.0,"enemies":"Chosen","floor":19.0,"turns":3.0},{"damage":15.0,"enemies":"Centurion and Healer","floor":20.0,"turns":5.0},{"damage":0.0,"enemies":"Snecko","floor":24.0,"turns":2.0},{"damage":22,"enemies":"Snake Plant","floor":27,"turns":4}],"seed_played":"6724087482881107745","potions_obtained":[{"floor":5.0,"key":"EssenceOfSteel"},{"floor":8.0,"key":"Weak Potion"},{"floor":13.0,"key":"SneckoOil"},{"floor":24.0,"key":"PowerPotion"}],"is_trial":false,"path_per_floor":["M","?","$","?","M","E","$","E","T","?","E","T","M","E","R","B",null,"M","M","M","$","?","R","M","?","T","M"],"character_chosen":"THE_SILENT","items_purchased":["Choke","Blade Dance","Accuracy","Envenom","Sadistic Nature"],"campfire_rested":2,"item_purchase_floors":[3,3,7,21,21],"current_hp_per_floor":[63,63,63,63,63,63,63,36,36,36,28,28,28,18,39,12,56,36,24,9,9,9,30,30,17,17,0,0],"gold":51,"neow_bonus":"THREE_ENEMY_KILL","is_daily":false,"chose_seed":false,"campfire_upgraded":0,"win_rate":0.0,"timestamp":1608844871,"path_taken":["M","?","?","?","?","E","$","E","T","?","E","?","M","E","R","BOSS","M","M","M","$","?","R","M","?","T","M"],"items_purchased_type":["Card","Card","Card","Card","Card"],"build_version":"2020-12-22","purchased_purges":0,"victory":false,"max_hp_per_floor":[70,70,70,70,70,70,70,70,70,70,70,70,70,70,70,70,70,70,70,70,70,70,70,70,75,75,75,75],"relic_stats":{"Gremlin Horn":[0,0],"counters":[13,49],"Bag of Preparation":[18],"Art of War":[6],"Letter Opener":[62],"obtain_stats":[{"Matryoshka":6,"NeowsBlessing":0,"Gremlin Horn":26,"Molten Egg 2":14,"The Courier":9,"Fusion Hammer":17,"Bag of Preparation":8,"Art of War":9,"Letter Opener":12,"Bottled Tornado":11,"Ancient Tea Set":12,"Ring of the Snake":0},{"Matryoshka":3,"NeowsBlessing":0,"Gremlin Horn":12,"Molten Egg 2":7,"The Courier":4,"Fusion Hammer":8,"Bag of Preparation":4,"Art of War":4,"Letter Opener":5,"Bottled Tornado":5,"Ancient Tea Set":5,"Ring of the Snake":0},{"Matryoshka":3,"NeowsBlessing":0,"Gremlin Horn":45,"Molten Egg 2":20,"The Courier":9,"Fusion Hammer":31,"Bag of Preparation":9,"Art of War":9,"Letter Opener":14,"Bottled Tornado":14,"Ancient Tea Set":14,"Ring of the Snake":0}],"Ring of the Snake":[26]},"card_choices":[{"not_picked":["Dodge and Roll","Bane","Riddle With Holes"],"picked":"SKIP","floor":1.0},{"not_picked":["Backstab","PiercingWail"],"picked":"Blade Dance","floor":5.0},{"not_picked":["Eviscerate","Poisoned Stab","Tactician"],"picked":"SKIP","floor":6.0},{"not_picked":["Well Laid Plans","Footwork"],"picked":"Slice","floor":8.0},{"not_picked":["Bouncing Flask","Doppelganger"],"picked":"Escape Plan","floor":11.0},{"not_picked":["Leg Sweep","Setup"],"picked":"Slice","floor":13.0},{"not_picked":["Flying Knee+1","Sucker Punch+1","Bane+1"],"picked":"SKIP","floor":14.0},{"not_picked":["Night Terror","Die Die Die+1"],"picked":"Storm of Steel","floor":16.0},{"not_picked":["Bane+1","Setup","Outmaneuver"],"picked":"SKIP","floor":18.0},{"not_picked":["Acrobatics","Deadly Poison","Outmaneuver"],"picked":"SKIP","floor":19.0},{"not_picked":["Footwork","Dagger Spray+1"],"picked":"Acrobatics+1","floor":20.0},{"not_picked":["Backflip","Masterful Stab+1","Tactician+1"],"picked":"SKIP","floor":24.0}],"player_experience":998435,"relics_obtained":[{"floor":6.0,"key":"Matryoshka"},{"floor":8.0,"key":"Bag of Preparation"},{"floor":9.0,"key":"Art of War"},{"floor":9.0,"key":"The Courier"},{"floor":11.0,"key":"Bottled Tornado"},{"floor":12.0,"key":"Ancient Tea Set"},{"floor":12.0,"key":"Letter Opener"},{"floor":14.0,"key":"Molten Egg 2"},{"floor":26.0,"key":"Gremlin Horn"}],"event_choices":[{"damage_healed":0.0,"max_hp_gain":0.0,"max_hp_loss":0.0,"gold_gain":0.0,"cards_transformed":["Defend_G"],"event_name":"Transmorgrifier","player_choice":"Transformed","floor":2.0,"gold_loss":0.0,"damage_taken":0.0,"cards_obtained":["Doppelganger"]},{"damage_healed":0.0,"max_hp_gain":0.0,"max_hp_loss":0.0,"gold_gain":0.0,"event_name":"Upgrade Shrine","player_choice":"Upgraded","floor":4.0,"gold_loss":0.0,"damage_taken":0.0,"cards_upgraded":["Blade Dance"]},{"damage_healed":0.0,"max_hp_gain":0.0,"max_hp_loss":0.0,"gold_gain":0.0,"event_name":"Shining Light","player_choice":"Ignored","floor":10.0,"gold_loss":0.0,"damage_taken":0.0},{"damage_healed":0.0,"max_hp_gain":5.0,"max_hp_loss":0.0,"gold_gain":0.0,"event_name":"Forgotten Altar","player_choice":"Shed Blood","floor":25.0,"gold_loss":0.0,"damage_taken":18.0}],"is_beta":false,"boss_relics":[{"not_picked":["Cursed Key","HoveringKite"],"picked":"Fusion Hammer"}],"items_purged_floors":[],"is_endless":false,"potions_floor_spawned":[5,8,13,24],"killed_by":"Snake Plant","ascension_level":10}}