{"host":"c2og1cp357bgjv9b","time":1608810033,"event":{"mods":["BaseMod","Colored Map","Minty Spire (QoL Compilation)","Replay The Spire","StSLib"],"gold_per_floor":[113,113,126,126,31,31,58,78,78,3,17,192,192,192,192,297,347,365,365,34,123,65,65,19,19,19,31,31,63,83,15,15,15,15],"floor_reached":33,"playtime":1878,"items_purged":["Strike_G","Doubt"],"score":284,"play_id":"2b6c59b0-8479-4ef9-b247-2c41f85f0faa","local_time":"20201224194033","is_ascension_mode":false,"campfire_choices":[{"data":"Infinite Blades","floor":6.0,"key":"SMITH"},{"data":"Tactician","floor":13.0,"key":"SMITH"},{"data":"Prepared","floor":15.0,"key":"SMITH"},{"data":"Storm of Steel","floor":23.0,"key":"SMITH"},{"data":"Acrobatics","floor":25.0,"key":"SMITH"},{"floor":32.0,"key":"REST"}],"circlet_count":0,"master_deck":["Strike_G","Strike_G","Strike_G+1","Strike_G+1","Defend_G+1","Defend_G+1","Defend_G+1","Defend_G+1","Defend_G+1","Survivor","Neutralize","Slice+1","Infinite Blades+1","Prepared+1","Tactician+1","Underhanded Strike+1","Underhanded Strike","Storm of Steel+1","Acrobatics+1","Underhanded Strike+1","Backstab+1","Tactician+1","Deflect","ReplayTheSpireMod:Scrap Shanks+1","Dagger Throw+1","Escape Plan"],"relics":["Ring of the Snake","NeowsBlessing","Lizard Tail","WingedGreaves","Molten Egg 2","Tiny House","Bag of Preparation","Strawberry","Divine Protection","Replay:Bottled Eggs"],"acts_visited":["Exordium","TheCity"],"potions_floor_usage":[],"damage_taken":[{"damage":0.0,"enemies":"Small Slimes","floor":1.0,"turns":1.0},{"damage":0.0,"enemies":"2 Louse","floor":3.0,"turns":1.0},{"damage":0.0,"enemies":"Gremlin Nob","floor":7.0,"turns":1.0},{"damage":0.0,"enemies":"Jaw Worm","floor":8.0,"turns":3.0},{"damage":2.0,"enemies":"Exordium Thugs","floor":11.0,"turns":4.0},{"damage":51.0,"enemies":"Slime Boss","floor":16.0,"turns":8.0},{"damage":8.0,"enemies":"Spheric Guardian","floor":18.0,"turns":5.0},{"damage":0.0,"enemies":"Shell Parasite","floor":27.0,"turns":3.0},{"damage":54.0,"enemies":"Gremlin Leader","floor":29.0,"turns":5.0},{"damage":0.0,"enemies":"Shelled Parasite and Fungi","floor":30.0,"turns":2.0},{"damage":20,"enemies":"Collector","floor":33,"turns":5}],"seed_played":"-4120962621617787597","potions_obtained":[{"floor":7.0,"key":"Venom Potion"},{"floor":11.0,"key":"PowerPotion"},{"floor":16.0,"key":"Venom Potion"},{"floor":17.0,"key":"Block Potion"},{"floor":18.0,"key":"SkillPotion"},{"floor":27.0,"key":"Regen Potion"}],"is_trial":false,"path_per_floor":["M","?","M","?","$","R","E","M","T","$","M","?","R","T","R","B",null,"M","?","$","?","$","R","$","R","T","M","$","E","M","$","R","B"],"character_chosen":"THE_SILENT","items_purchased":["Prepared","Tactician","Backstab+1","Bag of Preparation","ReplayTheSpireMod:Scrap Shanks+1","Dagger Throw+1","Escape Plan"],"campfire_rested":1,"item_purchase_floors":[5,5,20,20,22,24,31],"current_hp_per_floor":[70,56,56,56,56,56,56,56,56,56,54,54,54,54,54,3,75,67,67,67,56,56,56,56,56,56,56,56,14,14,14,38,18,18],"gold":15,"neow_bonus":"THREE_ENEMY_KILL","is_daily":false,"chose_seed":false,"campfire_upgraded":5,"win_rate":0.0,"timestamp":1608810033,"path_taken":["M","?","M","?","$","R","E","M","T","?","?","?","R","?","R","BOSS","M","?","$","?","$","R","?","R","T","?","?","E","?","$","R","BOSS"],"items_purchased_type":["Card","Card","Card","Relic","Card","Card","Card"],"build_version":"2020-12-22","purchased_purges":2,"victory":false,"max_hp_per_floor":[70,70,70,70,70,70,70,70,70,70,70,70,70,70,70,70,75,75,75,75,82,82,82,82,82,82,82,82,82,82,82,82,82,82],"card_choices":[{"not_picked":["Backflip","Leg Sweep"],"picked":"Slice","floor":1.0},{"not_picked":["Slice","Underhanded Strike"],"picked":"Infinite Blades","floor":3.0},{"not_picked":["ReplayTheSpireMod:Tripwire","Heel Hook"],"picked":"Underhanded Strike","floor":7.0},{"not_picked":["Sucker Punch","Dodge and Roll","Flying Knee"],"picked":"SKIP","floor":8.0},{"not_picked":["Footwork","Flying Knee"],"picked":"Underhanded Strike","floor":11.0},{"not_picked":["Bullet Time","Die Die Die+1"],"picked":"Storm of Steel","floor":16.0},{"not_picked":["Dagger Throw+1","Slice+1"],"picked":"Acrobatics","floor":17.0},{"not_picked":["Slice+1","Sucker Punch+1"],"picked":"Underhanded Strike+1","floor":18.0},{"not_picked":["ReplayTheSpireMod:Exploit Weakness","Hidden Blade"],"picked":"Tactician+1","floor":21.0},{"not_picked":["Dagger Spray+1","Endless Agony+1"],"picked":"Deflect","floor":21.0},{"not_picked":["Poisoned Stab+1","Underhanded Strike+1","Grand Finale+1"],"picked":"SKIP","floor":27.0},{"not_picked":["Bouncing Flask+1","Deadly Poison","Bullet Time"],"picked":"SKIP","floor":29.0},{"not_picked":["Masterful Stab+1","Poisoned Stab+1","Deflect"],"picked":"SKIP","floor":30.0}],"player_experience":122344,"relics_obtained":[{"floor":7.0,"key":"Lizard Tail"},{"floor":9.0,"key":"WingedGreaves"},{"floor":14.0,"key":"Molten Egg 2"},{"floor":21.0,"key":"Strawberry"},{"floor":26.0,"key":"Divine Protection"},{"floor":29.0,"key":"Replay:Bottled Eggs"}],"event_choices":[{"damage_healed":0.0,"max_hp_gain":0.0,"max_hp_loss":0.0,"gold_gain":0.0,"event_name":"Shining Light","player_choice":"Entered Light","floor":2.0,"gold_loss":0.0,"damage_taken":14.0,"cards_upgraded":["Strike_G","Strike_G"]},{"damage_healed":0.0,"max_hp_gain":0.0,"max_hp_loss":0.0,"gold_gain":175.0,"event_name":"Liars Game","player_choice":"AGREE","floor":12.0,"gold_loss":0.0,"damage_taken":0.0,"cards_obtained":["Doubt"]},{"damage_healed":0.0,"max_hp_gain":0.0,"max_hp_loss":0.0,"gold_gain":0.0,"event_name":"Vampires","player_choice":"Ignored","floor":19.0,"gold_loss":0.0,"damage_taken":0.0}],"is_beta":false,"boss_relics":[{"not_picked":["Cursed Key","Replay:Bronze Core"],"picked":"Tiny House"}],"items_purged_floors":[10,20],"is_endless":false,"potions_floor_spawned":[7,11,16,18,27],"killed_by":"Collector","ascension_level":0}}