{"host":"6s2g4ctvxbrgoc4e","time":1608808581,"event":{"mods":["BaseMod","Minty Spire (QoL Compilation)"],"gold_per_floor":[117,117,117,127,140,172,172,190,190,203,9,184,199,24,24,127,127,139,108,108,108,125,125,150,25,25,36,49,49,449,484,484,579,579,598,183,198,212,212,212,245,245,269,289,320,332,351,368,368,368],"floor_reached":51,"playtime":3407,"items_purged":["Writhe","Defend_R","Doubt","Defend_R"],"score":887,"play_id":"e93c4986-cc6c-4eba-9a75-09d30d069153","local_time":"20201224121621","is_ascension_mode":true,"campfire_choices":[{"floor":7,"key":"REST"},{"data":"Heavy Blade","floor":15,"key":"SMITH"},{"data":"Heavy Blade","floor":23,"key":"SMITH"},{"data":"Inflame","floor":29,"key":"SMITH"},{"floor":32,"key":"REST"},{"data":"Heavy Blade","floor":40,"key":"SMITH"},{"data":"Heavy Blade","floor":49,"key":"SMITH"}],"circlet_count":0,"master_deck":["Strike_R","Strike_R","Defend_R","Defend_R","Bash","Burning Pact","Hemokinesis","Heavy Blade+1","Armaments","Flex","Armaments","Double Tap","Spot Weakness","Metallicize","Flame Barrier","Disarm","Disarm","Impervious","Flex+1","Heavy Blade+1","Heavy Blade+1","Battle Trance","Metallicize+1","Inflame+1","Dual Wield+1","Reaper","Limit Break","Seeing Red+1","Heavy Blade+1","Metallicize","Flex+1","Heavy Blade","Inflame","Heavy Blade+1","Whirlwind+1","Inflame+1","Heavy Blade+1"],"relics":["Burning Blood","Paper Frog","Question Card","Sozu","Nloth\u0027s Gift","TungstenRod","Meat on the Bone","Old Coin","Matryoshka","Blood Vial","Philosopher\u0027s Stone","Anchor","Mummified Hand","Orichalcum","Vajra","Ginger"],"acts_visited":["Exordium","TheCity","TheBeyond"],"potions_floor_usage":[16,16,30,30],"damage_taken":[{"damage":2,"enemies":"2 Louse","floor":1,"turns":2},{"damage":4,"enemies":"Small Slimes","floor":4,"turns":4},{"damage":6,"enemies":"Jaw Worm","floor":5,"turns":2},{"damage":57,"enemies":"3 Sentries","floor":6,"turns":11},{"damage":0,"enemies":"3 Louse","floor":8,"turns":6},{"damage":12,"enemies":"Looter","floor":10,"turns":3},{"damage":5,"enemies":"Lots of Slimes","floor":13,"turns":5},{"damage":53,"enemies":"Slime Boss","floor":16,"turns":12},{"damage":30,"enemies":"3 Byrds","floor":18,"turns":9},{"damage":34,"enemies":"2 Thieves","floor":19,"turns":5},{"damage":9,"enemies":"Shelled Parasite and Fungi","floor":22,"turns":5},{"damage":56,"enemies":"Gremlin Leader","floor":24,"turns":6},{"damage":1,"enemies":"Snake Plant","floor":27,"turns":5},{"damage":7,"enemies":"Snecko","floor":28,"turns":4},{"damage":14,"enemies":"Colosseum Slavers","floor":30,"turns":4},{"damage":54,"enemies":"Colosseum Nobs","floor":30,"turns":7},{"damage":11,"enemies":"Book of Stabbing","floor":31,"turns":6},{"damage":42,"enemies":"Champ","floor":33,"turns":5},{"damage":7,"enemies":"3 Shapes","floor":35,"turns":3},{"damage":24,"enemies":"3 Darklings","floor":37,"turns":7},{"damage":3,"enemies":"Transient","floor":38,"turns":5},{"damage":27,"enemies":"Giant Head","floor":41,"turns":7},{"damage":0,"enemies":"Spire Growth","floor":44,"turns":3},{"damage":56,"enemies":"Nemesis","floor":45,"turns":7},{"damage":15,"enemies":"Jaw Worm Horde","floor":46,"turns":3},{"damage":20,"enemies":"4 Shapes","floor":47,"turns":2},{"damage":27,"enemies":"Spire Growth","floor":48,"turns":4},{"damage":60,"enemies":"Awakened One","floor":50,"turns":7}],"seed_played":"-6913773912735081395","potions_obtained":[{"floor":5,"key":"HeartOfIron"},{"floor":6,"key":"EntropicBrew"},{"floor":8,"key":"LiquidMemories"},{"floor":16,"key":"BloodPotion"}],"is_trial":false,"path_per_floor":["M","?","?","M","M","E","R","M","T","M","$","?","M","$","R","B",null,"M","M","?","?","M","R","E","$","T","M","M","R","?","E","R","B",null,"M","$","M","M","?","R","E","?","T","M","E","M","M","M","R","B",null],"character_chosen":"IRONCLAD","items_purchased":["Metallicize","Flame Barrier","Disarm","Heavy Blade","Anchor","Metallicize"],"campfire_rested":2,"item_purchase_floors":[11,11,14,36,36,36],"current_hp_per_floor":[80,85,78,80,80,29,54,60,70,64,64,64,65,65,65,18,95,71,43,74,74,71,71,21,21,21,38,49,49,36,43,71,51,95,94,94,95,95,95,95,81,81,81,95,58,73,95,75,75,63],"gold":368,"neow_bonus":"TRANSFORM_TWO_CARDS","is_daily":false,"chose_seed":false,"campfire_upgraded":5,"win_rate":0.0,"timestamp":1608808581,"path_taken":["M","?","?","M","M","E","R","M","T","M","$","?","?","$","R","BOSS","M","M","?","?","M","R","E","$","T","M","?","R","?","E","R","BOSS","M","$","M","M","?","R","E","?","T","M","E","M","?","M","R","BOSS"],"items_purchased_type":["Card","Card","Card","Card","Relic","Card"],"build_version":"2020-12-22","purchased_purges":4,"victory":true,"max_hp_per_floor":[80,85,85,85,85,85,85,85,95,95,95,95,95,95,95,95,95,95,95,95,95,95,95,95,95,95,95,95,95,95,95,95,95,95,95,95,95,95,95,95,95,95,95,95,95,95,95,95,95,95],"card_choices":[{"not_picked":["Anger","Pommel Strike"],"picked":"Heavy Blade","floor":1},{"not_picked":["Dropkick","Iron Wave"],"picked":"Armaments","floor":4},{"not_picked":["Twin Strike","Sword Boomerang"],"picked":"Flex","floor":5},{"not_picked":["Anger","Clash"],"picked":"Armaments","floor":6},{"not_picked":["Warcry","Ghostly Armor","Thunderclap"],"picked":"Double Tap","floor":8},{"not_picked":["Headbutt","Thunderclap","Iron Wave"],"picked":"Spot Weakness","floor":10},{"not_picked":["Bloodletting","Iron Wave","True Grit"],"picked":"Disarm","floor":13},{"not_picked":["Double Tap","Fiend Fire","Barricade"],"picked":"Impervious","floor":16},{"not_picked":["Rupture","Dropkick","Iron Wave"],"picked":"Flex+1","floor":18},{"not_picked":["Warcry","Inflame","Anger"],"picked":"Heavy Blade","floor":19},{"not_picked":["Clash","Flex","Second Wind"],"picked":"Heavy Blade","floor":22},{"not_picked":["Dropkick","Offering","Reckless Charge"],"picked":"Battle Trance","floor":24},{"not_picked":["Pommel Strike","Clothesline","Warcry"],"picked":"Metallicize+1","floor":27},{"not_picked":["Twin Strike","Sword Boomerang","Warcry"],"picked":"Inflame","floor":28},{"not_picked":["Heavy Blade","Entrench+1","Rupture"],"picked":"Dual Wield+1","floor":30},{"not_picked":["Flex","Armaments","Power Through"],"picked":"Reaper","floor":31},{"not_picked":["Offering","Reaper","Barricade"],"picked":"Limit Break","floor":33},{"not_picked":["Armaments","Rage+1","True Grit+1"],"picked":"Seeing Red+1","floor":35},{"not_picked":["Flame Barrier","Seeing Red","Flex+1"],"picked":"Iron Wave+1","floor":37},{"not_picked":["Anger+1","Reckless Charge","Rage+1"],"picked":"Flex+1","floor":38},{"not_picked":["Perfected Strike+1","Barricade","Rupture+1"],"picked":"Heavy Blade","floor":41},{"not_picked":["Cleave+1","Shrug It Off+1","Feel No Pain+1"],"picked":"Inflame","floor":44},{"not_picked":["Headbutt","Rage","Fire Breathing+1"],"picked":"Heavy Blade+1","floor":45},{"not_picked":["Rampage+1","Fire Breathing+1","Twin Strike+1"],"picked":"Whirlwind+1","floor":46},{"not_picked":["Anger+1","Brutality","Twin Strike+1"],"picked":"Inflame+1","floor":47},{"not_picked":["Perfected Strike+1","Thunderclap","Shockwave"],"picked":"Heavy Blade+1","floor":48}],"player_experience":35645,"relics_obtained":[{"floor":6,"key":"Question Card"},{"floor":9,"key":"Pear"},{"floor":24,"key":"TungstenRod"},{"floor":26,"key":"Meat on the Bone"},{"floor":30,"key":"Old Coin"},{"floor":30,"key":"Matryoshka"},{"floor":31,"key":"Blood Vial"},{"floor":41,"key":"Mummified Hand"},{"floor":43,"key":"Orichalcum"},{"floor":43,"key":"Vajra"},{"floor":45,"key":"Ginger"}],"event_choices":[{"damage_healed":0,"gold_gain":0,"player_choice":"Donut","damage_taken":0,"max_hp_gain":5,"max_hp_loss":0,"event_name":"Big Fish","floor":2,"gold_loss":0},{"damage_healed":0,"gold_gain":0,"player_choice":"Success","damage_taken":7,"relics_obtained":["Paper Frog"],"max_hp_gain":0,"max_hp_loss":0,"event_name":"Scrap Ooze","floor":3,"gold_loss":0},{"damage_healed":0,"gold_gain":175,"player_choice":"AGREE","damage_taken":0,"max_hp_gain":0,"max_hp_loss":0,"event_name":"Liars Game","floor":12,"gold_loss":0,"cards_obtained":["Doubt"]},{"damage_healed":31,"gold_gain":0,"player_choice":"Heal","damage_taken":0,"max_hp_gain":0,"max_hp_loss":0,"event_name":"The Library","floor":20,"gold_loss":0},{"damage_healed":0,"gold_gain":0,"player_choice":"Traded Relic","damage_taken":0,"relics_obtained":["Nloth\u0027s Gift"],"max_hp_gain":0,"max_hp_loss":0,"event_name":"N\u0027loth","floor":21,"relics_lost":["Pear"],"gold_loss":0},{"damage_healed":0,"gold_gain":0,"player_choice":"Fight","damage_taken":0,"max_hp_gain":0,"max_hp_loss":0,"event_name":"Colosseum","floor":30,"gold_loss":0},{"damage_healed":0,"gold_gain":0,"player_choice":"Fought Nobs","damage_taken":0,"max_hp_gain":0,"max_hp_loss":0,"event_name":"Colosseum","floor":30,"gold_loss":0},{"cards_removed":["Iron Wave"],"damage_healed":0,"gold_gain":0,"player_choice":"Removed Attack","damage_taken":0,"max_hp_gain":0,"max_hp_loss":0,"event_name":"Falling","floor":39,"gold_loss":0},{"cards_removed":["Strike_R"],"damage_healed":0,"gold_gain":0,"player_choice":"Purged","damage_taken":0,"max_hp_gain":0,"max_hp_loss":0,"event_name":"Purifier","floor":42,"gold_loss":0}],"is_beta":false,"boss_relics":[{"not_picked":["Runic Dome","Black Blood"],"picked":"Sozu"},{"not_picked":["Cursed Key","SacredBark"],"picked":"Philosopher\u0027s Stone"}],"items_purged_floors":[11,14,25,36],"is_endless":false,"potions_floor_spawned":[5,6,8,16,18,19,28,30,33,37,44,45,47],"ascension_level":1}}