{"host":"ty2cix8xj6r3ad26","time":1608843416,"event":{"mods":["AchievementEnabler","BaseMod","BetterRewards","Minty Spire (QoL Compilation)","StSLib","SuperFastMode"],"gold_per_floor":[110,123,140,151,151,151,171,171,171,141,141,167,56,82,82,187,187,206,206,206,206,206,206,235,252,252,264,0,0,0],"floor_reached":29,"playtime":1283,"items_purged":["Strike_B"],"score":359,"play_id":"cc183fc2-f898-4f56-8924-c489365e9a51","local_time":"20201224225656","is_ascension_mode":true,"campfire_choices":[{"data":"Sunder","floor":6,"key":"SMITH"},{"data":"Zap","floor":8,"key":"SMITH"},{"data":"Dualcast","floor":15,"key":"SMITH"},{"floor":23,"key":"REST"}],"circlet_count":0,"master_deck":["Strike_B","Defend_B","Defend_B","Defend_B","Zap+1","Dualcast+1","Cold Snap","Coolheaded","Sunder+1","Creative AI+1","Loop+1","White Noise","Seek","Force Field","Heatsinks+1","Sunder","Self Repair+1"],"relics":["Cracked Core","Tiny Chest","Letter Opener","Frozen Egg 2","Potion Belt","Prayer Wheel","Black Star","Happy Flower","Enchiridion","CaptainsWheel","Pocketwatch","DataDisk","Symbiotic Virus"],"acts_visited":["Exordium","TheCity"],"potions_floor_usage":[4,12,14,16,27,27],"damage_taken":[{"damage":1,"enemies":"Cultist","floor":1,"turns":3},{"damage":7,"enemies":"Jaw Worm","floor":2,"turns":3},{"damage":1,"enemies":"2 Louse","floor":3,"turns":3},{"damage":0,"enemies":"Gremlin Gang","floor":4,"turns":1},{"damage":6,"enemies":"Exordium Wildlife","floor":7,"turns":3},{"damage":12,"enemies":"3 Sentries","floor":12,"turns":5},{"damage":0,"enemies":"Lagavulin","floor":14,"turns":5},{"damage":5,"enemies":"The Guardian","floor":16,"turns":7},{"damage":24,"enemies":"Shell Parasite","floor":18,"turns":6},{"damage":59,"enemies":"Slavers","floor":24,"turns":4},{"damage":0,"enemies":"Spheric Guardian","floor":25,"turns":3},{"damage":7,"enemies":"Snecko","floor":27,"turns":4},{"damage":15,"enemies":"Colosseum Slavers","floor":29,"turns":1}],"seed_played":"-3372032539452371376","potions_obtained":[{"floor":2,"key":"AttackPotion"},{"floor":4,"key":"SneckoOil"},{"floor":10,"key":"FairyPotion"},{"floor":10,"key":"SkillPotion"},{"floor":12,"key":"AttackPotion"},{"floor":24,"key":"ColorlessPotion"},{"floor":25,"key":"Energy Potion"}],"is_trial":false,"path_per_floor":["M","M","M","M","?","R","M","R","T","?","T","E","$","E","R","B",null,"M","?","?","?","T","R","E","M","T","M","?","?"],"character_chosen":"DEFECT","items_purchased":["Loop+1"],"campfire_rested":1,"item_purchase_floors":[13],"current_hp_per_floor":[67,60,59,59,59,59,53,53,53,53,53,41,41,41,41,36,65,41,41,25,25,25,47,17,17,17,10,10,0,0],"gold":0,"neow_bonus":"RANDOM_COMMON_RELIC","is_daily":false,"chose_seed":false,"campfire_upgraded":3,"win_rate":0.0,"timestamp":1608843416,"path_taken":["M","M","?","M","?","R","M","R","T","?","?","E","$","E","R","BOSS","M","?","?","?","?","R","E","M","T","?","?","?"],"items_purchased_type":["Card"],"build_version":"2020-12-22","purchased_purges":1,"victory":false,"max_hp_per_floor":[75,75,75,75,75,75,75,75,75,75,75,75,75,75,75,75,75,75,75,75,75,75,75,75,75,75,75,75,75,75],"card_choices":[{"not_picked":["Leap","Streamline"],"picked":"Cold Snap","floor":1},{"not_picked":["Leap","Turbo","Barrage"],"picked":"SKIP","floor":2},{"not_picked":["Hello World","Cold Snap"],"picked":"Coolheaded","floor":3},{"not_picked":["Lockon","Ball Lightning"],"picked":"Sunder","floor":4},{"not_picked":["Beam Cell","Steam","Heatsinks"],"picked":"SKIP","floor":7},{"not_picked":["Consume","Chaos"],"picked":"Creative AI+1","floor":12},{"not_picked":["Redo","Fusion"],"picked":"White Noise","floor":14},{"not_picked":["Multi-Cast","Hyperbeam"],"picked":"Seek","floor":16},{"not_picked":["Steam","Streamline"],"picked":"Force Field","floor":18},{"not_picked":["Reprogram","Hologram","Rebound"],"picked":"SKIP","floor":18},{"not_picked":["FTL","Rebound+1","Beam Cell+1"],"picked":"SKIP","floor":24},{"not_picked":["Sweeping Beam+1","Scrape","Redo"],"picked":"SKIP","floor":25},{"not_picked":["Reinforced Body","Redo","Steam"],"picked":"SKIP","floor":25},{"not_picked":["Thunder Strike","Double Energy"],"picked":"Self Repair+1","floor":27},{"not_picked":["Darkness","Turbo","Stack"],"picked":"SKIP","floor":27}],"player_experience":387104,"relics_obtained":[{"floor":9,"key":"Letter Opener"},{"floor":11,"key":"Frozen Egg 2"},{"floor":12,"key":"Potion Belt"},{"floor":14,"key":"Prayer Wheel"},{"floor":20,"key":"Enchiridion"},{"floor":22,"key":"CaptainsWheel"},{"floor":24,"key":"Pocketwatch"},{"floor":24,"key":"DataDisk"},{"floor":26,"key":"Symbiotic Virus"}],"event_choices":[{"cards_removed":["Strike_B"],"damage_healed":0,"gold_gain":0,"player_choice":"Forget","damage_taken":0,"max_hp_gain":0,"max_hp_loss":0,"event_name":"Living Wall","floor":5,"gold_loss":0},{"damage_healed":0,"gold_gain":0,"player_choice":"Bought 2 Potions","damage_taken":0,"max_hp_gain":0,"max_hp_loss":0,"event_name":"The Woman in Blue","floor":10,"gold_loss":0},{"damage_healed":0,"gold_gain":0,"player_choice":"Opened","damage_taken":0,"relics_obtained":["Happy Flower"],"max_hp_gain":0,"max_hp_loss":0,"event_name":"The Mausoleum","floor":19,"gold_loss":0},{"damage_healed":0,"gold_gain":0,"player_choice":"Obtained Book","damage_taken":16,"max_hp_gain":0,"max_hp_loss":0,"event_name":"Cursed Tome","floor":20,"gold_loss":0},{"damage_healed":0,"gold_gain":0,"cards_transformed":["Defend_B","Strike_B"],"player_choice":"Became Test Subject","damage_taken":0,"max_hp_gain":0,"max_hp_loss":0,"event_name":"Drug Dealer","floor":21,"gold_loss":0,"cards_obtained":["Heatsinks","Sunder"]},{"damage_healed":0,"gold_gain":0,"player_choice":"Paid Fearfully","damage_taken":0,"max_hp_gain":0,"max_hp_loss":0,"event_name":"Masked Bandits","floor":28,"gold_loss":264},{"damage_healed":0,"gold_gain":0,"player_choice":"Fight","damage_taken":0,"max_hp_gain":0,"max_hp_loss":0,"event_name":"Colosseum","floor":29,"gold_loss":0}],"is_beta":false,"boss_relics":[{"not_picked":["Astrolabe","SlaversCollar"],"picked":"Black Star"}],"items_purged_floors":[13],"is_endless":false,"potions_floor_spawned":[2,4,12,24,25],"killed_by":"Colosseum Slavers","ascension_level":6}}