{"host":"0i8dz4ityulxi1rd","time":1608824193,"event":{"mods":["BaseMod","Colored Map","Colored Powertips","Custom Start","Highlight Path","Hubris","Keyboard Shortcuts","Minty Spire (QoL Compilation)","StSLib","SuperFastMode","The Runesmith"],"gold_per_floor":[118,131,0,0,14,14,52,66,66,66,66,66,89,137,137,137,137],"floor_reached":16,"playtime":447,"items_purged":["Strike_B"],"score":200,"play_id":"46f3d30e-5a28-4fe7-a096-a8fd26ce3813","local_time":"20201225003633","is_ascension_mode":true,"campfire_choices":[{"data":"Zap","floor":6,"key":"SMITH"},{"floor":15,"key":"REST"}],"circlet_count":0,"master_deck":["AscendersBane","Strike_B","Strike_B","Strike_B","Defend_B","Defend_B","Defend_B","Defend_B","Zap+1","Dualcast","FTL","Gash","Hologram","Coolheaded","Core Surge","Conserve Battery","Chill"],"relics":["SlaversCollar","Golden Idol","Orichalcum","hubris:ToyBattleship","Art of War"],"acts_visited":["Exordium"],"potions_floor_usage":[7,13],"damage_taken":[{"damage":21,"enemies":"Small Slimes","floor":1,"turns":4},{"damage":4,"enemies":"Jaw Worm","floor":2,"turns":4},{"damage":10,"enemies":"2 Louse","floor":5,"turns":3},{"damage":7,"enemies":"Lagavulin","floor":7,"turns":8},{"damage":18,"enemies":"Exordium Thugs","floor":8,"turns":6},{"damage":0,"enemies":"Lots of Slimes","floor":13,"turns":5},{"damage":27,"enemies":"The Guardian","floor":16,"turns":10}],"seed_played":"3468628093468710455","potions_obtained":[{"floor":1,"key":"EssenceOfSteel"},{"floor":8,"key":"EssenceOfSteel"}],"is_trial":false,"path_per_floor":["M","M","$","?","M","R","E","M","T","$","?","?","M","T","R","B"],"character_chosen":"DEFECT","items_purchased":["Hologram"],"campfire_rested":1,"item_purchase_floors":[3],"current_hp_per_floor":[43,39,39,39,29,29,22,4,4,4,4,4,4,4,23,0,0],"gold":137,"neow_bonus":"BOSS_RELIC","is_daily":false,"chose_seed":false,"campfire_upgraded":1,"win_rate":0.0,"timestamp":1608824193,"path_taken":["M","M","$","?","M","R","E","M","T","$","?","?","?","?","R","BOSS"],"items_purchased_type":["Card"],"build_version":"2020-12-22","purchased_purges":1,"victory":false,"max_hp_per_floor":[71,71,71,64,64,64,64,64,64,64,64,64,64,64,64,64,64],"card_choices":[{"not_picked":["White Noise","Gash"],"picked":"FTL","floor":1},{"not_picked":["hubris:Ukulele","Compile Driver","Gash"],"picked":"SKIP","floor":2},{"not_picked":["hubris:Ukulele","Compile Driver"],"picked":"Gash","floor":2},{"not_picked":["Steam","Rebound"],"picked":"Coolheaded","floor":5},{"not_picked":["Leap","Coolheaded"],"picked":"Core Surge","floor":7},{"not_picked":["hubris:Ukulele","Go for the Eyes"],"picked":"Conserve Battery","floor":8},{"not_picked":["Static Discharge","Redo"],"picked":"Chill","floor":13}],"player_experience":1267363,"relics_obtained":[{"floor":7,"key":"Orichalcum"},{"floor":12,"key":"hubris:ToyBattleship"},{"floor":14,"key":"Art of War"}],"event_choices":[{"damage_healed":0,"gold_gain":0,"player_choice":"Lose Max HP","damage_taken":0,"relics_obtained":["Golden Idol"],"max_hp_gain":0,"max_hp_loss":7,"event_name":"Golden Idol","floor":4,"gold_loss":0},{"damage_healed":0,"gold_gain":0,"player_choice":"Fled","damage_taken":0,"max_hp_gain":0,"max_hp_loss":0,"event_name":"Scrap Ooze","floor":11,"gold_loss":0},{"damage_healed":0,"gold_gain":0,"player_choice":"Relic","damage_taken":0,"max_hp_gain":0,"max_hp_loss":0,"event_name":"Wheel of Change","floor":12,"gold_loss":0}],"is_beta":false,"boss_relics":[],"items_purged_floors":[3],"is_endless":false,"potions_floor_spawned":[1,8],"killed_by":"The Guardian","ascension_level":20}}