{"host":"dazi714svy9she3p","time":1608789383,"event":{"mods":["AchievementEnabler","Act Like it!","BaseMod","Better Skull","CapriCore","CatGirl Mod","Colored Map","Downfall","Friendly Minions","GifTheSpireLib","Highlight Path","Hubris","Infinite Spire","Jorbs\u0027s Wanderer Trilogy","Koishi","Lobotomy","LobotomyExtend","Mad Scientist","Minty Spire (QoL Compilation)","Random Character Button","Rare Cards Sparkle","Relic Sorter","RemiliaÅiÂQïƒ‰ª?Åj","Replay The Spire","StSLib","The Animator","The Blackbeard","The Bladedancer","The Construct","The Cursed","The Druid","The Forsaken","The Gatherer","The Immortal","The Juggle","The Marked","The Mystic","The Wild Card"],"gold_per_floor":[112,128,145,159,3,3,14,27,27,27,38,38,38,51,51,149,199,199,199],"floor_reached":17,"playtime":1949,"items_purged":["Scarecrow"],"score":151,"play_id":"33c6227d-9865-49ef-ab8a-d6044a1c0ce1","local_time":"20201223215623","is_ascension_mode":false,"campfire_choices":[{"data":"MokouMod:Wildfire","floor":6,"key":"SMITH"},{"floor":13,"key":"REST"}],"circlet_count":0,"master_deck":["BigBird","LongBird","MokouMod:Strike","MokouMod:Strike","MokouMod:Strike","MokouMod:Strike","MokouMod:Strike","MokouMod:Defend","MokouMod:Defend","MokouMod:Defend","MokouMod:Defend","MokouMod:HeatSpark","MokouMod:Ember","Bloodbath","MokouMod:Wildfire+1","Wellcheers","MokouMod:FlickeringFlame","MokouMod:SacredFire","ShyLook","MokouMod:ScorchedEarth","MokouMod:FlareStarter+1","UniverseFragment","MokouMod:Wildfire+1","MokouMod:Rekindle","SnowQueen","MokouMod:Ventilation+1","BlueStar","MokouMod:Singe"],"relics":["MokouMod:PhoenixFeather","CogitoBucket","LetterFromLob","HellTrain","hubris:Towel","Justitia_r","Lamp_r","Tiny House"],"acts_visited":["Exordium","TheCity"],"potions_floor_usage":[16],"damage_taken":[{"damage":14,"enemies":"Jaw Worm","floor":1,"turns":5},{"damage":12,"enemies":"2 Louse","floor":2,"turns":3},{"damage":0,"enemies":"Small Slimes","floor":3,"turns":3},{"damage":12,"enemies":"2 Fungi Beasts","floor":4,"turns":3},{"damage":19,"enemies":"Gremlin Gang","floor":7,"turns":6},{"damage":23,"enemies":"Blue Slaver","floor":8,"turns":3},{"damage":0,"enemies":"2 Fungi Beasts","floor":11,"turns":2},{"damage":45,"enemies":"Large Slime","floor":14,"turns":7},{"damage":122,"enemies":"Fading Forest","floor":16,"turns":11}],"seed_played":"-758765723273074732","potions_obtained":[{"floor":2,"key":"EssenceOfSteel"},{"floor":4,"key":"Energy Potion"},{"floor":7,"key":"SpeedPotion"},{"floor":16,"key":"SpeedPotion"}],"is_trial":false,"path_per_floor":["M","M","M","M","$","R","M","M","T","?","M","?","R","M","R_BF","B",null],"character_chosen":"MKU","items_purchased":["MokouMod:ScorchedEarth"],"campfire_rested":1,"item_purchase_floors":[5],"current_hp_per_floor":[61,50,54,43,43,43,28,6,6,6,6,6,28,18,40,8,80,80,80],"gold":199,"neow_bonus":"","is_daily":false,"chose_seed":false,"campfire_upgraded":1,"win_rate":0.0,"timestamp":1608789383,"path_taken":["M","M","M","M","$","R","M","M","T","?","M","?","R","M","R_BF","BOSS"],"items_purchased_type":["Card"],"build_version":"2020-12-22","purchased_purges":1,"victory":false,"max_hp_per_floor":[75,75,75,75,75,75,75,75,75,75,75,75,75,75,75,75,80,80,80],"card_choices":[{"not_picked":["MokouMod:FujiyamaVolcano","MokouMod:InfernalWave"],"picked":"MokouMod:Ember","floor":1},{"not_picked":["Rudolta","UniverseFragment"],"picked":"Bloodbath","floor":1},{"not_picked":["MokouMod:FujiyamaVolcano","MokouMod:FlareStarter"],"picked":"MokouMod:Wildfire","floor":2},{"not_picked":["ShyLook","CherryBlossoms"],"picked":"Wellcheers","floor":2},{"not_picked":["MokouMod:ResoluteFlare","MokouMod:HeatTransfer"],"picked":"MokouMod:FlickeringFlame","floor":3},{"not_picked":["SpiderBud","FairyFestival"],"picked":"Scarecrow","floor":3},{"not_picked":["MokouMod:IcarusDive","MokouMod:FlickeringFlame"],"picked":"MokouMod:SacredFire","floor":4},{"not_picked":["Murderer","LongBird"],"picked":"ShyLook","floor":4},{"not_picked":["MokouMod:UncontrollableSolarReaction","MokouMod:ScorchedEarth"],"picked":"MokouMod:FlareStarter","floor":7},{"not_picked":["BeautyBeast","PunishingBird"],"picked":"UniverseFragment","floor":7},{"not_picked":["MokouMod:BurningDraft","MokouMod:TemporalFireSeal"],"picked":"MokouMod:Wildfire","floor":8},{"not_picked":["CherryBlossoms","FairyFestival"],"picked":"LongBird","floor":8},{"not_picked":["MokouMod:Cataclysm","MokouMod:FlareStarter"],"picked":"MokouMod:Rekindle","floor":11},{"not_picked":["BigBadWolf","BeautyBeast"],"picked":"SnowQueen","floor":11},{"not_picked":["WallGazer","Murderer"],"picked":"BigBird","floor":14},{"not_picked":["MokouMod:FlareStarter","MokouMod:Sear","MokouMod:Overheat"],"picked":"SKIP","floor":14},{"not_picked":["MokouMod:FlareStarter","MokouMod:Sear","MokouMod:Overheat"],"picked":"SKIP","floor":14},{"not_picked":["MokouMod:ExplosiveFlame","MokouMod:RadiantBlade"],"picked":"MokouMod:Ventilation","floor":16},{"not_picked":["CrumblingArmor","FairyFestival"],"picked":"BlueStar","floor":16},{"not_picked":["MokouMod:EternalBurstReactor","MokouMod:Ember"],"picked":"MokouMod:Singe","floor":17}],"player_experience":19056,"relics_obtained":[{"floor":1,"key":"LetterFromLob"}],"event_choices":[{"damage_healed":0,"gold_gain":0,"player_choice":"Grow","damage_taken":0,"max_hp_gain":0,"max_hp_loss":0,"event_name":"Living Wall","floor":12,"gold_loss":0,"cards_upgraded":["MokouMod:Wildfire"]}],"is_beta":false,"boss_relics":[{"not_picked":["Empty Cage","ReplayTheSpireMod:DimensionalGlitch"],"picked":"Tiny House"}],"items_purged_floors":[5],"is_endless":false,"potions_floor_spawned":[2,4,7,11,16],"ascension_level":0}}