{"host":"ln38befi3ugo1bsw","time":1608849087,"event":{"mods":["BaseMod","BetterRewards","Colored Map","Colored Powertips","Downfall","Hermit","Jorbs\u0027s Wanderer Trilogy","Lobotomy","Marisa????????","Minty Spire (QoL Compilation)","READ ME - Guardian Mod","READ ME - Snecko Mod","StSLib","SuperFastMode","The Cursed","The Servant 0.9.4"],"gold_per_floor":[116,132,149,119,138,163,163,177,177,107,122,122,150,168,168,265,265,285,245,255,272,290,290,290,290,316,327,352,277,303,303,303,404,404,421,434,279,290,300,334,347,347,374,374,374,374,374],"floor_reached":46,"playtime":3403,"items_purged":[],"score":529,"play_id":"92b9e875-089b-46be-956d-90c0f0bfea0e","local_time":"20201224173127","is_ascension_mode":false,"campfire_choices":[{"floor":12,"key":"REST"},{"data":"Crippling Poison","floor":15,"key":"SMITH"},{"floor":23,"key":"REST"},{"floor":25,"key":"REST"},{"floor":32,"key":"REST"},{"floor":42,"key":"REST"},{"floor":44,"key":"REST"}],"circlet_count":0,"master_deck":["Strike_G","Strike_G","Strike_G+1","Strike_G+1","Strike_G","Defend_G","Defend_G","Defend_G","Defend_G","Defend_G","Survivor","Neutralize","Dodge and Roll","Crippling Poison+1","Blade Dance","Outmaneuver","Blade Dance","Outmaneuver","Slice+1","Footwork","Backflip","Endless Agony+1","Skewer+1","Night Terror+1","Cloak And Dagger+1","Well Laid Plans","Deflect+1","Endless Agony+1","Blade Dance+1","Sucker Punch+1","Dagger Throw+1","Burst","Bouncing Flask+1","Distraction","Flying Knee+1","Noxious Fumes","Distraction+1","All Out Attack+1","Writhe"],"relics":["Ring of the Snake","Anchor","Molten Egg 2","Kunai","Ninja Scroll","SacredBark","Thread and Needle","War Paint","Bottled Lightning","Question Card","Sundial","Philosopher\u0027s Stone","Bronze Scales","Whetstone","Nunchaku"],"acts_visited":["Exordium","TheCity","TheBeyond"],"potions_floor_usage":[5,33,46],"damage_taken":[{"damage":1,"enemies":"Cultist","floor":1,"turns":5},{"damage":0,"enemies":"2 Louse","floor":2,"turns":4},{"damage":0,"enemies":"Jaw Worm","floor":3,"turns":6},{"damage":0,"enemies":"Looter","floor":4,"turns":4},{"damage":13,"enemies":"Exordium Wildlife","floor":5,"turns":8},{"damage":23,"enemies":"3 Sentries","floor":6,"turns":11},{"damage":0,"enemies":"2 Fungi Beasts","floor":8,"turns":2},{"damage":0,"enemies":"Blue Slaver","floor":11,"turns":3},{"damage":5,"enemies":"Lagavulin","floor":13,"turns":9},{"damage":6,"enemies":"Large Slime","floor":14,"turns":4},{"damage":37,"enemies":"The Guardian","floor":16,"turns":12},{"damage":0,"enemies":"Chosen","floor":18,"turns":4},{"damage":19,"enemies":"2 Thieves","floor":20,"turns":5},{"damage":12,"enemies":"Shelled Parasite and Fungi","floor":21,"turns":7},{"damage":15,"enemies":"3 Cultists","floor":22,"turns":5},{"damage":0,"enemies":"Centurion and Healer","floor":27,"turns":8},{"damage":4,"enemies":"Slavers","floor":28,"turns":7},{"damage":18,"enemies":"Gremlin Leader","floor":30,"turns":6},{"damage":44,"enemies":"Champ","floor":33,"turns":26},{"damage":0,"enemies":"Orb Walker","floor":35,"turns":3},{"damage":0,"enemies":"3 Shapes","floor":36,"turns":2},{"damage":4,"enemies":"Jaw Worm Horde","floor":38,"turns":3},{"damage":18,"enemies":"Sphere and 2 Shapes","floor":39,"turns":4},{"damage":19,"enemies":"Giant Head","floor":40,"turns":11},{"damage":22,"enemies":"4 Shapes","floor":41,"turns":4},{"damage":72,"enemies":"Orin","floor":46,"turns":6}],"seed_played":"-374394566334292976","potions_obtained":[{"floor":0,"key":"GamblersBrew"},{"floor":0,"key":"Regen Potion"},{"floor":0,"key":"EssenceOfSteel"},{"floor":6,"key":"Weak Potion"},{"floor":38,"key":"Fire Potion"}],"is_trial":false,"path_per_floor":["M","M","M","M","M","E","T","M","T","$","M","R","E","M","R","B",null,"M","$","M","M","M","R","?","R","T","M","E","?","E","?","R","B",null,"M","M","$","M","M","E","M","R","T","R","?","?"],"character_chosen":"THE_SILENT","items_purchased":["Footwork","Well Laid Plans","Bronze Scales"],"campfire_rested":6,"item_purchase_floors":[10,19,37],"current_hp_per_floor":[69,69,69,69,70,47,47,47,47,47,47,68,63,57,57,20,70,70,70,51,39,24,45,45,66,66,66,62,62,44,44,65,21,70,70,70,70,66,48,29,7,28,28,49,67,0,0],"gold":374,"neow_bonus":"THREE_SMALL_POTIONS","is_daily":false,"chose_seed":false,"campfire_upgraded":1,"win_rate":0.0,"timestamp":1608849087,"path_taken":["M","?","?","M","M","E","?","M","T","?","?","R","E","?","R","BOSS","M","$","?","M","M","R","?","R","T","M","E","?","E","?","R","BOSS","M","M","$","M","M","E","M","R","T","R","?","?"],"items_purchased_type":["Card","Card","Relic"],"build_version":"2020-12-22","purchased_purges":0,"victory":false,"max_hp_per_floor":[70,70,70,70,70,70,70,70,70,70,70,70,70,70,70,70,70,70,70,70,70,70,70,70,70,70,70,70,70,70,70,70,70,70,70,70,70,70,70,70,70,70,70,70,70,70,70],"card_choices":[{"not_picked":["Reflex","PiercingWail"],"picked":"Dodge and Roll","floor":1},{"not_picked":["Reflex","Outmaneuver"],"picked":"Crippling Poison","floor":2},{"not_picked":["Storm of Steel","Deflect"],"picked":"Blade Dance","floor":3},{"not_picked":["Leg Sweep","Crippling Poison"],"picked":"Outmaneuver","floor":4},{"not_picked":["PiercingWail","Skewer"],"picked":"Blade Dance","floor":5},{"not_picked":["Dagger Throw","Skewer"],"picked":"Outmaneuver","floor":6},{"not_picked":["Blade Dance","PiercingWail"],"picked":"Slice+1","floor":8},{"not_picked":["Slice+1","Deadly Poison"],"picked":"Backflip","floor":11},{"not_picked":["Prepared","Glass Knife+1"],"picked":"Endless Agony+1","floor":13},{"not_picked":["Expertise","Tactician"],"picked":"Skewer+1","floor":14},{"not_picked":["Burst","Venomology"],"picked":"Night Terror","floor":16},{"not_picked":["Expertise+1","Footwork"],"picked":"Cloak And Dagger+1","floor":18},{"not_picked":["Noxious Fumes","Blade Dance"],"picked":"Deflect","floor":20},{"not_picked":["Predator+1","Terror"],"picked":"Endless Agony+1","floor":21},{"not_picked":["Deflect","Flechettes+1"],"picked":"Blade Dance+1","floor":22},{"not_picked":["Dagger Spray+1","Slice+1"],"picked":"Sucker Punch+1","floor":27},{"not_picked":["Skewer+1","Malaise","Backflip"],"picked":"SKIP","floor":28},{"not_picked":["Cloak And Dagger","Underhanded Strike+1"],"picked":"Dagger Throw+1","floor":30},{"not_picked":["Bullet Time","Tools of the Trade","Doppelganger"],"picked":"Burst","floor":33},{"not_picked":["Backflip","Cloak And Dagger+1","Skewer+1"],"picked":"Bouncing Flask+1","floor":35},{"not_picked":["Slice+1","Quick Slash+1","Cloak And Dagger+1"],"picked":"Distraction","floor":36},{"not_picked":["Riddle With Holes+1","Dagger Throw+1","Expertise"],"picked":"Flying Knee+1","floor":38},{"not_picked":["Flechettes+1","Dagger Spray+1","Acrobatics"],"picked":"Noxious Fumes","floor":39},{"not_picked":["Storm of Steel","Eviscerate+1","Noxious Fumes+1"],"picked":"Distraction+1","floor":40},{"not_picked":["Dagger Throw+1","Dash+1","Bane+1"],"picked":"All Out Attack+1","floor":41}],"player_experience":50801,"relics_obtained":[{"floor":6,"key":"Anchor"},{"floor":7,"key":"Molten Egg 2"},{"floor":9,"key":"Kunai"},{"floor":13,"key":"Ninja Scroll"},{"floor":26,"key":"War Paint"},{"floor":28,"key":"Bottled Lightning"},{"floor":30,"key":"Question Card"},{"floor":40,"key":"Whetstone"},{"floor":43,"key":"Nunchaku"}],"event_choices":[{"damage_healed":0,"gold_gain":0,"player_choice":"Stole Relic","damage_taken":0,"relics_obtained":["Thread and Needle"],"max_hp_gain":0,"max_hp_loss":0,"event_name":"Addict","floor":24,"gold_loss":0,"cards_obtained":["Shame"]},{"cards_removed":["Shame"],"damage_healed":0,"gold_gain":0,"player_choice":"Gave Gold","damage_taken":0,"max_hp_gain":0,"max_hp_loss":0,"event_name":"Beggar","floor":29,"gold_loss":75},{"damage_healed":0,"gold_gain":0,"player_choice":"Opened","damage_taken":0,"relics_obtained":["Sundial"],"max_hp_gain":0,"max_hp_loss":0,"event_name":"The Mausoleum","floor":31,"gold_loss":0},{"damage_healed":18,"gold_gain":0,"player_choice":"Writhe","damage_taken":0,"max_hp_gain":0,"max_hp_loss":0,"event_name":"Winding Halls","floor":45,"gold_loss":0,"cards_obtained":["Writhe"]},{"damage_healed":0,"gold_gain":0,"player_choice":"Fight","damage_taken":0,"max_hp_gain":0,"max_hp_loss":0,"event_name":"OrinTheCat","floor":46,"gold_loss":0}],"is_beta":false,"boss_relics":[{"not_picked":["Velvet Choker","Runic Pyramid"],"picked":"SacredBark"},{"not_picked":["Empty Cage","Coffee Dripper"],"picked":"Philosopher\u0027s Stone"}],"items_purged_floors":[],"is_endless":false,"potions_floor_spawned":[1,2,6,8,13,16,27,30,38,41],"killed_by":"Orin","ascension_level":0}}