{"host":"qxeepl7ydvsgmfdb","time":1608820277,"event":{"mods":["AchievementEnabler","BaseMod","Colored Powertips","Minty Spire (QoL Compilation)","Quick Restart","slay the spire mod where everything is the same but ironclad has a cowboy hat"],"gold_per_floor":[117,117,67,80,80,107,117,143,166,18,38,58,90,103,103,203,203,214,214,62,80,46,46,58,70,70,96,96,371,383,401,401,505,505,520,520,534,387,387,387,334,334,334,178,178,209,233,261,273,285,285],"floor_reached":50,"playtime":5829,"items_purged":["Defend_G"],"score":562,"play_id":"521705d3-c841-4c83-bd75-da9a9db70aec","local_time":"20201224093117","is_ascension_mode":false,"campfire_choices":[{"floor":15.0,"key":"REST"},{"data":"Noxious Fumes","floor":23.0,"key":"SMITH"},{"data":"Dagger Spray","floor":32.0,"key":"SMITH"},{"data":"Envenom","floor":40.0,"key":"SMITH"},{"data":"Madness","floor":42.0,"key":"SMITH"},{"floor":49,"key":"REST"}],"circlet_count":0,"master_deck":["Strike_G","Strike_G","Strike_G","Strike_G","Defend_G","Defend_G","Survivor","Neutralize","Deadly Poison+1","Leg Sweep","Phantasmal Killer","Deadly Poison","Dodge and Roll","Cloak And Dagger","Blade Dance","Slice","PiercingWail","After Image+1","Bouncing Flask","Noxious Fumes+1","Poisoned Stab","Envenom+1","Distraction+1","Madness","Madness+1","Blade Dance","Backflip+1"],"relics":["Ring of the Snake","NeowsBlessing","Orichalcum","MealTicket","Anchor","Lantern","Dream Catcher","Busted Crown","Pear","White Beast Statue","Empty Cage","Oddly Smooth Stone","Meat on the Bone","Toy Ornithopter","MawBank"],"acts_visited":["Exordium","TheCity","TheBeyond"],"potions_floor_usage":[46,46,46,50,50],"damage_taken":[{"damage":0.0,"enemies":"2 Louse","floor":1.0,"turns":1.0},{"damage":0.0,"enemies":"Jaw Worm","floor":4.0,"turns":1.0},{"damage":0.0,"enemies":"3 Sentries","floor":6.0,"turns":2.0},{"damage":0.0,"enemies":"Cultist","floor":7.0,"turns":3.0},{"damage":11.0,"enemies":"Lagavulin","floor":8.0,"turns":7.0},{"damage":0.0,"enemies":"Red Slaver","floor":11.0,"turns":4.0},{"damage":0.0,"enemies":"Blue Slaver","floor":12.0,"turns":3.0},{"damage":34.0,"enemies":"3 Sentries","floor":13.0,"turns":10.0},{"damage":4.0,"enemies":"Lots of Slimes","floor":14.0,"turns":3.0},{"damage":41.0,"enemies":"Hexaghost","floor":16.0,"turns":11.0},{"damage":8.0,"enemies":"Chosen","floor":18.0,"turns":6.0},{"damage":0.0,"enemies":"Shell Parasite","floor":21.0,"turns":4.0},{"damage":7.0,"enemies":"Cultist and Chosen","floor":24.0,"turns":6.0},{"damage":0.0,"enemies":"Centurion and Healer","floor":25.0,"turns":7.0},{"damage":9.0,"enemies":"Book of Stabbing","floor":27.0,"turns":5.0},{"damage":1.0,"enemies":"Snake Plant","floor":30.0,"turns":4.0},{"damage":5.0,"enemies":"3 Cultists","floor":31.0,"turns":5.0},{"damage":60.0,"enemies":"Champ","floor":33.0,"turns":12.0},{"damage":14.0,"enemies":"Orb Walker","floor":35.0,"turns":4.0},{"damage":7.0,"enemies":"3 Darklings","floor":37.0,"turns":5.0},{"damage":23,"enemies":"Reptomancer","floor":46,"turns":7},{"damage":13,"enemies":"Maw","floor":47,"turns":7},{"damage":14,"enemies":"Sphere and 2 Shapes","floor":48,"turns":7},{"damage":123,"enemies":"Donu and Deca","floor":50,"turns":8}],"seed_played":"5330096084030765458","potions_obtained":[{"floor":6.0,"key":"EssenceOfSteel"},{"floor":7.0,"key":"SpeedPotion"},{"floor":12.0,"key":"EntropicBrew"},{"floor":27.0,"key":"Energy Potion"},{"floor":30.0,"key":"FairyPotion"},{"floor":31.0,"key":"Fruit Juice"},{"floor":33.0,"key":"FairyPotion"},{"floor":37.0,"key":"Fruit Juice"},{"floor":46,"key":"FearPotion"},{"floor":47,"key":"LiquidMemories"},{"floor":48,"key":"DistilledChaos"}],"is_trial":false,"path_per_floor":["M","?","?","M","?","E","M","E","T","$","M","M","E","M","R","B",null,"M","?","$","M","$","R","M","M","T","E","$","?","M","M","R","B",null,"M","?","M","$","?","R","$","R","T","$","?","E","M","M","R","B"],"character_chosen":"THE_SILENT","items_purchased":["Lantern","Bouncing Flask","Noxious Fumes","Oddly Smooth Stone","Blade Dance","Toy Ornithopter"],"campfire_rested":2,"item_purchase_floors":[10,20,22,38,41,44],"current_hp_per_floor":[70,70,70,70,70,70,70,59,59,70,70,70,36,32,53,12,70,62,62,70,70,70,70,63,63,73,64,79,79,78,78,78,18,85,71,71,69,84,73,73,88,88,88,90,90,67,54,52,79,0,0],"gold":285,"neow_bonus":"THREE_ENEMY_KILL","is_daily":false,"chose_seed":false,"campfire_upgraded":4,"win_rate":0.0,"timestamp":1608820277,"path_taken":["M","?","?","M","?","E","?","E","T","?","M","M","E","M","R","BOSS","M","?","$","M","$","R","M","?","T","E","?","?","?","M","R","BOSS","M","?","M","$","?","R","?","R","T","$","?","E","M","M","R","BOSS"],"items_purchased_type":["Relic","Card","Card","Relic","Card","Relic"],"build_version":"2020-12-22","purchased_purges":1,"victory":false,"max_hp_per_floor":[70,70,70,70,70,70,70,70,70,70,70,70,70,70,70,70,70,70,70,70,70,70,70,70,70,80,80,80,80,80,85,85,85,85,85,85,90,90,90,90,90,90,90,90,90,90,90,90,90,90,90],"card_choices":[{"not_picked":["Skewer","Prepared"],"picked":"Deadly Poison","floor":1.0},{"not_picked":["Blur","Slice"],"picked":"Leg Sweep","floor":4.0},{"not_picked":["Escape Plan","Reflex"],"picked":"Dagger Spray","floor":6.0},{"not_picked":["Infinite Blades","PiercingWail"],"picked":"Deadly Poison","floor":7.0},{"not_picked":["Flying Knee","Deflect","Setup"],"picked":"SKIP","floor":8.0},{"not_picked":["Reflex","Riddle With Holes"],"picked":"Dodge and Roll","floor":11.0},{"not_picked":["Deflect","Quick Slash"],"picked":"Cloak And Dagger","floor":12.0},{"not_picked":["A Thousand Cuts","Reflex"],"picked":"Blade Dance","floor":13.0},{"not_picked":["PiercingWail","Bane"],"picked":"Slice","floor":14.0},{"not_picked":["Accuracy","Outmaneuver"],"picked":"PiercingWail","floor":15.0},{"not_picked":["Wraith Form v2","Glass Knife"],"picked":"After Image","floor":16.0},{"not_picked":["Endless Agony"],"picked":"SKIP","floor":18.0},{"not_picked":["Prepared"],"picked":"SKIP","floor":21.0},{"not_picked":["Dodge and Roll"],"picked":"SKIP","floor":24.0},{"not_picked":[],"picked":"Poisoned Stab","floor":25.0},{"not_picked":["Quick Slash"],"picked":"SKIP","floor":27.0},{"not_picked":["Prepared"],"picked":"SKIP","floor":30.0},{"not_picked":["PiercingWail"],"picked":"SKIP","floor":31.0},{"not_picked":[],"picked":"Envenom","floor":33.0},{"not_picked":[],"picked":"Distraction+1","floor":35.0},{"not_picked":["Caltrops"],"picked":"SKIP","floor":37.0},{"not_picked":["Finisher+1"],"picked":"SKIP","floor":46},{"not_picked":[],"picked":"Backflip+1","floor":47},{"not_picked":["Dodge and Roll"],"picked":"SKIP","floor":48}],"player_experience":359133,"relics_obtained":[{"floor":6.0,"key":"Orichalcum"},{"floor":8.0,"key":"MealTicket"},{"floor":9.0,"key":"Anchor"},{"floor":13.0,"key":"Dream Catcher"},{"floor":26.0,"key":"Pear"},{"floor":27.0,"key":"White Beast Statue"},{"floor":43.0,"key":"Meat on the Bone"},{"floor":46,"key":"MawBank"}],"event_choices":[{"damage_healed":0.0,"max_hp_gain":0.0,"max_hp_loss":0.0,"gold_gain":0.0,"event_name":"Living Wall","player_choice":"Grow","floor":2.0,"gold_loss":0.0,"damage_taken":0.0,"cards_upgraded":["Deadly Poison"]},{"cards_removed":["Strike_G"],"damage_healed":0.0,"max_hp_gain":0.0,"max_hp_loss":0.0,"gold_gain":0.0,"event_name":"The Cleric","player_choice":"Card Removal","floor":3.0,"gold_loss":50.0,"damage_taken":0.0},{"damage_healed":0.0,"max_hp_gain":0.0,"max_hp_loss":0.0,"gold_gain":0.0,"cards_transformed":["Defend_G"],"event_name":"Transmorgrifier","player_choice":"Transformed","floor":5.0,"gold_loss":0.0,"damage_taken":0.0,"cards_obtained":["Phantasmal Killer"]},{"damage_healed":0.0,"max_hp_gain":0.0,"max_hp_loss":0.0,"gold_gain":0.0,"event_name":"Upgrade Shrine","player_choice":"Upgraded","floor":19.0,"gold_loss":0.0,"damage_taken":0.0,"cards_upgraded":["After Image"]},{"damage_healed":0.0,"max_hp_gain":0.0,"max_hp_loss":0.0,"gold_gain":275.0,"event_name":"Golden Shrine","player_choice":"Desecrate","floor":29.0,"gold_loss":0.0,"damage_taken":0.0,"cards_obtained":["Regret"]},{"damage_healed":0.0,"max_hp_gain":0.0,"max_hp_loss":0.0,"gold_gain":0.0,"event_name":"Tomb of Lord Red Mask","player_choice":"Ignored","floor":36.0,"gold_loss":0.0,"damage_taken":0.0},{"damage_healed":0.0,"max_hp_gain":0.0,"max_hp_loss":0.0,"gold_gain":0.0,"event_name":"Winding Halls","player_choice":"Embrace Madness","floor":39.0,"gold_loss":0.0,"damage_taken":11.0,"cards_obtained":["Madness","Madness"]},{"cards_removed":["Dagger Spray"],"damage_healed":0.0,"max_hp_gain":0.0,"max_hp_loss":0.0,"gold_gain":0.0,"event_name":"Falling","player_choice":"Removed Attack","floor":45.0,"gold_loss":0.0,"damage_taken":0.0}],"is_beta":false,"boss_relics":[{"not_picked":["Velvet Choker","Coffee Dripper"],"picked":"Busted Crown"},{"not_picked":["Runic Dome","Sozu"],"picked":"Empty Cage"}],"items_purged_floors":[20],"is_endless":false,"potions_floor_spawned":[6,7,12,21,27,30,31,33,35,37,46,47,48],"killed_by":"Donu and Deca","ascension_level":0}}