{"host":"dl5mjdlimopbuch5","time":1608820189,"event":{"mods":["AchievementEnabler","BaseMod","Colored Powertips","Googly Eyes","Minty Spire (QoL Compilation)","Quick Restart"],"gold_per_floor":[109,284,284,296,349,378,378,378,424,466,478,490,502,524,536,653,715,738,763,182,75,87,115,115,115,115,115,115,125,204,218,218,218,218],"floor_reached":33,"playtime":952,"items_purged":[],"score":395,"play_id":"82df3b6d-4d83-4aa9-9259-574efafcf4f1","local_time":"20201224142949","is_ascension_mode":true,"campfire_choices":[{"data":"Dagger Throw","floor":7,"key":"SMITH"},{"floor":15,"key":"REST"},{"floor":24,"key":"REST"},{"data":"Accuracy","floor":27,"key":"SMITH"},{"floor":32,"key":"REST"}],"circlet_count":0,"master_deck":["Strike_G+1","Strike_G+1","Strike_G+1","Strike_G+1","Strike_G+1","Defend_G+1","Defend_G+1","Defend_G+1","Defend_G+1","Defend_G+1","Survivor","Neutralize","Dagger Throw+1","Blade Dance+1","Venomology","Accuracy+1","Blade Dance","Cloak And Dagger","Backstab+1"],"relics":["Ring of the Snake","NeowsBlessing","War Paint","Regal Pillow","MawBank","Paper Crane","Tiny House","Lizard Tail","Thread and Needle","MealTicket","Molten Egg 2","Gremlin Horn","Pear"],"acts_visited":["Exordium","TheCity"],"potions_floor_usage":[16,18,19,23,23,33,33,33,33],"damage_taken":[{"damage":0,"enemies":"Jaw Worm","floor":1,"turns":1},{"damage":0,"enemies":"Small Slimes","floor":4,"turns":1},{"damage":0,"enemies":"Gremlin Nob","floor":6,"turns":1},{"damage":26,"enemies":"3 Sentries","floor":10,"turns":9},{"damage":0,"enemies":"2 Louse","floor":14,"turns":1},{"damage":55,"enemies":"The Guardian","floor":16,"turns":19},{"damage":8,"enemies":"2 Thieves","floor":18,"turns":4},{"damage":6,"enemies":"3 Byrds","floor":19,"turns":4},{"damage":20,"enemies":"Cultist and Chosen","floor":22,"turns":7},{"damage":9,"enemies":"Book of Stabbing","floor":23,"turns":5},{"damage":23,"enemies":"Snecko","floor":29,"turns":5},{"damage":17,"enemies":"Snake Plant","floor":31,"turns":6},{"damage":31,"enemies":"Collector","floor":33,"turns":5}],"seed_played":"3116411725804159185","potions_obtained":[{"floor":1,"key":"GhostInAJar"},{"floor":6,"key":"LiquidMemories"},{"floor":10,"key":"ColorlessPotion"},{"floor":17,"key":"Weak Potion"},{"floor":18,"key":"CunningPotion"}],"is_trial":false,"path_per_floor":["M","?","?","M","T","E","R","?","T","E","?","$","?","M","R","B",null,"M","M","$","?","M","E","R","?","T","R","?","M","T","M","R","B"],"character_chosen":"THE_SILENT","items_purchased":["Lizard Tail","Thread and Needle"],"campfire_rested":3,"item_purchase_floors":[20,20],"current_hp_per_floor":[70,70,63,63,63,63,63,63,63,37,23,23,23,23,59,4,59,51,45,45,45,25,16,53,53,53,53,53,30,40,23,63,32,32],"gold":218,"neow_bonus":"THREE_ENEMY_KILL","is_daily":false,"chose_seed":false,"campfire_upgraded":2,"win_rate":0.0,"timestamp":1608820189,"path_taken":["M","?","?","M","?","E","R","?","T","E","?","$","?","?","R","BOSS","M","M","$","?","?","E","R","?","T","R","?","M","?","?","R","BOSS"],"items_purchased_type":["Relic","Relic"],"build_version":"2020-12-22","purchased_purges":0,"victory":false,"max_hp_per_floor":[70,70,70,70,70,70,70,70,70,70,70,70,70,70,70,70,75,75,75,75,75,75,75,75,75,75,75,75,75,85,85,85,85,85],"card_choices":[{"not_picked":["Escape Plan","Sucker Punch","Expertise"],"picked":"SKIP","floor":1},{"not_picked":["Sucker Punch","Dagger Spray"],"picked":"Dagger Throw","floor":4},{"not_picked":["Backflip","Well Laid Plans","Flying Knee"],"picked":"SKIP","floor":6},{"not_picked":["Dagger Throw","Bane"],"picked":"Blade Dance","floor":10},{"not_picked":["Cloak And Dagger","Dagger Throw","Finisher"],"picked":"SKIP","floor":14},{"not_picked":["Phantasmal Killer","Corpse Explosion"],"picked":"Venomology","floor":16},{"not_picked":["Backflip","Blur"],"picked":"Accuracy","floor":17},{"not_picked":["Flechettes","Well Laid Plans"],"picked":"Blade Dance","floor":18},{"not_picked":["Masterful Stab+1","Well Laid Plans","Quick Slash"],"picked":"SKIP","floor":19},{"not_picked":["Deadly Poison","Dash"],"picked":"Cloak And Dagger","floor":22},{"not_picked":["Escape Plan","Deadly Poison+1","Dagger Spray+1"],"picked":"SKIP","floor":23},{"not_picked":["Escape Plan","Terror","Acrobatics"],"picked":"SKIP","floor":29},{"not_picked":["Bane+1","Outmaneuver"],"picked":"Backstab+1","floor":31}],"player_experience":236068,"relics_obtained":[{"floor":5,"key":"War Paint"},{"floor":6,"key":"Regal Pillow"},{"floor":9,"key":"MawBank"},{"floor":10,"key":"Paper Crane"},{"floor":23,"key":"Molten Egg 2"},{"floor":26,"key":"Gremlin Horn"},{"floor":30,"key":"Pear"}],"event_choices":[{"damage_healed":0,"gold_gain":175,"player_choice":"AGREE","damage_taken":0,"max_hp_gain":0,"max_hp_loss":0,"event_name":"Liars Game","floor":2,"gold_loss":0,"cards_obtained":["Doubt"]},{"cards_removed":["Doubt"],"damage_healed":0,"gold_gain":0,"player_choice":"Card Removal","damage_taken":7,"max_hp_gain":0,"max_hp_loss":0,"event_name":"Golden Wing","floor":3,"gold_loss":0},{"damage_healed":0,"gold_gain":0,"player_choice":"Leave","damage_taken":0,"max_hp_gain":0,"max_hp_loss":0,"event_name":"The Cleric","floor":8,"gold_loss":0},{"damage_healed":0,"gold_gain":0,"player_choice":"Entered Light","damage_taken":14,"max_hp_gain":0,"max_hp_loss":0,"event_name":"Shining Light","floor":11,"gold_loss":0,"cards_upgraded":["Defend_G","Strike_G"]},{"damage_healed":0,"gold_gain":0,"player_choice":"Grow","damage_taken":0,"max_hp_gain":0,"max_hp_loss":0,"event_name":"Living Wall","floor":13,"gold_loss":0,"cards_upgraded":["Blade Dance"]},{"damage_healed":0,"gold_gain":0,"player_choice":"Paid Gold","damage_taken":0,"relics_obtained":["MealTicket"],"max_hp_gain":0,"max_hp_loss":0,"event_name":"WeMeetAgain","floor":21,"gold_loss":107},{"damage_healed":0,"gold_gain":0,"player_choice":"Simplicity","damage_taken":0,"max_hp_gain":0,"max_hp_loss":0,"event_name":"Back to Basics","floor":25,"gold_loss":0,"cards_upgraded":["Strike_G","Strike_G","Strike_G","Defend_G","Defend_G"]},{"damage_healed":0,"gold_gain":0,"player_choice":"Ignored","damage_taken":0,"max_hp_gain":0,"max_hp_loss":0,"event_name":"Beggar","floor":28,"gold_loss":0}],"is_beta":false,"boss_relics":[{"not_picked":["Sozu","Astrolabe"],"picked":"Tiny House"}],"items_purged_floors":[],"is_endless":false,"potions_floor_spawned":[1,6,10,18,19,31],"killed_by":"Collector","ascension_level":5}}