{"host":"h0xw20cia6ppa69g","time":1608803567,"event":{"mods":["AchievementEnabler","BaseMod","Colored Map","Filter the Spire","Googly Eyes","Minty Spire (QoL Compilation)","Relic Stats","StSLib","The Awakened One except there are too many feathers","everything is the same but u backflip on backflip"],"gold_per_floor":[115,131,131,141,35,65,65,81,104,118,118,153,166,196,196,300,300,312,326,101,114,114,147,159,159,184,216,216,216,252,286,286,384,384,406,418,430,442,473,485,521,560,572,584,621,649,692,723,735,747,759,771,100,133,133,133],"floor_reached":55,"playtime":3989,"items_purged":[],"score":1053,"play_id":"12c744f7-3070-4cce-9be5-8e905bce1f1b","local_time":"20201224035247","is_ascension_mode":true,"campfire_choices":[{"data":"Bullet Time","floor":7.0,"key":"SMITH"},{"data":"Footwork","floor":11.0,"key":"SMITH"},{"data":"Caltrops","floor":15.0,"key":"SMITH"},{"data":"Burst","floor":25,"key":"SMITH"},{"floor":29,"key":"REST"},{"data":"Setup","floor":32,"key":"SMITH"},{"floor":40,"key":"RECALL"},{"floor":49,"key":"REST"},{"data":"Well Laid Plans","floor":52,"key":"SMITH"}],"circlet_count":0,"master_deck":["Survivor","Neutralize","Envenom","Dodge and Roll","Quick Slash","Unload","Bullet Time+1","Riddle With Holes+1","Expertise","Heel Hook","Backflip","Deflect","Sucker Punch","Dagger Spray","Blur","Footwork+1","Leg Sweep","Well Laid Plans+1","Dodge and Roll","Burst+1","Setup+1","Caltrops+1","Malaise","Outmaneuver+1","Dodge and Roll","Noxious Fumes","PiercingWail","PiercingWail","Poisoned Stab+1","Acrobatics","Adrenaline","CurseOfTheBell","Dodge and Roll+1","Prepared+1","Venomology","Concentrate+1","Wraith Form v2+1","Noxious Fumes+1","Riddle With Holes","Caltrops+1","Blade Dance","PiercingWail","Prepared+1"],"relics":["Pandora\u0027s Box","Art of War","Boot","Dream Catcher","InkBottle","Philosopher\u0027s Stone","Toolbox","Torii","Snake Skull","Bag of Marbles","Centennial Puzzle","Calling Bell","MawBank","Ornamental Fan","Tingsha","Pear","MealTicket","Regal Pillow","Frozen Egg 2","Singing Bowl","Orichalcum","Gremlin Horn","Sling","Whetstone","Calipers"],"acts_visited":["Exordium","TheCity","TheBeyond","TheEnding"],"potions_floor_usage":[27,31,42,47,47,48,48,50,54,54,55,55,55,55],"damage_taken":[{"damage":0.0,"enemies":"Cultist","floor":1.0,"turns":3.0},{"damage":0.0,"enemies":"Jaw Worm","floor":2.0,"turns":3.0},{"damage":0.0,"enemies":"2 Louse","floor":4.0,"turns":2.0},{"damage":9.0,"enemies":"Lagavulin","floor":6.0,"turns":7.0},{"damage":0.0,"enemies":"Looter","floor":8.0,"turns":3.0},{"damage":4.0,"enemies":"Red Slaver","floor":10.0,"turns":3.0},{"damage":0.0,"enemies":"Gremlin Nob","floor":12.0,"turns":3.0},{"damage":0.0,"enemies":"Exordium Thugs","floor":13.0,"turns":4.0},{"damage":0.0,"enemies":"Lagavulin","floor":14.0,"turns":7.0},{"damage":1.0,"enemies":"Hexaghost","floor":16.0,"turns":9.0},{"damage":3,"enemies":"Spheric Guardian","floor":18,"turns":4},{"damage":7,"enemies":"Shell Parasite","floor":19,"turns":6},{"damage":1,"enemies":"Snecko","floor":21,"turns":5},{"damage":4,"enemies":"Book of Stabbing","floor":23,"turns":6},{"damage":15,"enemies":"Chosen and Byrds","floor":24,"turns":6},{"damage":24,"enemies":"Slavers","floor":27,"turns":8},{"damage":1,"enemies":"Sentry and Sphere","floor":30,"turns":7},{"damage":11,"enemies":"Gremlin Leader","floor":31,"turns":5},{"damage":2,"enemies":"Automaton","floor":33,"turns":11},{"damage":0,"enemies":"3 Shapes","floor":35,"turns":4},{"damage":1,"enemies":"Orb Walker","floor":39,"turns":3},{"damage":0,"enemies":"Reptomancer","floor":42,"turns":8},{"damage":20,"enemies":"Nemesis","floor":45,"turns":6},{"damage":0,"enemies":"Maw","floor":46,"turns":7},{"damage":2,"enemies":"Reptomancer","floor":47,"turns":6},{"damage":14,"enemies":"Writhing Mass","floor":48,"turns":8},{"damage":8,"enemies":"Donu and Deca","floor":50,"turns":8},{"damage":37,"enemies":"Shield and Spear","floor":54,"turns":8},{"damage":67,"enemies":"The Heart","floor":55,"turns":9}],"seed_played":"-3242043347075510504","potions_obtained":[{"floor":2.0,"key":"Energy Potion"},{"floor":3.0,"key":"Fruit Juice"},{"floor":3.0,"key":"Fruit Juice"},{"floor":3.0,"key":"Ancient Potion"},{"floor":12.0,"key":"Fire Potion"},{"floor":19,"key":"DuplicationPotion"},{"floor":21,"key":"CultistPotion"},{"floor":30,"key":"CunningPotion"},{"floor":31,"key":"Explosive Potion"},{"floor":39,"key":"FearPotion"},{"floor":46,"key":"PowerPotion"}],"is_trial":false,"path_per_floor":["M","M","?","M","$","E","R","M","T","M","R","E","M","E","R","B",null,"M","M","$","M","T","E","M","R","T","E","T","R","M","E","R","B",null,"M","?","?","?","M","R","T","E","T","?","E","M","E","M","R","B",null,"R","$","E","B"],"character_chosen":"THE_SILENT","items_purchased":["Footwork","Backstab","Noxious Fumes","Toolbox","Caltrops+1","Gremlin Horn","Sling","Blade Dance","Whetstone","PiercingWail"],"campfire_rested":2,"item_purchase_floors":[5,5,20,20,53,53,53,53,53,53],"current_hp_per_floor":[70,70,75,75,75,66,66,66,66,62,62,67,67,67,67,66,80,77,70,70,69,69,65,50,50,50,26,26,50,49,38,38,36,80,80,80,76,86,85,85,85,85,85,85,65,65,63,49,86,78,86,86,86,49,0,0],"gold":133,"neow_bonus":"BOSS_RELIC","is_daily":false,"chose_seed":false,"campfire_upgraded":6,"win_rate":0.0,"timestamp":1608803567,"path_taken":["M","M","?","M","$","E","R","M","T","M","R","E","M","E","R","BOSS","M","?","$","M","?","E","M","R","T","E","?","R","M","E","R","BOSS","M","?","?","?","?","R","?","E","T","?","E","M","E","M","R","BOSS","R","$","E","BOSS"],"items_purchased_type":["Card","Card","Card","Relic","Card","Relic","Relic","Card","Relic","Card"],"build_version":"2020-12-22","purchased_purges":0,"victory":false,"max_hp_per_floor":[70,70,75,75,75,75,75,75,75,75,75,80,80,80,80,80,80,80,80,80,80,80,80,80,80,80,80,80,80,80,80,80,80,80,80,80,76,86,86,86,86,86,86,86,86,86,86,86,86,86,86,86,86,86,86,86],"relic_stats":{"Regal Pillow":12,"Torii":33,"Singing Bowl":0,"Gremlin Horn":[1,1],"counters":[29,169],"Tingsha":[177],"Snake Skull":[235],"Whetstone":["Poisoned Stab","Riddle With Holes"],"Orichalcum":[0],"Boot":[421],"MawBank":228,"Dream Catcher":2,"Centennial Puzzle":[24],"Ornamental Fan":[60],"Pandora\u0027s Box":["Envenom","Dodge and Roll","Quick Slash","Unload","Bullet Time","Riddle With Holes","Expertise","Heel Hook","Backflip","Deflect"],"MealTicket":0,"Art of War":[31],"obtain_stats":[{"Regal Pillow":42,"Calipers":54,"Torii":22,"Singing Bowl":45,"Gremlin Horn":53,"Snake Skull":26,"Whetstone":53,"Boot":9,"Sling":53,"Dream Catcher":12,"Centennial Puzzle":31,"Toolbox":20,"Philosopher\u0027s Stone":17,"MealTicket":41,"InkBottle":14,"Ring of the Snake":0,"Pear":38,"Tingsha":34,"Frozen Egg 2":43,"Orichalcum":47,"MawBank":34,"Calling Bell":34,"Ornamental Fan":34,"Pandora\u0027s Box":0,"Art of War":6,"Bag of Marbles":27},{"Regal Pillow":22,"Calipers":28,"Torii":13,"Singing Bowl":23,"Gremlin Horn":27,"Snake Skull":15,"Whetstone":27,"Boot":5,"Sling":27,"Dream Catcher":7,"Centennial Puzzle":18,"Toolbox":12,"Philosopher\u0027s Stone":10,"MealTicket":21,"InkBottle":9,"Ring of the Snake":0,"Pear":20,"Tingsha":19,"Frozen Egg 2":22,"Orichalcum":25,"MawBank":19,"Calling Bell":19,"Ornamental Fan":19,"Pandora\u0027s Box":0,"Art of War":4,"Bag of Marbles":16},{"Regal Pillow":117,"Calipers":160,"Torii":59,"Singing Bowl":123,"Gremlin Horn":152,"Snake Skull":71,"Whetstone":152,"Boot":18,"Sling":152,"Dream Catcher":24,"Centennial Puzzle":91,"Toolbox":54,"Philosopher\u0027s Stone":44,"MealTicket":109,"InkBottle":35,"Ring of the Snake":0,"Pear":106,"Tingsha":102,"Frozen Egg 2":117,"Orichalcum":136,"MawBank":102,"Calling Bell":102,"Ornamental Fan":102,"Pandora\u0027s Box":0,"Art of War":15,"Bag of Marbles":79}],"InkBottle":[56]},"card_choices":[{"not_picked":["Choke","Reflex"],"picked":"Sucker Punch","floor":1.0},{"not_picked":["Concentrate","Deadly Poison"],"picked":"Dagger Spray","floor":2.0},{"not_picked":["Backflip","Finisher"],"picked":"Blur","floor":4.0},{"not_picked":["Catalyst","Bouncing Flask"],"picked":"Leg Sweep","floor":6.0},{"not_picked":["Dagger Spray","Deflect"],"picked":"Well Laid Plans","floor":8.0},{"not_picked":["Dash","Deflect"],"picked":"Dodge and Roll","floor":10.0},{"not_picked":["Dagger Spray","Cloak And Dagger"],"picked":"Burst","floor":12.0},{"not_picked":["Outmaneuver","Acrobatics"],"picked":"Setup","floor":13.0},{"not_picked":["Choke","Dagger Spray"],"picked":"Caltrops","floor":14.0},{"not_picked":["Glass Knife","Burst"],"picked":"Malaise","floor":16.0},{"not_picked":["Dash","Sucker Punch"],"picked":"Outmaneuver+1","floor":18},{"not_picked":["Underhanded Strike+1","Quick Slash"],"picked":"Dodge and Roll","floor":19},{"not_picked":["Prepared","Cloak And Dagger","Slice"],"picked":"SKIP","floor":21},{"not_picked":["Blade Dance","Quick Slash+1"],"picked":"PiercingWail","floor":23},{"not_picked":["Dodge and Roll","Slice","Well Laid Plans"],"picked":"SKIP","floor":24},{"not_picked":["Predator+1","Underhanded Strike"],"picked":"PiercingWail","floor":27},{"not_picked":["Bouncing Flask","Dagger Throw+1"],"picked":"Poisoned Stab","floor":29},{"not_picked":["Deflect","Slice"],"picked":"Acrobatics","floor":30},{"not_picked":["Deadly Poison","Quick Slash+1","Choke"],"picked":"SKIP","floor":31},{"not_picked":["Corpse Explosion","Phantasmal Killer"],"picked":"Adrenaline","floor":33},{"not_picked":["Backflip","Poisoned Stab+1","Outmaneuver"],"picked":"SKIP","floor":35},{"not_picked":["Escape Plan","Flying Knee+1"],"picked":"Dodge and Roll+1","floor":39},{"not_picked":["Skewer+1","Eviscerate+1"],"picked":"Prepared+1","floor":42},{"not_picked":["Acrobatics+1","Backflip+1"],"picked":"Venomology","floor":45},{"not_picked":["Dodge and Roll","Blur"],"picked":"Concentrate+1","floor":46},{"not_picked":["Infinite Blades+1","Choke"],"picked":"Wraith Form v2+1","floor":47},{"not_picked":["Deflect+1","Outmaneuver"],"picked":"Noxious Fumes+1","floor":48},{"not_picked":["PiercingWail","Acrobatics"],"picked":"Riddle With Holes","floor":49},{"not_picked":["Phantasmal Killer","Flying Knee+1"],"picked":"Prepared+1","floor":54}],"player_experience":3540075,"relics_obtained":[{"floor":6.0,"key":"Art of War"},{"floor":9.0,"key":"Boot"},{"floor":12.0,"key":"Dream Catcher"},{"floor":14.0,"key":"InkBottle"},{"floor":22,"key":"Torii"},{"floor":26,"key":"Snake Skull"},{"floor":27,"key":"Bag of Marbles"},{"floor":31,"key":"Centennial Puzzle"},{"floor":34,"key":"MawBank"},{"floor":34,"key":"Ornamental Fan"},{"floor":34,"key":"Tingsha"},{"floor":41,"key":"MealTicket"},{"floor":42,"key":"Regal Pillow"},{"floor":43,"key":"Frozen Egg 2"},{"floor":45,"key":"Singing Bowl"},{"floor":47,"key":"Orichalcum"},{"floor":54,"key":"Calipers"}],"event_choices":[{"damage_healed":0.0,"max_hp_gain":0.0,"max_hp_loss":0.0,"gold_gain":0.0,"event_name":"Lab","player_choice":"Got Potions","floor":3.0,"gold_loss":0.0,"damage_taken":0.0},{"damage_healed":0,"gold_gain":0,"player_choice":"Ignored","damage_taken":0,"max_hp_gain":0,"max_hp_loss":0,"event_name":"Tomb of Lord Red Mask","floor":36,"gold_loss":0},{"damage_healed":0,"gold_gain":0,"player_choice":"Max HP","damage_taken":0,"max_hp_gain":0,"max_hp_loss":4,"event_name":"Winding Halls","floor":37,"gold_loss":0},{"damage_healed":0,"gold_gain":0,"player_choice":"Gave Potion","damage_taken":0,"relics_obtained":["Pear"],"max_hp_gain":0,"max_hp_loss":0,"event_name":"WeMeetAgain","floor":38,"gold_loss":0},{"cards_removed":["Backstab"],"damage_healed":0,"gold_gain":0,"player_choice":"Removed Attack","damage_taken":0,"max_hp_gain":0,"max_hp_loss":0,"event_name":"Falling","floor":44,"gold_loss":0}],"is_beta":false,"boss_relics":[{"not_picked":["Ectoplasm","SlaversCollar"],"picked":"Philosopher\u0027s Stone"},{"not_picked":["SacredBark","Empty Cage"],"picked":"Calling Bell"}],"items_purged_floors":[],"is_endless":false,"potions_floor_spawned":[2,12,13,14,16,19,21,30,31,39,46,47],"killed_by":"The Heart","ascension_level":1}}