{"host":"vc42n08di9czm3e7","time":1608843226,"event":{"mods":["AchievementEnabler","Act Like it!","BaseMod","Colored Powertips","Downfall","Friendly Minions","GifTheSpireLib","Minty Spire (QoL Compilation)","Rare Cards Sparkle","StSLib"],"gold_per_floor":[99,116,127,138,149,161,185,185,203,128,27,45,59,79,95,195,195,120,138,138,238,111,123,123,123,123,148,148,148,148,148],"floor_reached":29,"playtime":1589,"items_purged":["hexamod:UnlimitedPower"],"score":239,"play_id":"32373e15-9388-4d43-8cf4-4b600f90db33","local_time":"20201224155346","is_ascension_mode":false,"campfire_choices":[{"data":"hexamod:Float","floor":1,"key":"SMITH"},{"floor":10,"key":"RECALL"},{"data":"hexamod:CatchUp","floor":18,"key":"SMITH"},{"floor":25,"key":"REST"}],"circlet_count":0,"master_deck":["hexamod:Strike","hexamod:Strike","hexamod:Strike","hexamod:Strike","hexamod:Defend","hexamod:Defend","hexamod:Defend","hexamod:Defend","hexamod:Sear","hexamod:Float+1","hexamod:TimeWarp","hexamod:SpectersWail","hexamod:FastForward","hexamod:GhostOfSpireFuture","hexamod:FastForward","Finesse","hexamod:AdvancingGuard","hexamod:RadiantFlame","hexamod:RadiantFlame","hexamod:CatchUp+1","hexamod:VolcanoVisage","hexamod:GhostLash","hexamod:RadiantFlame","hexamod:ShieldOfDarkness","hexamod:SpectersWail"],"relics":["hexamod:SpiritBrand","downfall:HeartBlessingBlue","Black Star","downfall:HeartBlessingRed","Peace Pipe","Question Card","Pantograph","Bronze Scales","Smiling Mask"],"acts_visited":["Exordium","TheCity"],"potions_floor_usage":[14,21,27],"damage_taken":[{"damage":0,"enemies":"Cultist","floor":2,"turns":3},{"damage":1,"enemies":"Jaw Worm","floor":3,"turns":4},{"damage":0,"enemies":"2 Louse","floor":4,"turns":2},{"damage":0,"enemies":"Large Slime","floor":5,"turns":6},{"damage":2,"enemies":"Red Slaver","floor":6,"turns":3},{"damage":0,"enemies":"Exordium Wildlife","floor":9,"turns":2},{"damage":0,"enemies":"downfall:FleeingMerchant","floor":11,"turns":4},{"damage":2,"enemies":"Exordium Thugs","floor":12,"turns":4},{"damage":0,"enemies":"3 Louse","floor":13,"turns":3},{"damage":0,"enemies":"Large Slime","floor":14,"turns":3},{"damage":0,"enemies":"Blue Slaver","floor":15,"turns":3},{"damage":24,"enemies":"downfall:Silent","floor":16,"turns":7},{"damage":4,"enemies":"Shell Parasite","floor":19,"turns":6},{"damage":35,"enemies":"Colosseum Nobs","floor":21,"turns":5},{"damage":0,"enemies":"downfall:FleeingMerchant","floor":22,"turns":4},{"damage":12,"enemies":"Spheric Guardian","floor":23,"turns":5},{"damage":35,"enemies":"Book of Stabbing","floor":27,"turns":6},{"damage":26,"enemies":"Cultist and Chosen","floor":29,"turns":6}],"seed_played":"-1067445690056224422","potions_obtained":[{"floor":2,"key":"Ancient Potion"},{"floor":5,"key":"hexamod:EctoCoolerPotion"},{"floor":9,"key":"Swift Potion"},{"floor":14,"key":"Guardian:BlockOnCardUsePotion"},{"floor":23,"key":"AttackPotion"},{"floor":27,"key":"Swift Potion"}],"is_trial":false,"path_per_floor":["R","M","M","M","M","M","T","?","M","R","$","M","M","M","M","B",null,"R","M","?","?","$","M","T","R","?","E","?","M"],"character_chosen":"THE_SPIRIT","items_purchased":["Finesse","hexamod:RadiantFlame"],"campfire_rested":1,"item_purchase_floors":[11,22],"current_hp_per_floor":[70,70,69,69,69,67,67,67,67,77,77,75,75,75,75,51,80,80,76,76,41,41,29,29,53,53,18,18,0,0,0],"gold":148,"neow_bonus":"ONE_RANDOM_RARE_CARD","is_daily":false,"chose_seed":false,"campfire_upgraded":2,"win_rate":0.0,"timestamp":1608843226,"path_taken":["R","M","M","M","M","M","T","?","M","R","$","M","M","M","M","BOSS","R","M","?","?","$","M","T","R","?","E","?","M"],"items_purchased_type":["Card","Card"],"build_version":"2020-12-22","purchased_purges":1,"victory":false,"max_hp_per_floor":[70,70,70,70,70,70,70,70,70,80,80,80,80,80,80,80,80,80,80,80,80,80,80,80,80,80,80,80,80,80,80],"card_choices":[{"not_picked":["hexamod:NecessarySacrifice","hexamod:SwordOfDarkness"],"picked":"hexamod:EmpoweredFlame","floor":2},{"not_picked":["hexamod:BurningTouch","hexamod:HauntingEcho"],"picked":"hexamod:SpectersWail","floor":3},{"not_picked":["hexamod:NightmareStrike","hexamod:FirstSeal"],"picked":"hexamod:FastForward","floor":4},{"not_picked":["hexamod:EtherealExpedition","hexamod:EmpoweredFlame"],"picked":"hexamod:GhostOfSpireFuture","floor":5},{"not_picked":["hexamod:NecessarySacrifice","hexamod:InspiringFlames"],"picked":"hexamod:UnlimitedPower","floor":6},{"not_picked":["hexamod:SpectralAdrenaline","hexamod:SwordOfDarkness","hexamod:BurningTouch"],"picked":"SKIP","floor":9},{"not_picked":["hexamod:PhantomFireball","hexamod:SpectralSpark"],"picked":"hexamod:FastForward","floor":11},{"not_picked":["hexamod:HeatShield","hexamod:SwordOfDarkness"],"picked":"hexamod:AdvancingGuard","floor":12},{"not_picked":["hexamod:Firestarter","hexamod:SuperheatedStrike"],"picked":"hexamod:RadiantFlame","floor":13},{"not_picked":["hexamod:RecurringNightmare","hexamod:SwordOfDarkness"],"picked":"hexamod:RadiantFlame","floor":14},{"not_picked":["hexamod:HauntingEcho","hexamod:GhostShield"],"picked":"hexamod:CatchUp","floor":15},{"not_picked":["hexamod:EmpoweringStance","hexamod:UnleashSpirits"],"picked":"hexamod:VolcanoVisage","floor":16},{"not_picked":["hexamod:SuperheatedStrike","hexamod:GhostOfSpirePresent","hexamod:PhantomFireball"],"picked":"SKIP","floor":19},{"not_picked":["hexamod:SecondSeal","hexamod:FastForward","hexamod:EmpoweredFlame"],"picked":"hexamod:GhostLash","floor":22},{"not_picked":["hexamod:SwordOfDarkness","hexamod:GhostShield","hexamod:ApocalypseNow"],"picked":"hexamod:ShieldOfDarkness","floor":23},{"not_picked":["hexamod:HeatMetal+1","hexamod:NecessarySacrifice","hexamod:ShieldOfDarkness"],"picked":"hexamod:SpectersWail","floor":27}],"player_experience":210140,"relics_obtained":[{"floor":21,"key":"Peace Pipe"},{"floor":21,"key":"Question Card"},{"floor":24,"key":"Pantograph"},{"floor":27,"key":"Bronze Scales"},{"floor":27,"key":"Smiling Mask"}],"event_choices":[{"cards_removed":["hexamod:EmpoweredFlame"],"damage_healed":0,"gold_gain":0,"player_choice":"Card Removal","damage_taken":0,"max_hp_gain":0,"max_hp_loss":0,"event_name":"The Cleric","floor":8,"gold_loss":0}],"is_beta":false,"boss_relics":[{"not_picked":["downfall:Hecktoplasm","Cursed Key"],"picked":"Black Star"}],"items_purged_floors":[22],"is_endless":false,"potions_floor_spawned":[2,5,9,12,14,15,23,27],"killed_by":"Cultist and Chosen","ascension_level":0}}