{"host":"hjw1ay65n7jm40lc","time":1608776274,"event":{"mods":["AchievementEnabler","BaseMod","Block Reminder","Colored Map","Colored Powertips","Downfall","Googly Eyes","Highlight Path","Minty Spire (QoL Compilation)","Quick Restart","Relic Stats","StSLib"],"gold_per_floor":[99,113,132,44,59,86,162,189,114,23,53,53,65,99,115,115,115,115],"floor_reached":16,"playtime":1030,"items_purged":[],"score":202,"play_id":"7e1fb9e9-c30e-43a0-b9cb-638aac03f90f","local_time":"20201223211754","is_ascension_mode":true,"campfire_choices":[{"floor":1,"key":"RECALL"},{"floor":9,"key":"REST"}],"circlet_count":0,"master_deck":["Guardian:Strike_Guardian","Guardian:Strike_Guardian","Guardian:Strike_Guardian","Guardian:Strike_Guardian","Guardian:Defend_Guardian","Guardian:Defend_Guardian","Guardian:Defend_Guardian","Guardian:Defend_Guardian","Guardian:CurlUp","Guardian:TwinSlam","Guardian:VentSteam","Guardian:ShieldCharger","Guardian:EvasiveProtocol","Guardian:WalkerClaw","Guardian:SpikerProtocol","Guardian:FuturePlans","Guardian:Gem_Crimson","Guardian:Gem_White","Guardian:RollAttack"],"relics":["Busted Crown","Art of War","Gremlin Horn","Tiny Chest","downfall:HeartBlessingRed","Guardian:DefensiveModeMoreBlock","Darkstone Periapt"],"acts_visited":["Exordium"],"potions_floor_usage":[8,8,14,16],"damage_taken":[{"damage":0,"enemies":"Small Slimes","floor":2,"turns":4},{"damage":2,"enemies":"Cultist","floor":3,"turns":3},{"damage":0,"enemies":"downfall:FleeingMerchant","floor":4,"turns":4},{"damage":0,"enemies":"Jaw Worm","floor":5,"turns":4},{"damage":0,"enemies":"Lagavulin","floor":6,"turns":6},{"damage":25,"enemies":"Gremlin Nob","floor":8,"turns":4},{"damage":10,"enemies":"downfall:FleeingMerchant","floor":10,"turns":4},{"damage":17,"enemies":"Lagavulin","floor":11,"turns":7},{"damage":3,"enemies":"Exordium Thugs","floor":13,"turns":5},{"damage":10,"enemies":"Gremlin Nob","floor":14,"turns":3},{"damage":6,"enemies":"2 Fungi Beasts","floor":15,"turns":2},{"damage":25,"enemies":"downfall:Defect","floor":16,"turns":5}],"seed_played":"5409698441705115354","potions_obtained":[{"floor":3,"key":"FearPotion"},{"floor":6,"key":"Explosive Potion"},{"floor":11,"key":"Guardian:StasisDiscoveryPotion"},{"floor":13,"key":"BlessingOfTheForge"}],"is_trial":false,"path_per_floor":["R","M","M","$","M","E","T","E","R","$","E","?","M","E","M","B"],"character_chosen":"GUARDIAN","items_purchased":["Guardian:EvasiveProtocol","Guardian:FuturePlans"],"campfire_rested":1,"item_purchase_floors":[4,10],"current_hp_per_floor":[72,72,70,70,70,70,70,45,69,59,42,42,39,29,23,0,0,0],"gold":115,"neow_bonus":"BOSS_RELIC","is_daily":false,"chose_seed":false,"campfire_upgraded":0,"win_rate":0.0,"timestamp":1608776274,"path_taken":["R","M","M","$","M","E","T","E","R","$","E","?","?","E","M","BOSS"],"items_purchased_type":["Card","Card"],"build_version":"2020-12-22","purchased_purges":0,"victory":false,"max_hp_per_floor":[80,80,80,80,80,80,80,80,80,80,80,80,80,80,80,80,80,80],"relic_stats":{"Darkstone Periapt":0,"Busted Crown":22,"Gremlin Horn":[2,2],"counters":[12,51],"Tiny Chest":0,"Art of War":[3],"obtain_stats":[{"Guardian:DefensiveModeMoreBlock":11,"Darkstone Periapt":14,"Busted Crown":0,"Gremlin Horn":7,"downfall:HeartBlessingRed":9,"Guardian:ModeShifter":0,"Tiny Chest":8,"Art of War":6},{"Guardian:DefensiveModeMoreBlock":8,"Darkstone Periapt":10,"Busted Crown":0,"Gremlin Horn":5,"downfall:HeartBlessingRed":6,"Guardian:ModeShifter":0,"Tiny Chest":6,"Art of War":5},{"Guardian:DefensiveModeMoreBlock":36,"Darkstone Periapt":44,"Busted Crown":0,"Gremlin Horn":21,"downfall:HeartBlessingRed":25,"Guardian:ModeShifter":0,"Tiny Chest":25,"Art of War":21}]},"card_choices":[{"not_picked":[],"picked":"Guardian:VentSteam","floor":2},{"not_picked":[],"picked":"Guardian:ShieldCharger","floor":3},{"not_picked":[],"picked":"Guardian:Gem_Cyan","floor":4},{"not_picked":[],"picked":"Guardian:WalkerClaw","floor":5},{"not_picked":["Guardian:TemporalShield"],"picked":"SKIP","floor":6},{"not_picked":[],"picked":"Guardian:SpikerProtocol","floor":8},{"not_picked":["Guardian:WalkerClaw"],"picked":"SKIP","floor":10},{"not_picked":["Guardian:SpikerProtocol"],"picked":"SKIP","floor":11},{"not_picked":[],"picked":"Guardian:RollAttack","floor":13},{"not_picked":["Guardian:CrystalBeam"],"picked":"SKIP","floor":14},{"not_picked":["Guardian:VentSteam"],"picked":"SKIP","floor":15}],"player_experience":532055,"relics_obtained":[{"floor":6,"key":"Art of War"},{"floor":7,"key":"Gremlin Horn"},{"floor":8,"key":"Tiny Chest"},{"floor":11,"key":"Guardian:DefensiveModeMoreBlock"},{"floor":14,"key":"Darkstone Periapt"}],"event_choices":[],"is_beta":false,"boss_relics":[],"items_purged_floors":[],"is_endless":false,"potions_floor_spawned":[3,6,11,13],"killed_by":"downfall:Defect","ascension_level":6}}