{"host":"amyouew1jj5rel7b","time":1608785325,"event":{"mods":["AchievementEnabler","BaseMod","Better Altar","Better Match","Better Note","Better Skull","CapriCore","Minty Spire (QoL Compilation)","Permanent Neow","Spicy Shops","StSLib","SuperFastMode","The Dragon Tamer"],"gold_per_floor":[113,38,38,54,68,96,96,114,141,141,159,159,173,200,200,274,324,337,357,377,71,71,103,115,146,146,146,146,61,61,71,71,149,149,237,332,332,332,20,20,127,214,239,84,174,269,358,26,26,26,26,26],"floor_reached":50,"playtime":2059,"items_purged":["Pride","DTMod:Multitask"],"score":1423,"play_id":"a21154ed-7939-443f-9212-f1fbd675b0bc","local_time":"20201224134845","daily_mods":["Draft","Colorless Cards","Heirloom"],"is_ascension_mode":true,"metric_token":863,"campfire_choices":[{"data":"DTMod:GhostSkin","floor":7,"key":"SMITH"},{"data":"DTMod:HeatWave","floor":10,"key":"SMITH"},{"data":"DTMod:FlameSlash","floor":12,"key":"SMITH"},{"data":"DTMod:CleansingStrike","floor":15,"key":"SMITH"},{"floor":27,"key":"REST"},{"data":"DTMod:InvisibleFlame","floor":30,"key":"SMITH"},{"floor":32,"key":"REST"},{"data":"DTMod:ForkedFire","floor":40,"key":"SMITH"},{"floor":49,"key":"REST"}],"dtmod_dragon_data":[0,46,3,4,14,13],"circlet_count":0,"master_deck":["AscendersBane","DTMod:MagicField","DTMod:HeatWave+1","DTMod:ForkedFire+1","DTMod:BalancedStrike","DTMod:ComboAttack","DTMod:BurningEnergy","DTMod:CleansingStrike+1","DTMod:Cover","DTMod:LowKick","DTMod:Training+1","DTMod:ComboAttack","DTMod:TauntingStrike+1","Panacea+1","DTMod:GhostSkin+1","DTMod:FlameSlash+1","Good Instincts","DTMod:ComboAttack+1","DTMod:ShieldDrain","DTMod:BlazingStrike","Violence","DTMod:OpeningTactic","DTMod:ComboAttack","DTMod:InvisibleFlame+1","Violence","DTMod:Weaken+1","DTMod:EchoTactic","DTMod:QuickFly","DTMod:ComboAttack+1","Violence","DTMod:Hide","DTMod:SneakAttack"],"relics":["DTMod:PactStone","Mango","Orichalcum","Whetstone","Toy Ornithopter","Tiny House","Bottled Tornado","DTMod:SwitchButton","Incense Burner","Du-Vu Doll","Bottled Flame","Happy Flower","Sozu","Membership Card","Pear","Chemical X","Bag of Marbles","Nunchaku","DTMod:MindBender","Strange Spoon","Toolbox","StoneCalendar"],"acts_visited":["Exordium","TheCity","TheBeyond"],"potions_floor_usage":[14,14,18,20,25,33,45,50],"damage_taken":[{"damage":0,"enemies":"Small Slimes","floor":1,"turns":2},{"damage":0,"enemies":"Jaw Worm","floor":4,"turns":3},{"damage":0,"enemies":"Cultist","floor":5,"turns":3},{"damage":0,"enemies":"Lagavulin","floor":6,"turns":4},{"damage":0,"enemies":"Blue Slaver","floor":8,"turns":3},{"damage":0,"enemies":"Large Slime","floor":11,"turns":3},{"damage":0,"enemies":"Exordium Thugs","floor":13,"turns":3},{"damage":0,"enemies":"Gremlin Nob","floor":14,"turns":2},{"damage":0,"enemies":"Slime Boss","floor":16,"turns":7},{"damage":0,"enemies":"2 Thieves","floor":18,"turns":3},{"damage":0,"enemies":"Spheric Guardian","floor":19,"turns":2},{"damage":0,"enemies":"Snake Plant","floor":20,"turns":2},{"damage":0,"enemies":"Gremlin Leader","floor":23,"turns":5},{"damage":0,"enemies":"Shelled Parasite and Fungi","floor":24,"turns":3},{"damage":10,"enemies":"Slavers","floor":25,"turns":4},{"damage":0,"enemies":"3 Cultists","floor":31,"turns":3},{"damage":13,"enemies":"Automaton","floor":33,"turns":7},{"damage":0,"enemies":"3 Darklings","floor":35,"turns":4},{"damage":13,"enemies":"3 Shapes","floor":36,"turns":2},{"damage":0,"enemies":"Giant Head","floor":41,"turns":5},{"damage":0,"enemies":"Maw","floor":42,"turns":5},{"damage":0,"enemies":"3 Darklings","floor":45,"turns":2},{"damage":0,"enemies":"Jaw Worm Horde","floor":46,"turns":3},{"damage":0,"enemies":"Spire Growth","floor":47,"turns":2},{"damage":0,"enemies":"Awakened One","floor":50,"turns":3}],"seed_played":"-2050253529368663751","potions_obtained":[{"floor":4,"key":"LiquidMemories"},{"floor":6,"key":"SteroidPotion"},{"floor":8,"key":"DistilledChaos"},{"floor":16,"key":"Block Potion"},{"floor":17,"key":"AttackPotion"},{"floor":18,"key":"Explosive Potion"},{"floor":24,"key":"Fire Potion"},{"floor":25,"key":"Explosive Potion"},{"floor":33,"key":"AttackPotion"}],"is_trial":true,"path_per_floor":["M","?","?","M","M","E","R","M","T","R","M","R","M","E","R","B",null,"M","M","M","$","?","E","M","E","T","R","$","?","R","M","R","B",null,"M","M","?","?","$","R","E","M","T","$","M","M","M","$","R","B"],"character_chosen":"THE_DT","items_purchased":["Bottled Tornado","DTMod:SwitchButton","Membership Card","Pear","Chemical X","DTMod:MindBender","Strange Spoon","DTMod:SneakAttack","Toolbox","StoneCalendar"],"campfire_rested":3,"item_purchase_floors":[21,21,39,39,39,44,44,48,48,48],"current_hp_per_floor":[51,51,51,51,51,51,51,51,51,51,51,51,51,51,51,51,59,60,60,60,60,60,60,60,50,50,60,60,60,60,60,60,47,57,57,44,44,44,54,54,54,54,54,54,59,59,59,59,70,70,70,70],"gold":26,"neow_bonus":"","is_daily":false,"chose_seed":false,"campfire_upgraded":6,"win_rate":0.0,"timestamp":1608785325,"path_taken":["M","?","?","M","?","E","R","M","T","R","M","R","M","E","R","BOSS","M","M","M","$","?","E","M","E","T","R","$","?","R","?","R","BOSS","M","M","?","?","$","R","E","M","T","$","?","M","M","$","R","BOSS"],"items_purchased_type":["Relic","Relic","Relic","Relic","Relic","Relic","Relic","Card","Relic","Relic"],"build_version":"2020-12-22","purchased_purges":2,"victory":false,"max_hp_per_floor":[55,55,55,55,55,55,55,55,55,55,55,55,55,55,55,55,60,60,60,60,60,60,60,60,60,60,60,60,60,60,60,60,60,60,60,60,60,60,70,70,70,70,70,70,70,70,70,70,70,70,70,70],"card_choices":[{"not_picked":["DTMod:BreakAttack","DTMod:BizarreTactic"],"picked":"DTMod:MagicField","floor":0},{"not_picked":["DTMod:FlameSlash","DTMod:DeepFocus"],"picked":"DTMod:HeatWave","floor":0},{"not_picked":["DTMod:BreakAttack","DTMod:BuildUp"],"picked":"DTMod:ForkedFire","floor":0},{"not_picked":["DTMod:Shift","DTMod:RecklessFlurry"],"picked":"DTMod:BalancedStrike","floor":0},{"not_picked":["DTMod:BreakAttack","DTMod:WarmUp"],"picked":"DTMod:ComboAttack","floor":0},{"not_picked":["DTMod:BizarreTactic","DTMod:Threaten"],"picked":"DTMod:BurningEnergy","floor":0},{"not_picked":["Panacea","DTMod:Training"],"picked":"DTMod:CleansingStrike","floor":0},{"not_picked":["DTMod:MasterPlan","DTMod:FlameSlash"],"picked":"DTMod:Cover","floor":0},{"not_picked":["Purity","DTMod:HeatWave"],"picked":"DTMod:Threaten","floor":0},{"not_picked":["DTMod:HeatWave","DTMod:Haste"],"picked":"DTMod:LowKick","floor":0},{"not_picked":["DTMod:FlameSlash","DTMod:RecklessFlurry"],"picked":"DTMod:Training","floor":0},{"not_picked":["DTMod:Punisher","DTMod:BuildUp"],"picked":"DTMod:ComboAttack","floor":0},{"not_picked":["DTMod:BreakAttack","DTMod:Hide"],"picked":"DTMod:TauntingStrike","floor":0},{"not_picked":["Purity","Deep Breath"],"picked":"Panacea","floor":0},{"not_picked":["DTMod:Conduct","DTMod:CalculatedDefense"],"picked":"DTMod:GhostSkin","floor":0},{"not_picked":["DTMod:BizarreTactic","DTMod:Hide"],"picked":"DTMod:FlameSlash","floor":1},{"not_picked":["DTMod:BurningEnergy","DTMod:BuildUp"],"picked":"Good Instincts","floor":4},{"not_picked":["DTMod:Haste","Impatience","DTMod:Observe"],"picked":"SKIP","floor":5},{"not_picked":["Chrysalis","Purity"],"picked":"DTMod:ComboAttack","floor":6},{"not_picked":["Madness","DTMod:Punisher"],"picked":"DTMod:ShieldDrain","floor":8},{"not_picked":["Enlightenment","DTMod:BurningEnergy"],"picked":"DTMod:BlazingStrike","floor":11},{"not_picked":["Forethought","Jack Of All Trades","Good Instincts"],"picked":"SKIP","floor":13},{"not_picked":["DTMod:Cover","DTMod:Haste"],"picked":"Violence","floor":14},{"not_picked":["DTMod:ExcessFootwork","Panache"],"picked":"DTMod:OpeningTactic","floor":16},{"not_picked":["DTMod:Punisher","DTMod:BuildUp"],"picked":"DTMod:ComboAttack","floor":17},{"not_picked":["DTMod:Threaten","DTMod:MaximumCharge","DTMod:BuildUp+1"],"picked":"SKIP","floor":18},{"not_picked":["Impatience","DTMod:BreakAttack"],"picked":"DTMod:InvisibleFlame","floor":19},{"not_picked":["DTMod:Overwhelm","DTMod:Observe"],"picked":"Violence","floor":20},{"not_picked":["DTMod:Feint","DTMod:BuildUp+1"],"picked":"DTMod:Weaken+1","floor":23},{"not_picked":["DTMod:GhostSkin+1","DTMod:Conduct","Good Instincts"],"picked":"SKIP","floor":24},{"not_picked":["DTMod:Cover","DTMod:FlameSlash"],"picked":"DTMod:EchoTactic","floor":25},{"not_picked":["DTMod:BizarreTactic","DTMod:BurningEnergy"],"picked":"DTMod:QuickFly","floor":31},{"not_picked":["Master of Strategy","Apotheosis"],"picked":"DTMod:Multitask","floor":33},{"not_picked":["DTMod:CleansingStrike","Deep Breath+1","DTMod:MasterPlan+1"],"picked":"SKIP","floor":35},{"not_picked":["Dramatic Entrance+1","DTMod:BizarreTactic"],"picked":"DTMod:ComboAttack+1","floor":36},{"not_picked":["DTMod:FierySynthesis","DTMod:ShieldDrain+1","DTMod:BreakAttack"],"picked":"SKIP","floor":41},{"not_picked":["DTMod:ComboAttack","DTMod:MagicField+1","DTMod:HeatWave+1"],"picked":"SKIP","floor":42},{"not_picked":["DTMod:StarRain","DTMod:MagicField","Forethought"],"picked":"SKIP","floor":45},{"not_picked":["DTMod:FlameSlash","Dramatic Entrance"],"picked":"DTMod:Hide","floor":46},{"not_picked":["DTMod:ComboAttack","DTMod:ExcessFootwork","DTMod:Hide"],"picked":"SKIP","floor":47}],"player_experience":269034,"relics_obtained":[{"floor":6,"key":"Orichalcum"},{"floor":9,"key":"Whetstone"},{"floor":14,"key":"Toy Ornithopter"},{"floor":23,"key":"Incense Burner"},{"floor":25,"key":"Du-Vu Doll"},{"floor":26,"key":"Bottled Flame"},{"floor":41,"key":"Bag of Marbles"},{"floor":43,"key":"Nunchaku"}],"event_choices":[{"cards_removed":["DTMod:Threaten"],"damage_healed":0,"gold_gain":0,"player_choice":"Card Removal","damage_taken":0,"max_hp_gain":0,"max_hp_loss":0,"event_name":"The Cleric","floor":2,"gold_loss":75},{"damage_healed":0,"gold_gain":0,"player_choice":"Upgraded","damage_taken":0,"max_hp_gain":0,"max_hp_loss":0,"event_name":"Upgrade Shrine","floor":3,"gold_loss":0,"cards_upgraded":["DTMod:Training"]},{"damage_healed":0,"gold_gain":0,"player_choice":"Ignored","damage_taken":0,"max_hp_gain":0,"max_hp_loss":0,"event_name":"Vampires","floor":22,"gold_loss":0},{"damage_healed":0,"gold_gain":0,"player_choice":"Obtained Relic","damage_taken":0,"relics_obtained":["Happy Flower"],"max_hp_gain":0,"max_hp_loss":0,"event_name":"Addict","floor":29,"gold_loss":85},{"damage_healed":0,"gold_gain":0,"player_choice":"Ignored","damage_taken":0,"max_hp_gain":0,"max_hp_loss":0,"event_name":"Tomb of Lord Red Mask","floor":37,"gold_loss":0},{"damage_healed":0,"gold_gain":0,"player_choice":"Copied","damage_taken":0,"max_hp_gain":0,"max_hp_loss":0,"event_name":"Duplicator","floor":38,"gold_loss":0,"cards_obtained":["Violence"]}],"is_beta":false,"boss_relics":[{"not_picked":["Runic Dome","Ectoplasm"],"picked":"Tiny House"},{"not_picked":["Snecko Eye","Empty Cage"],"picked":"Sozu"}],"items_purged_floors":[44,48],"is_endless":false,"potions_floor_spawned":[4,6,8,11,16,18,24,25,33,36,41,46],"killed_by":"Awakened One","ascension_level":20}}