{"host":"p6y17sixyu8q9v1f","time":1608816550,"event":{"mods":["BaseMod","Colored Map","Minty Spire (QoL Compilation)"],"gold_per_floor":[111,124,124,49,149,149,166,179,179,179,213,41,58,8,8,108,108,119,34,47,47,61,61,61,61],"floor_reached":24,"playtime":953,"items_purged":["Strike_P","Strike_P"],"score":295,"play_id":"5f9b8934-1f43-436e-9db6-88ccaeefff8a","local_time":"20201224072910","is_ascension_mode":true,"campfire_choices":[{"data":"BattleHymn","floor":6,"key":"SMITH"},{"data":"Swivel","floor":10,"key":"SMITH"},{"data":"ForeignInfluence","floor":15,"key":"SMITH"},{"data":"Judgement","floor":23,"key":"SMITH"}],"circlet_count":0,"master_deck":["Strike_P","Strike_P","Defend_P","Defend_P","Defend_P","Eruption+1","Vigilance","BattleHymn+1","Swivel+1","ForeignInfluence+1","WreathOfFlame","Judgement+1"],"relics":["PureWater","NeowsBlessing","Eternal Feather","Pantograph","SacredBark","Smiling Mask","GremlinMask"],"acts_visited":["Exordium","TheCity"],"potions_floor_usage":[8,22,22],"damage_taken":[{"damage":0,"enemies":"Cultist","floor":1,"turns":1},{"damage":0,"enemies":"Small Slimes","floor":2,"turns":2},{"damage":0,"enemies":"Jaw Worm","floor":7,"turns":1},{"damage":0,"enemies":"3 Louse","floor":8,"turns":2},{"damage":12,"enemies":"3 Sentries","floor":11,"turns":6},{"damage":0,"enemies":"Large Slime","floor":13,"turns":4},{"damage":0,"enemies":"Slime Boss","floor":16,"turns":3},{"damage":9,"enemies":"Shell Parasite","floor":18,"turns":3},{"damage":0,"enemies":"Chosen","floor":20,"turns":3},{"damage":5,"enemies":"Snake Plant","floor":22,"turns":2},{"damage":69,"enemies":"Gremlin Leader","floor":24,"turns":6}],"seed_played":"73544064226855207","potions_obtained":[{"floor":1,"key":"Fire Potion"},{"floor":11,"key":"Strength Potion"},{"floor":16,"key":"EssenceOfSteel"},{"floor":18,"key":"LiquidMemories"}],"is_trial":false,"path_per_floor":["M","M","?","$","?","R","M","M","T","R","E","$","M","?","R","B",null,"M","?","M","?","M","R","E"],"character_chosen":"WATCHER","items_purchased":["WreathOfFlame"],"campfire_rested":0,"item_purchase_floors":[12],"current_hp_per_floor":[72,72,72,72,72,72,72,72,72,72,60,60,60,60,66,72,72,63,63,63,63,58,64,0,0],"gold":61,"neow_bonus":"THREE_ENEMY_KILL","is_daily":false,"chose_seed":false,"campfire_upgraded":4,"win_rate":0.0,"timestamp":1608816550,"path_taken":["M","?","?","$","?","R","?","M","T","R","E","?","?","?","R","BOSS","M","?","M","?","M","R","E"],"items_purchased_type":["Card"],"build_version":"2020-12-22","purchased_purges":2,"victory":false,"max_hp_per_floor":[72,72,72,72,72,72,72,72,72,72,72,72,72,72,72,72,72,72,72,72,72,72,72,72,72],"card_choices":[{"not_picked":["CutThroughFate","JustLucky"],"picked":"BattleHymn","floor":1},{"not_picked":["LikeWater","Evaluate","Prostrate"],"picked":"SKIP","floor":2},{"not_picked":["Nirvana","Wallop","BowlingBash"],"picked":"SKIP","floor":7},{"not_picked":["BowlingBash","Tantrum"],"picked":"Swivel","floor":8},{"not_picked":["Ragnarok","EmptyFist"],"picked":"ForeignInfluence","floor":11},{"not_picked":["Halt","FlyingSleeves","ClearTheMind"],"picked":"SKIP","floor":13},{"not_picked":["Brilliance","ConjureBlade"],"picked":"Judgement","floor":16},{"not_picked":["ReachHeaven","EmptyBody","ClearTheMind"],"picked":"SKIP","floor":18},{"not_picked":["Collect","CrushJoints","Pray"],"picked":"SKIP","floor":20},{"not_picked":["Protect","Vengeance+1","WaveOfTheHand"],"picked":"SKIP","floor":22},{"not_picked":["Protect","Vengeance+1","WaveOfTheHand"],"picked":"SKIP","floor":22}],"player_experience":790961,"relics_obtained":[{"floor":9,"key":"Eternal Feather"},{"floor":11,"key":"Pantograph"}],"event_choices":[{"damage_healed":0,"gold_gain":0,"player_choice":"Grow","damage_taken":0,"max_hp_gain":0,"max_hp_loss":0,"event_name":"Living Wall","floor":3,"gold_loss":0,"cards_upgraded":["Eruption"]},{"damage_healed":0,"gold_gain":100,"player_choice":"Pray","damage_taken":0,"max_hp_gain":0,"max_hp_loss":0,"event_name":"Golden Shrine","floor":5,"gold_loss":0},{"cards_removed":["Defend_P"],"damage_healed":0,"gold_gain":0,"player_choice":"Card Removal","damage_taken":0,"max_hp_gain":0,"max_hp_loss":0,"event_name":"The Cleric","floor":14,"gold_loss":50},{"damage_healed":0,"gold_gain":0,"player_choice":"Obtained Relic","damage_taken":0,"relics_obtained":["Smiling Mask"],"max_hp_gain":0,"max_hp_loss":0,"event_name":"Addict","floor":19,"gold_loss":85},{"damage_healed":0,"gold_gain":0,"player_choice":"Trade","damage_taken":0,"relics_obtained":["GremlinMask"],"max_hp_gain":0,"max_hp_loss":0,"event_name":"FaceTrader","floor":21,"gold_loss":0}],"is_beta":false,"boss_relics":[{"not_picked":["Astrolabe","Runic Dome"],"picked":"SacredBark"}],"items_purged_floors":[4,12],"is_endless":false,"potions_floor_spawned":[1,11,16,18],"killed_by":"Gremlin Leader","ascension_level":4}}