{"host":"9nt1zhl3k8mtcf72","time":1608804291,"event":{"mods":["Aspiration","BaseMod","BetterRewards","Conjunction","Conspire","Downfall","Energized Spire","Friendly Minions","GifTheSpireLib","Halation","Hubris","Infinite Spire","Jedi Mod","Mimic Mod","Minty Spire (QoL Compilation)","RatMod","Replay The Spire","Spikes Relics","StSLib","Stuff the Spire","Trackpad","Useless Jewels Mod","Wandering Minibosses","vexMod"],"gold_per_floor":[99,99,99,99,110,139,184,203,0,0,0,16,49,49,63,163,163,13,13,13,13,28,96,96,164,52,71,136,244,244,244,255,360,360,285,339,358,121,173,173,173,252,363,381,838,838,912,912,912,912],"floor_reached":48,"playtime":3011,"items_purged":[],"score":670,"play_id":"f519cef6-e73e-4d91-960d-4299b778ecf1","local_time":"20201224050451","is_ascension_mode":false,"campfire_choices":[{"floor":1,"key":"RECALL"},{"floor":10,"key":"REST"},{"floor":18,"key":"DIG"},{"data":"jedi:studyfrost","floor":35,"key":"SMITH"},{"floor":46,"key":"REST"}],"circlet_count":0,"master_deck":["hexamod:Defend","hexamod:Defend","hexamod:Defend","hexamod:Defend","hexamod:Sear","hexamod:Float","hexamod:GhostShield","hexamod:EtherealExpedition","hexamod:GhostLash","hexamod:Haunt","hexamod:NecessarySacrifice+1","hexamod:GhostLash","hexamod:NightmareGuise","hexamod:RecurringNightmare","expansioncontent:StudyTheSpire","hexamod:FirstSeal","hexamod:SpectersWail","hexamod:Hexaguard","hexamod:NightmareStrike","hexamod:SpectersWail","hexamod:RecurringNightmare+1","Streamline+1","hexamod:GhostLash","hexamod:NightmareGuise","StuffTheSpire:Plugnplay+1","hexamod:FourthSeal","Rebound+1","hexamod:UnleashSpirits","Ball Lightning+1","Hologram","Hyperbeam+1","Rip and Tear","Self Repair","Pain","Rebound","jedi:studyfrost+1","hexamod:Hexaguard","hexamod:RainOfEmbers+1","Undo","infinitespire:Oblivion","hubris:DuctTapeCard","Redo","FIFO Queue","Double Energy+1","hexamod:EtherealExpedition+1","hexamod:GhostLash","hexamod:GhostLash"],"relics":["hexamod:SpiritBrand","downfall:HeartsMalice","Replay:Bottled Flurry","aspiration:DSix","aspiration:DefectSkillbook","downfall:HeartBlessingBlue","downfall:HeartBlessingRed","vexMod:PlasmaPancake","Pear","vexMod:MysteryBossChallenge","vexMod:MysteryBossChallenge","trackpad:DemonHeart","downfall:KnowingSkull","StuffTheSpire:Mouthbags","Juzu Bracelet","aspiration:AnachronicSnailShell","trackpad:BottledShadow","WarpedTongs","hexamod:TheBrokenSeal","trackpad:StolenKidneys","downfall:HeartBlessingGreen","Shuriken","hubris:DuctTape","trackpad:HandOfMidas","Regal Pillow","hubris:TenFootPole","infinitespire:ShieldingShard"],"acts_visited":["Exordium","TheCity","TheBeyond"],"potions_floor_usage":[6,15,16,23,23,23,28,28,29,29,29,32,33,33,37,43,47,47,48,48],"damage_taken":[{"damage":0,"enemies":"Jaw Worm","floor":2,"turns":1},{"damage":0,"enemies":"Cultist","floor":3,"turns":1},{"damage":0,"enemies":"Small Slimes","floor":4,"turns":1},{"damage":10,"enemies":"2 Fungi Beasts","floor":5,"turns":6},{"damage":26,"enemies":"3 Sentries","floor":6,"turns":13},{"damage":23,"enemies":"Gremlin Gang","floor":8,"turns":8},{"damage":0,"enemies":"downfall:FleeingMerchant","floor":9,"turns":4},{"damage":6,"enemies":"Blue Slaver","floor":12,"turns":3},{"damage":16,"enemies":"Gremlin Nob","floor":13,"turns":4},{"damage":0,"enemies":"Exordium Wildlife","floor":15,"turns":3},{"damage":27,"enemies":"downfall:Ironclad","floor":16,"turns":8},{"damage":0,"enemies":"Chosen","floor":19,"turns":1},{"damage":9,"enemies":"Centurion and Healer","floor":22,"turns":6},{"damage":13,"enemies":"Snake Plant","floor":23,"turns":3},{"damage":18,"enemies":"Chosen and Byrds","floor":25,"turns":6},{"damage":18,"enemies":"downfall:FleeingMerchant","floor":26,"turns":4},{"damage":6,"enemies":"Snecko","floor":27,"turns":5},{"damage":31,"enemies":"Sentry and Sphere","floor":28,"turns":4},{"damage":18,"enemies":"downfall:Watcher","floor":29,"turns":6},{"damage":13,"enemies":"Snake Plant","floor":32,"turns":4},{"damage":19,"enemies":"downfall:Defect","floor":33,"turns":6},{"damage":7,"enemies":"Orb Walker","floor":36,"turns":2},{"damage":0,"enemies":"3 Darklings","floor":37,"turns":1},{"damage":9,"enemies":"downfall:FleeingMerchant","floor":38,"turns":4},{"damage":5,"enemies":"Jaw Worm Horde","floor":39,"turns":2},{"damage":10,"enemies":"Sphere and 2 Shapes","floor":42,"turns":5},{"damage":14,"enemies":"Sphere and 2 Shapes","floor":43,"turns":2},{"damage":6,"enemies":"Writhing Mass","floor":44,"turns":4},{"damage":3,"enemies":"downfall:FleeingMerchant","floor":45,"turns":2},{"damage":69,"enemies":"Nightmare","floor":47,"turns":7},{"damage":0,"enemies":"infinitespire:Three Voidlings","floor":48,"turns":2},{"damage":63,"enemies":"Nightmare_Alpha","floor":48,"turns":7}],"seed_played":"-7649739275076743579","potions_obtained":[{"floor":5,"key":"Conjunction:LightningMarble"},{"floor":8,"key":"BlessingOfTheForge"},{"floor":12,"key":"Fire Potion"},{"floor":15,"key":"Weak Potion"},{"floor":16,"key":"Toxic Potion"},{"floor":27,"key":"GamblersBrew"},{"floor":27,"key":"jedi:tentaclejuice"},{"floor":28,"key":"LiquidBronze"},{"floor":28,"key":"Energy Potion"},{"floor":29,"key":"DistilledChaos"},{"floor":29,"key":"Regen Potion"},{"floor":32,"key":"Death Potion"},{"floor":32,"key":"jedi:tentaclejuice"},{"floor":33,"key":"Guardian:BlockOnCardUsePotion"},{"floor":33,"key":"Fire Potion"},{"floor":39,"key":"jedi:tentaclejuice"},{"floor":44,"key":"Block Potion"},{"floor":47,"key":"SteroidPotion"}],"is_trial":false,"path_per_floor":["R","M","M","M","M","E","T","M","$","R","?","M","E","?","M","B",null,"R","M","AVR","?","M","M","T","M","$","M","M","?","?","?","M","B",null,"R","M","M","$","M","?","T","MIM","M","M","$","R","NM","?"],"character_chosen":"THE_SPIRIT","items_purchased":["expansioncontent:StudyTheSpire","Juzu Bracelet","Shuriken","hexamod:GhostLash","Regal Pillow","hubris:TenFootPole"],"campfire_rested":2,"item_purchase_floors":[9,26,38,45,45,45],"current_hp_per_floor":[70,70,70,70,60,41,41,25,32,53,53,47,45,45,59,46,70,86,86,96,89,87,74,74,63,52,53,36,32,32,32,38,106,106,106,99,99,97,92,67,67,64,50,51,55,101,61,0,0,0],"gold":912,"neow_bonus":"THREE_ENEMY_KILL","is_daily":false,"chose_seed":false,"campfire_upgraded":1,"win_rate":0.0,"timestamp":1608804291,"path_taken":["R","M","M","M","M","E","T","M","$","R","?","?","E","?","M","BOSS","R","M","AVR","?","?","M","T","M","$","M","M","?","?","?","M","BOSS","R","M","M","?","M","?","T","?","M","M","$","R","NM","?"],"items_purchased_type":["Card","Relic","Relic","Card","Relic","Relic"],"build_version":"2020-12-22","purchased_purges":0,"victory":false,"max_hp_per_floor":[70,70,70,70,70,70,70,70,70,70,70,70,70,70,70,70,70,86,86,96,96,96,96,96,96,96,96,96,96,96,96,96,106,106,106,106,106,106,106,106,106,106,106,106,106,106,106,106,106,106],"card_choices":[{"not_picked":["hexamod:CatchUp","hexamod:NightmareGuise"],"picked":"hexamod:GhostShield","floor":2},{"not_picked":["hexamod:FastForward","hexamod:InspiringFlames"],"picked":"hexamod:EtherealExpedition","floor":3},{"not_picked":["hexamod:BacktrackSmack","hexamod:GhostShield"],"picked":"hexamod:ThirdSeal","floor":4},{"not_picked":["hexamod:AdvancingGuard","hexamod:NightmareGuise"],"picked":"hexamod:GhostLash","floor":5},{"not_picked":["hexamod:ThirdSeal","hexamod:Rewind"],"picked":"hexamod:FirstSeal","floor":5},{"not_picked":["hexamod:GhostShield","hexamod:AdvancingGuard"],"picked":"hexamod:Haunt","floor":6},{"not_picked":["hexamod:HexaLevel","hexamod:GhostOfSpirePast"],"picked":"hexamod:NecessarySacrifice","floor":6},{"not_picked":["hexamod:Firestarter","hexamod:SkipABeat"],"picked":"hexamod:GhostLash","floor":8},{"not_picked":["hexamod:SpectersWail","hexamod:Firestarter"],"picked":"hexamod:GhostLash","floor":8},{"not_picked":["hexamod:PowerFromBeyond","hexamod:ShieldOfDarkness"],"picked":"hexamod:NightmareGuise","floor":9},{"not_picked":["hexamod:BacktrackSmack","hexamod:SpectersWail"],"picked":"hexamod:RecurringNightmare","floor":9},{"not_picked":["hexamod:PhantomFireball","hexamod:NightmareGuise"],"picked":"hexamod:FirstSeal","floor":12},{"not_picked":["hexamod:SwordOfDarkness","hexamod:ShieldOfDarkness"],"picked":"hexamod:WildfireWeapon","floor":12},{"not_picked":["hexamod:Firestarter","hexamod:Rewind"],"picked":"hexamod:SpectersWail","floor":13},{"not_picked":["hexamod:ThermalTransfer","hexamod:HeatCrush"],"picked":"hexamod:VolcanoVisage","floor":13},{"not_picked":["hexamod:RetreatToShadows","hexamod:HeatShield"],"picked":"hexamod:Hexaguard","floor":15},{"not_picked":["hexamod:HeatMetal","hexamod:HauntingEcho","hexamod:SoulSteal"],"picked":"SKIP","floor":15},{"not_picked":["hexamod:Toasty","hexamod:SixthSeal"],"picked":"hexamod:FifthSeal","floor":16},{"not_picked":["hexamod:CrushingStance","hexamod:TimeWarp"],"picked":"hexamod:SixthSeal","floor":16},{"not_picked":["Turbo","Go for the Eyes+1","Tempest"],"picked":"hexamod:NightmareStrike","floor":19},{"not_picked":["hexamod:FourthSeal","hexamod:ThirdSeal","hexamod:SixthSeal"],"picked":"hexamod:SecondSeal","floor":22},{"not_picked":["hexamod:Hexaguard","Rip and Tear","Cold Snap"],"picked":"hexamod:SpectersWail","floor":22},{"not_picked":["BasicCrystalCard+1","Steam","Rebound"],"picked":"hexamod:RecurringNightmare","floor":22},{"not_picked":["Cold Snap","Coolheaded","Go for the Eyes+1"],"picked":"Streamline+1","floor":23},{"not_picked":["hexamod:FirstSeal","hexamod:ThirdSeal","hexamod:SecondSeal"],"picked":"hexamod:FourthSeal","floor":25},{"not_picked":["Leap+1","Stack","Compile Driver"],"picked":"hexamod:NightmareGuise","floor":25},{"not_picked":["hexamod:FastForward","Cold Snap","hexamod:SecondSeal"],"picked":"StuffTheSpire:Plugnplay+1","floor":25},{"not_picked":["hexamod:ThirdSeal","hexamod:SixthSeal","hexamod:SecondSeal"],"picked":"hexamod:FourthSeal","floor":26},{"not_picked":["jedi:BurstFrost+1","StuffTheSpire:CleanHardDrive","Recycle"],"picked":"Rebound+1","floor":26},{"not_picked":["Conserve Battery","hubris:Ukulele","Glacier"],"picked":"hexamod:UnleashSpirits","floor":26},{"not_picked":["Consume","hexamod:SpectersWail+1","Hello World"],"picked":"Ball Lightning","floor":27},{"not_picked":["jedi:markofdeath","Panic Button","Stack"],"picked":"Hologram","floor":27},{"not_picked":["jedi:blockon","hexamod:FastForward","hexamod:PhantomCloak"],"picked":"Hyperbeam","floor":28},{"not_picked":["Rebound","hexamod:DynamicBlow","Coolheaded+1"],"picked":"Rip and Tear","floor":28},{"not_picked":["hexamod:RetreatToShadows+1","hexamod:BacktrackSmack+1","Steam"],"picked":"Self Repair","floor":29},{"not_picked":["jedi:blockon","hexamod:AdvancingGuard","Self Repair"],"picked":"Rebound","floor":32},{"not_picked":["hexamod:SearingWound","Fission","hexamod:TimeWarp"],"picked":"jedi:studyfrost","floor":33},{"not_picked":["hexamod:ThirdSeal","hexamod:SpectralAdrenaline","Chill","hexamod:AdvancingGuard"],"picked":"SKIP","floor":36},{"not_picked":["hexamod:SecondSeal","hexamod:FastForward","hexamod:ShieldOfDarkness+1"],"picked":"hexamod:Hexaguard","floor":37},{"not_picked":["BootSequence","ReplayTheSpireMod:GoodbyeWorld+1","Thunder Strike"],"picked":"hexamod:RainOfEmbers+1","floor":38},{"not_picked":["hexamod:CatchUp+1","hexamod:ShieldOfDarkness+1","ReplayTheSpireMod:Repulse+1"],"picked":"Undo","floor":39},{"not_picked":["infinitespire:TheBestDefense","ReplayTheSpireMod:??????????????????????"],"picked":"infinitespire:Oblivion","floor":40},{"not_picked":["Crystallizer","hexamod:ShieldOfDarkness","jedi:blockon+1"],"picked":"Redo","floor":42},{"not_picked":["Turbo","hexamod:Firestarter+1","Go for the Eyes+1"],"picked":"FIFO Queue","floor":43},{"not_picked":["Compile Driver+1","hexamod:UnlimitedPower","Go for the Eyes+1"],"picked":"Double Energy+1","floor":44},{"not_picked":["Chill","hexamod:GhostflameInferno","hexamod:Hexaguard"],"picked":"hexamod:EtherealExpedition+1","floor":45},{"not_picked":["Stack+1","Coolheaded+1","StuffTheSpire:LoadUp+1"],"picked":"hexamod:GhostLash","floor":47}],"player_experience":462469,"relics_obtained":[{"floor":6,"key":"Replay:Bottled Flurry"},{"floor":13,"key":"aspiration:DSix"},{"floor":18,"key":"vexMod:PlasmaPancake"},{"floor":24,"key":"StuffTheSpire:Mouthbags"},{"floor":29,"key":"aspiration:AnachronicSnailShell"},{"floor":29,"key":"trackpad:BottledShadow"},{"floor":41,"key":"hubris:DuctTape"},{"floor":42,"key":"trackpad:HandOfMidas"},{"floor":47,"key":"infinitespire:ShieldingShard"}],"event_choices":[{"damage_healed":0,"gold_gain":0,"player_choice":"Ignored","damage_taken":0,"max_hp_gain":0,"max_hp_loss":0,"event_name":"NoteForYourself","floor":11,"gold_loss":0},{"damage_healed":0,"gold_gain":0,"player_choice":"Rummage","damage_taken":0,"relics_obtained":["WarpedTongs"],"max_hp_gain":0,"max_hp_loss":0,"event_name":"Accursed Blacksmith","floor":31,"gold_loss":0,"cards_obtained":["Pain"]}],"is_beta":false,"boss_relics":[{"not_picked":["vexMod:DeviousBotling","hubris:Stopwatch"],"picked":"aspiration:DefectSkillbook"},{"not_picked":["jedi:hotpepper","ReplayTheSpireMod:DimensionalGlitch"],"picked":"trackpad:StolenKidneys"}],"items_purged_floors":[],"is_endless":false,"potions_floor_spawned":[5,8,12,15,16,32,33,39,44,47,48],"killed_by":"Nightmare_Alpha","ascension_level":0}}