{"host":"o54aw4mfims5m8ve","time":1608775288,"event":{"mods":["BaseMod","Downfall","Minty Spire (QoL Compilation)","StSLib","The Cursed","The Senshi"],"gold_per_floor":[118,131,131,56,69,69,79,102,102,102,137,152,52,64,64,163,163,145,163,178,53,53,53],"floor_reached":22,"playtime":2410,"items_purged":["theSenshi:SailorBlock","theSenshi:SailorKick","theSenshi:MoonSpiralHeartAttack"],"score":188,"play_id":"45296e6f-5a04-4f2c-a075-6145605f3dc8","local_time":"20201224020128","is_ascension_mode":false,"campfire_choices":[{"data":"theSenshi:SailorMercuryAssists","floor":6,"key":"SMITH"},{"data":"theSenshi:MercurysCunning","floor":15,"key":"SMITH"}],"circlet_count":0,"master_deck":["theSenshi:SailorKick+1","theSenshi:SailorBlock","theSenshi:SailorBlock","theSenshi:RoseThrow","theSenshi:MoonPrismPowerMakeUp","theSenshi:MoonTiaraMagic","theSenshi:SailorMercuryAssists+1","theSenshi:UranusStrength+1","theSenshi:MercurysCunning+1","theSenshi:SchoolBag","theSenshi:MoonlightKnight","theSenshi:SailorStarFighterAssists","theSenshi:StudyParty","theSenshi:VenusGlamour+1","theSenshi:PlutosSolemnity"],"relics":["theSenshi:TransformationBroochRelic","Odd Mushroom","Sundial","theSenshi:FeatherClipsRelic","Empty Cage"],"acts_visited":["Exordium","TheCity"],"potions_floor_usage":[8,16,16,20,20],"damage_taken":[{"damage":1,"enemies":"Jaw Worm","floor":1,"turns":4},{"damage":4,"enemies":"Small Slimes","floor":2,"turns":4},{"damage":2,"enemies":"2 Louse","floor":5,"turns":3},{"damage":1,"enemies":"Looter","floor":7,"turns":4},{"damage":2,"enemies":"The Mushroom Lair","floor":8,"turns":7},{"damage":8,"enemies":"3 Sentries","floor":11,"turns":7},{"damage":4,"enemies":"3 Louse","floor":12,"turns":4},{"damage":16,"enemies":"Exordium Wildlife","floor":14,"turns":6},{"damage":1,"enemies":"Hexaghost","floor":16,"turns":12},{"damage":20,"enemies":"2 Thieves","floor":18,"turns":5},{"damage":27,"enemies":"3 Byrds","floor":19,"turns":6},{"damage":31,"enemies":"Cultist and Chosen","floor":20,"turns":8},{"damage":33,"enemies":"Sentry and Sphere","floor":22,"turns":4}],"seed_played":"-2277238784143991087","potions_obtained":[{"floor":2,"key":"Weak Potion"},{"floor":5,"key":"SkillPotion"},{"floor":12,"key":"SteroidPotion"},{"floor":14,"key":"champ:CounterPotion"},{"floor":18,"key":"Block Potion"},{"floor":19,"key":"ColorlessPotion"}],"is_trial":false,"path_per_floor":["M","M","?","$","M","R","M","?","T","?","E","M","$","M","R","B",null,"M","M","M","$","M"],"character_chosen":"THE_SENSHI","items_purchased":[],"campfire_rested":0,"item_purchase_floors":[],"current_hp_per_floor":[74,70,75,75,73,73,72,70,70,54,49,54,54,47,47,55,80,66,48,26,26,0,0],"gold":53,"neow_bonus":"REMOVE_CARD","is_daily":false,"chose_seed":false,"campfire_upgraded":2,"win_rate":0.0,"timestamp":1608775288,"path_taken":["M","M","?","$","M","R","M","?","T","?","E","?","$","M","R","BOSS","M","M","M","$","M"],"items_purchased_type":[],"build_version":"2020-12-22","purchased_purges":3,"victory":false,"max_hp_per_floor":[75,75,80,80,80,80,80,80,80,80,80,80,80,80,80,80,80,80,80,80,80,80,80],"card_choices":[{"not_picked":["theSenshi:SailorVenusAssists","theSenshi:EncouragingSpeech"],"picked":"theSenshi:MoonTiaraMagic","floor":1},{"not_picked":["theSenshi:GatheringStrength","theSenshi:RainbowMoonHeartAche"],"picked":"theSenshi:SailorMercuryAssists","floor":2},{"not_picked":["theSenshi:MoonCrystalPowerMakeUp","theSenshi:MoonKick"],"picked":"theSenshi:UranusStrength","floor":5},{"not_picked":["theSenshi:MoonPunch","theSenshi:RainbowMoonHeartAche"],"picked":"theSenshi:MercurysCunning","floor":7},{"not_picked":["theSenshi:SailorUranusAssists","theSenshi:SailorMercuryAssists"],"picked":"theSenshi:SchoolBag","floor":8},{"not_picked":["theSenshi:SailorUranusAssists","theSenshi:SailorStarFighterAssists"],"picked":"theSenshi:MoonSpiralHeartAttack","floor":11},{"not_picked":["theSenshi:HesSoDreamy","theSenshi:EncouragingSpeech"],"picked":"theSenshi:MoonlightKnight","floor":12},{"not_picked":["theSenshi:LunaWiseMentor","theSenshi:MercurysCunning"],"picked":"theSenshi:SailorStarFighterAssists","floor":14},{"not_picked":["theSenshi:FatedKiss","theSenshi:SailorStarHealerAssists"],"picked":"theSenshi:StudyParty","floor":16},{"not_picked":["theSenshi:MoonSpiralHeartAttack","theSenshi:SailorPlanetPower"],"picked":"theSenshi:VenusGlamour+1","floor":18},{"not_picked":["theSenshi:Sidestep","theSenshi:TuxedoSmokingBomber"],"picked":"theSenshi:PlutosSolemnity","floor":19},{"not_picked":["theSenshi:LateForSchool","theSenshi:SteeledNerves","theSenshi:MoonTiaraMagic"],"picked":"SKIP","floor":20}],"player_experience":130347,"relics_obtained":[{"floor":8,"key":"Odd Mushroom"},{"floor":9,"key":"Sundial"},{"floor":11,"key":"theSenshi:FeatherClipsRelic"}],"event_choices":[{"damage_healed":0,"gold_gain":0,"player_choice":"Donut","damage_taken":0,"max_hp_gain":5,"max_hp_loss":0,"event_name":"Big Fish","floor":3,"gold_loss":0},{"damage_healed":0,"gold_gain":0,"player_choice":"Fought Mushrooms","damage_taken":0,"max_hp_gain":0,"max_hp_loss":0,"event_name":"Mushrooms","floor":8,"gold_loss":0},{"damage_healed":0,"gold_gain":0,"player_choice":"Entered Light","damage_taken":16,"max_hp_gain":0,"max_hp_loss":0,"event_name":"Shining Light","floor":10,"gold_loss":0,"cards_upgraded":["theSenshi:UranusStrength","theSenshi:SailorKick"]}],"is_beta":false,"boss_relics":[{"not_picked":["Runic Dome","Philosopher\u0027s Stone"],"picked":"Empty Cage"}],"items_purged_floors":[4,13,21],"is_endless":false,"potions_floor_spawned":[2,5,12,14,18,19],"killed_by":"Sentry and Sphere","ascension_level":0}}