{"host":"l15sdf2mmi0nobpi","time":1608779829,"event":{"mods":["ATMod(°¢èªMod)","BaseMod","Highlight Path","Minty Spire (QoL Compilation)","Quick Restart","StSLib","¡¾¹¦ÄÜMod¡¿Neow½±Àø"],"gold_per_floor":[117,117,131,6,6,35,49,74,74,104,118,145,145,163,163,242,242,258,45,63,263,276,276,302,302,327,327,359,376,389,399,399,474,474,487,387,439,459,469,497,497,513,513,513,513,532,156,156,156,156,156,156,156,6,35,35],"floor_reached":57,"playtime":3265,"items_purged":["Strike_G","Strike_G","Normality","Strike_G"],"score":2679,"play_id":"1a40388d-5538-40e2-b514-bc5884453913","local_time":"20201224111709","is_ascension_mode":true,"campfire_choices":[{"data":"AT_KneejerkReflex","floor":13.0,"key":"SMITH"},{"data":"Blade Dance","floor":15.0,"key":"SMITH"},{"data":"Apotheosis","floor":23.0,"key":"SMITH"},{"floor":32.0,"key":"RECALL"},{"data":"Reflex","floor":41.0,"key":"SMITH"},{"data":"Acrobatics","floor":44.0,"key":"SMITH"},{"data":"AT_ShadowStep","floor":49.0,"key":"SMITH"},{"data":"Acrobatics","floor":53,"key":"SMITH"}],"circlet_count":0,"master_deck":["AscendersBane","Strike_G","Defend_G","Defend_G","Defend_G","Defend_G","Defend_G","Survivor","Neutralize","AT_Desolate+1","Bouncing Flask","Acrobatics+1","Blade Dance+1","Reflex+1","AT_KneejerkReflex+1","Corpse Explosion","Blade Dance","Phantasmal Killer","Apotheosis+1","Acrobatics+1","AT_ShadowStep+1","AT_TwilightShroud"],"relics":["Ring of the Snake","AT_GreenNoBalance","AT_ForceNature","AT_BellowingDragoncrestRing","Ginger","AT_ImmortalShieldbow","Coffee Dripper","Du-Vu Doll","Oddly Smooth Stone","Nloth\u0027s Gift","AT_ChloranthyRing","Cursed Key","Tingsha","StoneCalendar","ClockworkSouvenir","Bag of Marbles"],"acts_visited":["Exordium","TheCity","TheBeyond","TheEnding"],"potions_floor_usage":[50,51],"damage_taken":[{"damage":6.0,"enemies":"Small Slimes","floor":1.0,"turns":4.0},{"damage":2.0,"enemies":"Jaw Worm","floor":3.0,"turns":4.0},{"damage":7.0,"enemies":"Lagavulin","floor":6.0,"turns":5.0},{"damage":0.0,"enemies":"Cultist","floor":7.0,"turns":2.0},{"damage":18.0,"enemies":"3 Sentries","floor":8.0,"turns":6.0},{"damage":10.0,"enemies":"Gremlin Nob","floor":10.0,"turns":3.0},{"damage":2.0,"enemies":"2 Fungi Beasts","floor":11.0,"turns":3.0},{"damage":7.0,"enemies":"Lagavulin","floor":12.0,"turns":5.0},{"damage":26.0,"enemies":"Gremlin Gang","floor":14.0,"turns":3.0},{"damage":38.0,"enemies":"Slime Boss","floor":16.0,"turns":4.0},{"damage":0.0,"enemies":"Chosen","floor":18.0,"turns":2.0},{"damage":14.0,"enemies":"Shell Parasite","floor":20.0,"turns":3.0},{"damage":23.0,"enemies":"Centurion and Healer","floor":22.0,"turns":5.0},{"damage":14.0,"enemies":"Slavers","floor":24.0,"turns":3.0},{"damage":2.0,"enemies":"Book of Stabbing","floor":28.0,"turns":3.0},{"damage":0.0,"enemies":"Snake Plant","floor":29.0,"turns":4.0},{"damage":5.0,"enemies":"Shelled Parasite and Fungi","floor":30.0,"turns":4.0},{"damage":18.0,"enemies":"Snecko","floor":31.0,"turns":3.0},{"damage":2.0,"enemies":"Champ","floor":33.0,"turns":4.0},{"damage":26.0,"enemies":"3 Darklings","floor":35.0,"turns":4.0},{"damage":38.0,"enemies":"2 Orb Walkers","floor":37.0,"turns":3.0},{"damage":2.0,"enemies":"Orb Walker","floor":38.0,"turns":2.0},{"damage":10.0,"enemies":"3 Darklings","floor":39.0,"turns":3.0},{"damage":22.0,"enemies":"Reptomancer","floor":40.0,"turns":5.0},{"damage":13.0,"enemies":"Spire Growth","floor":42.0,"turns":4.0},{"damage":0.0,"enemies":"Transient","floor":46.0,"turns":6.0},{"damage":31,"enemies":"Awakened One","floor":50,"turns":6},{"damage":12,"enemies":"Time Eater","floor":51,"turns":9},{"damage":6,"enemies":"Shield and Spear","floor":55,"turns":4},{"damage":96,"enemies":"The Heart","floor":56,"turns":10}],"seed_played":"751278520989485861","potions_obtained":[{"floor":1.0,"key":"ColorlessPotion"},{"floor":6.0,"key":"BlessingOfTheForge"},{"floor":10.0,"key":"LiquidBronze"},{"floor":12.0,"key":"BlessingOfTheForge"},{"floor":16.0,"key":"EssenceOfSteel"},{"floor":28.0,"key":"LiquidMemories"},{"floor":39.0,"key":"DuplicationPotion"}],"is_trial":false,"path_per_floor":["M","?","M","$","?","E","M","E","T","E","M","E","R","M","R","B",null,"M","$","M","?","M","R","E","?","T","?","E","M","M","M","R","B",null,"M","$","?","M","M","E","R","M","T","R","?","M","$","?","R","B","B",null,"R","$","E","B",null],"character_chosen":"THE_SILENT","items_purchased":["Blade Dance","Apotheosis","AT_ShadowStep","ClockworkSouvenir"],"campfire_rested":0,"item_purchase_floors":[4,19,47,47],"current_hp_per_floor":[50,50,48,48,48,41,39,21,21,29,37,32,32,18,18,19,63,39,39,25,25,23,23,25,25,25,25,42,42,37,65,65,63,74,48,48,30,28,26,10,10,21,21,21,21,21,21,21,21,14,23,64,64,64,58,4],"gold":35,"neow_bonus":"TWENTY_PERCENT_HP_BONUS","is_daily":false,"chose_seed":false,"campfire_upgraded":7,"win_rate":0.0,"timestamp":1608779829,"path_taken":["M","?","M","$","?","E","M","E","T","E","?","E","R","M","R","BOSS","M","$","M","?","?","R","E","?","T","?","E","?","M","M","R","BOSS","M","$","?","M","M","E","R","M","T","R","?","M","$","?","R","BOSS","BOSS","R","$","E","BOSS"],"items_purchased_type":["Card","Card","Card","Relic"],"build_version":"2020-12-22","purchased_purges":4,"victory":true,"max_hp_per_floor":[78,78,78,78,78,78,78,78,78,78,78,78,78,78,78,78,78,78,78,78,78,78,78,78,78,78,78,78,78,78,78,78,78,78,78,78,78,78,78,78,78,78,78,78,78,78,78,78,78,78,78,78,78,78,78,78],"card_choices":[{"not_picked":["Underhanded Strike","Outmaneuver"],"picked":"Bouncing Flask","floor":1.0},{"not_picked":["Deadly Poison","Poisoned Stab"],"picked":"Acrobatics","floor":3.0},{"not_picked":["Endless Agony","Finisher","Backstab"],"picked":"SKIP","floor":6.0},{"not_picked":["Endless Agony","Finisher","Backstab"],"picked":"SKIP","floor":6.0},{"not_picked":["Deadly Poison","Choke"],"picked":"Reflex","floor":7.0},{"not_picked":["Cloak And Dagger","Leg Sweep","Masterful Stab"],"picked":"SKIP","floor":8.0},{"not_picked":["AT_TinkerSharpsword","Dash"],"picked":"AT_KneejerkReflex","floor":10.0},{"not_picked":["Concentrate","Deflect"],"picked":"Corpse Explosion","floor":11.0},{"not_picked":["Dodge and Roll","Dagger Spray","Setup"],"picked":"SKIP","floor":12.0},{"not_picked":["Eviscerate","Dagger Spray"],"picked":"Blade Dance","floor":14.0},{"not_picked":["Wraith Form v2","Corpse Explosion"],"picked":"Phantasmal Killer","floor":16.0},{"not_picked":["Choke","Quick Slash","Deadly Poison"],"picked":"SKIP","floor":18.0},{"not_picked":["Flechettes","AT_WomanClash+1","Eviscerate"],"picked":"SKIP","floor":20.0},{"not_picked":["Blade Dance","Cloak And Dagger","Bane"],"picked":"SKIP","floor":22.0},{"not_picked":["Dash","AT_FocusSwordFire","Acrobatics"],"picked":"SKIP","floor":24.0},{"not_picked":["Dash","AT_FocusSwordFire"],"picked":"Acrobatics","floor":24.0},{"not_picked":["Flying Knee","Dagger Spray+1","Doppelganger"],"picked":"SKIP","floor":28.0},{"not_picked":["Expertise","Deflect","Flying Knee"],"picked":"SKIP","floor":29.0},{"not_picked":["Dodge and Roll","Distraction","Acrobatics"],"picked":"SKIP","floor":30.0},{"not_picked":["Wraith Form v2","Outmaneuver","Riddle With Holes"],"picked":"SKIP","floor":31.0},{"not_picked":["PiercingWail","Outmaneuver+1","Expertise"],"picked":"SKIP","floor":35.0},{"not_picked":["Underhanded Strike","Quick Slash","Grand Finale"],"picked":"SKIP","floor":38.0},{"not_picked":["PiercingWail","Dagger Throw","Choke+1"],"picked":"SKIP","floor":39.0},{"not_picked":["Sucker Punch","AT_TwilightShroud","Dagger Spray"],"picked":"SKIP","floor":40.0},{"not_picked":["Setup","Infinite Blades+1","Blade Dance+1"],"picked":"SKIP","floor":42.0},{"not_picked":["PiercingWail","Choke","AT_WomanClash"],"picked":"SKIP","floor":46.0},{"not_picked":["Escape Plan+1","Venomology"],"picked":"AT_TwilightShroud","floor":55}],"player_experience":425562,"relics_obtained":[{"floor":6.0,"key":"AT_SilverBalance"},{"floor":8.0,"key":"AT_ForceNature"},{"floor":9.0,"key":"AT_BellowingDragoncrestRing"},{"floor":10.0,"key":"Ginger"},{"floor":12.0,"key":"AT_ImmortalShieldbow"},{"floor":24.0,"key":"Du-Vu Doll"},{"floor":26.0,"key":"Oddly Smooth Stone"},{"floor":28.0,"key":"AT_ChloranthyRing"},{"floor":37.0,"key":"Tingsha"},{"floor":40.0,"key":"StoneCalendar"},{"floor":55,"key":"Bag of Marbles"}],"event_choices":[{"cards_removed":["Strike_G"],"damage_healed":0.0,"max_hp_gain":0.0,"max_hp_loss":0.0,"gold_gain":0.0,"event_name":"Living Wall","player_choice":"Forget","floor":2.0,"gold_loss":0.0,"damage_taken":0.0},{"damage_healed":0.0,"max_hp_gain":0.0,"max_hp_loss":0.0,"gold_gain":0.0,"event_name":"Upgrade Shrine","player_choice":"Upgraded","floor":5.0,"gold_loss":0.0,"damage_taken":0.0,"cards_upgraded":["AT_Desolate"]},{"damage_healed":0.0,"max_hp_gain":0.0,"max_hp_loss":0.0,"gold_gain":250.0,"event_name":"The Joust","player_choice":"Bet on Owner","floor":21.0,"gold_loss":50.0,"damage_taken":0.0},{"damage_healed":0.0,"max_hp_gain":0.0,"max_hp_loss":0.0,"gold_gain":0.0,"event_name":"The Mausoleum","player_choice":"Ignored","floor":25.0,"gold_loss":0.0,"damage_taken":0.0},{"damage_healed":0.0,"max_hp_gain":0.0,"max_hp_loss":0.0,"gold_gain":0.0,"event_name":"N\u0027loth","player_choice":"Traded Relic","floor":27.0,"relics_lost":["AT_ATBox"],"gold_loss":0.0,"damage_taken":0.0,"relics_obtained":["Nloth\u0027s Gift"]},{"damage_healed":0.0,"max_hp_gain":0.0,"max_hp_loss":0.0,"gold_gain":0.0,"event_name":"Mysterious Sphere","player_choice":"Fight","floor":37.0,"gold_loss":0.0,"damage_taken":0.0},{"damage_healed":0.0,"max_hp_gain":0.0,"max_hp_loss":0.0,"gold_gain":0.0,"event_name":"Tomb of Lord Red Mask","player_choice":"Ignored","floor":45.0,"gold_loss":0.0,"damage_taken":0.0},{"damage_healed":0.0,"max_hp_gain":0.0,"max_hp_loss":0.0,"gold_gain":0.0,"event_name":"Lab","player_choice":"Got Potions","floor":48.0,"gold_loss":0.0,"damage_taken":0.0}],"is_beta":false,"boss_relics":[{"not_picked":["Empty Cage","Calling Bell"],"picked":"Coffee Dripper"},{"not_picked":["Velvet Choker","Sozu"],"picked":"Cursed Key"}],"items_purged_floors":[4,36,47,54],"is_endless":false,"potions_floor_spawned":[1,6,10,12,16,18,28,31,38,39,46],"ascension_level":20}}