{"host":"8e0m9cx22ai8420f","time":1608799133,"event":{"mods":["AchievementEnabler","BaseMod","Better Altar","Better Match","Better Skull","Better Third Choice","Googly Eyes","Gremlin Mod","Hermit","Hubris","Minty Spire (QoL Compilation)","Replay The Spire","StSLib","The Construct","The Cursed","The Hierophant","The Mystic","The Servant 0.9.4"],"gold_per_floor":[13,13,13,13,13,13,57,57,57,80,80,111,42,67,67,200,227,250,250,151,181,181,181,225,250,250,285,285,332,332,302,302,430,430,450,477,486,502,334,377,377,395,395,395,430,453,453,472,472,472,472,472,238,288,288],"floor_reached":56,"playtime":6855,"items_purged":["TheCursedMod:Defend_TheCursed","TheCursedMod:Defend_TheCursed","TheCursedMod:Strike_TheCursed","TheCursedMod:Defend_TheCursed"],"score":2913,"play_id":"a8d9529e-42de-48cf-8dbe-d24ec4940876","local_time":"20201224003853","is_ascension_mode":true,"campfire_choices":[{"floor":6.0,"key":"REST"},{"floor":8.0,"key":"RECALL"},{"data":"TheCursedMod:CleanUpWorkshop","floor":11.0,"key":"SMITH"},{"data":"TheCursedMod:LuckyCharm","floor":15.0,"key":"SMITH"},{"data":"TheCursedMod:HellfireBreathing","floor":23.0,"key":"SMITH"},{"data":"TheCursedMod:SurpriseAttack","floor":30.0,"key":"SMITH"},{"data":"TheCursedMod:SpitefulPlan","floor":32.0,"key":"SMITH"},{"data":"TheCursedMod:HellfireBreathing","floor":41.0,"key":"SMITH"},{"data":"TheCursedMod:CursedSpellbook","floor":47.0,"key":"SMITH"},{"data":"TheCursedMod:SurpriseAttack","floor":49.0,"key":"SMITH"},{"data":"TheCursedMod:AntiAging","floor":52.0,"key":"SMITH"}],"circlet_count":0,"master_deck":["AscendersBane","TheCursedMod:Strike_TheCursed","TheCursedMod:Defend_TheCursed","TheCursedMod:CursedWand","TheCursedMod:CleanUpWorkshop+1","TheCursedMod:Dregs","TheCursedMod:SpitefulStrike","Injury","Apotheosis+1","TheCursedMod:CursedBlade","TheCursedMod:Grudge","TheCursedMod:LuckyCharm+1","TheCursedMod:SmokeScreen","TheCursedMod:NeowsMight","ReplayTheSpireMod:Splinters","Clumsy","Injury","TheCursedMod:HellfireBreathing+1","TheCursedMod:SurpriseAttack+1","TheCursedMod:Neurasthenia","TheCursedMod:AntiAging+1","ReplayTheSpireMod:Splinters","TheCursedMod:SpitefulPlan+1","TheCursedMod:CursedShiv+1","TheCursedMod:ForbiddenAlchemy","TheCursedMod:AshesToAshes+1","TheCursedMod:HellfireBreathing+1","TheCursedMod:SurpriseAttack+1","TheCursedMod:HellfireBreathing+1","Madness","Madness","TheCursedMod:CursedSpellbook+1","TheCursedMod:HellfireBreathing","TheCursedMod:RapidMovement","TheCursedMod:RapidMovement","TheCursedMod:DarkBarrier"],"relics":["TheCursedMod:BlackMagic101","Golden Idol","MealTicket","Ring of Misfortune","ReplayTheSpireMod:Ring of Collecting","Simple Rune","Ring of Fury","hubris:TinFlute","CeramicFish","Replay:Ancient Bell","Bag of Preparation","Question Card","TheCursedMod:SoulVessel","MutagenicStrength","Blood Vial","hubris:FunFungus","Nloth\u0027s Gift","Incense Burner","ReplayTheSpireMod:CursedCoin","hubris:HollowSoul","ReplayTheSpireMod:Lightbulb","hubris:DeckOfHolding","Ring of Hypnosis","HornCleat","Gremlin Food"],"acts_visited":["Exordium","TheCity","TheBeyond","TheEnding"],"potions_floor_usage":[55,55,55,55,55,55,55,55,55,55,55,55,55],"damage_taken":[{"damage":0.0,"enemies":"Cultist","floor":1.0,"turns":5.0},{"damage":5.0,"enemies":"3 Sentries","floor":7.0,"turns":11.0},{"damage":0.0,"enemies":"2 Louse","floor":10.0,"turns":2.0},{"damage":0.0,"enemies":"Lagavulin","floor":12.0,"turns":5.0},{"damage":0.0,"enemies":"Small Slimes","floor":14.0,"turns":2.0},{"damage":0.0,"enemies":"The Guardian","floor":16.0,"turns":6.0},{"damage":0.0,"enemies":"2 Thieves","floor":18.0,"turns":4.0},{"damage":0.0,"enemies":"Shell Parasite","floor":21.0,"turns":4.0},{"damage":0.0,"enemies":"Gremlin Leader","floor":24.0,"turns":7.0},{"damage":0.0,"enemies":"Chosen and Byrds","floor":25.0,"turns":5.0},{"damage":0.0,"enemies":"Slavers","floor":27.0,"turns":4.0},{"damage":0.0,"enemies":"Replay:Snechameleon","floor":29.0,"turns":6.0},{"damage":0.0,"enemies":"Pondfish","floor":33.0,"turns":11.0},{"damage":0.0,"enemies":"Orb Walker","floor":35.0,"turns":3.0},{"damage":0.0,"enemies":"3 Shapes","floor":36.0,"turns":3.0},{"damage":0.0,"enemies":"Jaw Worm Horde","floor":38.0,"turns":1.0},{"damage":0.0,"enemies":"Giant Head","floor":40.0,"turns":5.0},{"damage":0.0,"enemies":"Reptomancer","floor":45.0,"turns":3.0},{"damage":0.0,"enemies":"3 Darklings","floor":46.0,"turns":4.0},{"damage":0.0,"enemies":"Transient","floor":48.0,"turns":3.0},{"damage":0.0,"enemies":"Time Eater","floor":50.0,"turns":8.0},{"damage":0.0,"enemies":"Shield and Spear","floor":54.0,"turns":2.0},{"damage":21,"enemies":"The Heart","floor":55,"turns":6}],"seed_played":"-8463375745400009416","potions_obtained":[{"floor":10.0,"key":"SkillPotion"},{"floor":12.0,"key":"Weak Potion"},{"floor":14.0,"key":"AttackPotion"},{"floor":25.0,"key":"Explosive Potion"},{"floor":27.0,"key":"Elixir"},{"floor":29.0,"key":"Flashbang"},{"floor":45.0,"key":"Adrenaline Potion"},{"floor":48.0,"key":"Toxic Potion"},{"floor":54.0,"key":"PowerPotion"}],"is_trial":false,"path_per_floor":["M","?","?","?","?","R","E","R","T","M","R","E","$","M","R","B",null,"M","?","$","M","?","R","E","M","T","E","?","E","R","$","R","B",null,"M","M","?","M","$","E","R","?","T","?","E","M","R","M","R","B",null,"R","$","E","B",null],"character_chosen":"THE_CURSED","items_purchased":["TheCursedMod:LuckyCharm","TheCursedMod:HellfireBreathing","ReplayTheSpireMod:CursedCoin","TheCursedMod:SpitefulPlan","TheCursedMod:CursedShiv+1","TheCursedMod:SurpriseAttack","TheCursedMod:HellfireBreathing","TheCursedMod:RapidMovement"],"campfire_rested":1,"item_purchase_floors":[13,20,31,31,31,39,53,53],"current_hp_per_floor":[68,68,43,43,43,65,60,60,60,60,60,60,75,75,75,75,75,75,75,75,75,55,55,75,82,82,82,82,82,82,82,82,85,85,87,87,87,89,89,91,91,80,80,80,93,99,99,102,102,105,105,105,105,108,111],"gold":288,"neow_bonus":"REMOVE_TWO","is_daily":false,"chose_seed":false,"campfire_upgraded":9,"win_rate":0.0,"timestamp":1608799133,"path_taken":["M","?","?","?","?","R","E","R","T","M","R","E","$","M","R","BOSS","M","?","$","M","?","R","E","M","T","E","?","E","R","$","R","BOSS","M","M","?","?","$","E","R","?","T","?","E","?","R","M","R","BOSS","R","$","E","BOSS"],"items_purchased_type":["Card","Card","Relic","Card","Card","Card","Card","Card"],"build_version":"2020-12-22","purchased_purges":4,"victory":true,"max_hp_per_floor":[75,75,75,75,75,75,75,75,75,75,75,75,75,75,75,75,75,75,75,75,75,75,75,82,82,82,82,82,82,82,82,82,85,85,87,87,87,89,89,91,91,91,91,91,93,99,99,102,102,105,105,105,105,108,111],"card_choices":[{"not_picked":["TheCursedMod:VitalStrike","TheCursedMod:SoulReap"],"picked":"TheCursedMod:SpitefulStrike","floor":1.0},{"not_picked":["TheCursedMod:CursedShiv","TheCursedMod:TacticalStrike"],"picked":"TheCursedMod:CursedBlade","floor":7.0},{"not_picked":["TheCursedMod:Wield","TheCursedMod:DoubleShield"],"picked":"TheCursedMod:Grudge","floor":10.0},{"not_picked":["TheCursedMod:CircleOfWindfury","TheCursedMod:SaltUponWound","TheCursedMod:Stretching"],"picked":"SKIP","floor":12.0},{"not_picked":["TheCursedMod:CursedArmor","TheCursedMod:AshesToAshes"],"picked":"TheCursedMod:SmokeScreen","floor":14.0},{"not_picked":["TheCursedMod:OutForBlood","TheCursedMod:CollectTribute"],"picked":"TheCursedMod:NeowsMight","floor":16.0},{"not_picked":["ReplayTheSpireMod:IOU","TheCursedMod:Dregs","CommonCold"],"picked":"ReplayTheSpireMod:Splinters","floor":17.0},{"not_picked":["Pain","hubris:Greed","hubris:Envy"],"picked":"Clumsy","floor":17.0},{"not_picked":["Pain","hubris:Greed","Decay"],"picked":"Injury","floor":17.0},{"not_picked":["TheCursedMod:Torture+1","TheCursedMod:WearCloak","TheCursedMod:VitalStrike","TheCursedMod:CircleOfBlood"],"picked":"SKIP","floor":18.0},{"not_picked":["TheCursedMod:VitalStrike","TheCursedMod:SmokeScreen","TheCursedMod:CursedBlade"],"picked":"TheCursedMod:SurpriseAttack","floor":21.0},{"not_picked":["TheCursedMod:CircleOfFlame","TheCursedMod:Grudge","TheCursedMod:WearCloak"],"picked":"TheCursedMod:Neurasthenia","floor":24.0},{"not_picked":["TheCursedMod:PrepareRite","TheCursedMod:WearCloak","TheCursedMod:Stigma+1","TheCursedMod:RavingStaff"],"picked":"SKIP","floor":25.0},{"not_picked":["TheCursedMod:Obscuration+1","TheCursedMod:CursedBoomerang","TheCursedMod:CursedAmulet","TheCursedMod:VitalStrike"],"picked":"SKIP","floor":27.0},{"not_picked":["TheCursedMod:CursedShiv+1","TheCursedMod:RapidMovement","TheCursedMod:ManaBullet"],"picked":"TheCursedMod:AntiAging","floor":29.0},{"not_picked":["TheCursedMod:ParallelWorld","TheCursedMod:StunningStrike","TheCursedMod:DemonSword"],"picked":"TheCursedMod:ForbiddenAlchemy","floor":33.0},{"not_picked":["TheCursedMod:TroublousMinions+1","TheCursedMod:CursedShiv+1","TheCursedMod:CircleOfCorruption+1","TheCursedMod:VitalStrike+1"],"picked":"SKIP","floor":35.0},{"not_picked":["TheCursedMod:RavingStaff+1","TheCursedMod:WearCloak+1","TheCursedMod:Torture"],"picked":"TheCursedMod:AshesToAshes+1","floor":36.0},{"not_picked":["TheCursedMod:StingEye+1","TheCursedMod:RavingStaff","TheCursedMod:CursedRelics","TheCursedMod:SoulReap+1"],"picked":"SKIP","floor":38.0},{"not_picked":["TheCursedMod:SurpriseAttack","TheCursedMod:CircleOfBlood","TheCursedMod:StunningStrike"],"picked":"TheCursedMod:HellfireBreathing","floor":40.0},{"not_picked":["TheCursedMod:UltimatePain","TheCursedMod:SpitefulPlan","TheCursedMod:Torture+1","TheCursedMod:CircleOfWindfury"],"picked":"SKIP","floor":45.0},{"not_picked":["TheCursedMod:SpitefulPlan+1","TheCursedMod:CircleOfAmplification+1","TheCursedMod:RapidMovement"],"picked":"TheCursedMod:CursedSpellbook","floor":46.0},{"not_picked":["TheCursedMod:StingEye+1","TheCursedMod:CircleOfFlame","TheCursedMod:ReleasedStrength","TheCursedMod:Stigma"],"picked":"SKIP","floor":48.0},{"not_picked":["TheCursedMod:ShockAndAwe","TheCursedMod:StingEye","TheCursedMod:CursedBoomerang"],"picked":"TheCursedMod:DarkBarrier","floor":54.0}],"player_experience":927657,"relics_obtained":[{"floor":5.0,"key":"Ring of Misfortune"},{"floor":5.0,"key":"ReplayTheSpireMod:Ring of Collecting"},{"floor":7.0,"key":"Simple Rune"},{"floor":9.0,"key":"Ring of Fury"},{"floor":9.0,"key":"hubris:TinFlute"},{"floor":12.0,"key":"CeramicFish"},{"floor":24.0,"key":"Strawberry"},{"floor":27.0,"key":"hubris:FunFungus"},{"floor":29.0,"key":"Incense Burner"},{"floor":40.0,"key":"ReplayTheSpireMod:Lightbulb"},{"floor":43.0,"key":"hubris:DeckOfHolding"},{"floor":43.0,"key":"Ring of Hypnosis"},{"floor":45.0,"key":"HornCleat"},{"floor":54.0,"key":"Gremlin Food"}],"event_choices":[{"damage_healed":0.0,"max_hp_gain":0.0,"max_hp_loss":0.0,"gold_gain":0.0,"event_name":"Golden Idol","player_choice":"Take Wound","floor":2.0,"gold_loss":0.0,"damage_taken":0.0,"relics_obtained":["Golden Idol"],"cards_obtained":["Injury"]},{"damage_healed":0.0,"max_hp_gain":0.0,"max_hp_loss":0.0,"gold_gain":0.0,"event_name":"betterThird:BetterScrap","player_choice":"Relic ","floor":3.0,"gold_loss":0.0,"damage_taken":25.0,"cards_obtained":["WaveOfTheHand"]},{"damage_healed":43.0,"max_hp_gain":0.0,"max_hp_loss":75.0,"gold_gain":0.0,"event_name":"betterThird:BetterShining","player_choice":"Embrace","floor":4.0,"gold_loss":0.0,"damage_taken":0.0},{"damage_healed":0.0,"max_hp_gain":0.0,"max_hp_loss":0.0,"gold_gain":0.0,"event_name":"Drug Dealer","player_choice":"Inject Mutagens","floor":19.0,"gold_loss":0.0,"damage_taken":0.0,"relics_obtained":["MutagenicStrength"]},{"damage_healed":0.0,"max_hp_gain":75.0,"max_hp_loss":55.0,"gold_gain":0.0,"event_name":"betterAltar:BetterAltar","player_choice":" Vial ","floor":22.0,"potions_obtained":[],"relics_lost":[],"gold_loss":0.0,"damage_taken":20.0,"relics_obtained":["Blood Vial"]},{"damage_healed":0.0,"max_hp_gain":0.0,"max_hp_loss":0.0,"gold_gain":0.0,"event_name":"N\u0027loth","player_choice":"Traded Relic","floor":28.0,"relics_lost":["Strawberry"],"gold_loss":0.0,"damage_taken":0.0,"relics_obtained":["Nloth\u0027s Gift"]},{"damage_healed":0.0,"max_hp_gain":0.0,"max_hp_loss":0.0,"gold_gain":0.0,"event_name":"Duplicator","player_choice":"Copied","floor":37.0,"gold_loss":0.0,"damage_taken":0.0,"cards_obtained":["TheCursedMod:HellfireBreathing"]},{"damage_healed":0.0,"max_hp_gain":0.0,"max_hp_loss":0.0,"gold_gain":0.0,"event_name":"Winding Halls","player_choice":"Embrace Madness","floor":42.0,"gold_loss":0.0,"damage_taken":11.0,"cards_obtained":["Madness","Madness"]},{"damage_healed":0.0,"max_hp_gain":0.0,"max_hp_loss":0.0,"gold_gain":0.0,"event_name":"Fountain of Cleansing","player_choice":"Ignored","floor":44.0,"gold_loss":0.0,"damage_taken":0.0}],"is_beta":false,"boss_relics":[{"not_picked":["Painkiller Herb","Velvet Choker"],"picked":"Replay:Ancient Bell"},{"not_picked":["Art of War","Lantern"],"picked":"Bag of Preparation"},{"not_picked":["Blue Candle","Sundial"],"picked":"Question Card"},{"not_picked":["Dead Branch","hubris:MedicalManual"],"picked":"TheCursedMod:SoulVessel"},{"not_picked":["ChewingGum","hubris:GrandSneckoEye"],"picked":"hubris:HollowSoul"}],"items_purged_floors":[20,31,39,53],"is_endless":false,"potions_floor_spawned":[10,12,14,25,27,29,38,45,48,54],"ascension_level":10}}