{"host":"5fasz840ryq7obdf","time":1608809382,"event":{"mods":["AchievementEnabler","BaseMod","Bestiary","Better Altar","Better Skull","Better Third Choice","BetterRewards","Block Reminder","Colored Powertips","Curses Come First","Minty Spire (QoL Compilation)","Quick Restart","Relic Stats","Shop Mod","Spicy Shops","StSLib"],"gold_per_floor":[116,116,126,4,4,40,40,83,137,193,14,14,59,107,107,191,245,274,199,244,294,294,337,57,97,97,131,185,226,251,44,44,124,124,137,64,94,112,146,190,272,272,295,328,4,0,0,24,24,24,24,24,24,24,61,61],"floor_reached":57,"playtime":7529,"items_purged":["Defend_G","Strike_G","Defend_G","Shame"],"score":3818,"play_id":"280cd47b-aa73-4b89-b3eb-0da3b586c3bf","local_time":"20201224112942","is_ascension_mode":true,"campfire_choices":[{"floor":7.0,"key":"REST"},{"floor":12.0,"key":"REST"},{"data":"Mayhem","floor":15.0,"key":"SMITH"},{"data":"1","floor":32,"key":"LIFT"},{"data":"After Image","floor":42,"key":"SMITH"},{"floor":49,"key":"RECALL"},{"data":"2","floor":53,"key":"LIFT"}],"circlet_count":0,"master_deck":["AscendersBane","Survivor","Neutralize","Backflip","Poisoned Stab","Mayhem+1","Panache","Accuracy","Noxious Fumes","Blade Dance","Backflip","Panache","Accuracy","Backflip","Master of Strategy","Leg Sweep","Footwork","Deadly Poison","Poisoned Stab","Poisoned Stab","HandOfGreed","Infinite Blades","Outmaneuver","Cloak And Dagger","Crippling Poison","Deadly Poison","Backflip","A Thousand Cuts","Adrenaline","Deadly Poison","PiercingWail","Cloak And Dagger","After Image+1","Catalyst","Blade Dance","Die Die Die","Infinite Blades","Concentrate","Bouncing Flask","Prepared","Backflip","Backflip","Prepared","Venomology","Tools of the Trade","Wraith Form v2","Blade Dance","Madness","Madness","Blur","Catalyst","Blur","Panache","Noxious Fumes","Escape Plan","Leg Sweep","Burst"],"relics":["Ring of the Snake","Frozen Eye","Snake Skull","Singing Bowl","Orrery","DollysMirror","Unceasing Top","Membership Card","Anchor","Bag of Marbles","Peace Pipe","ClockworkSouvenir","Ice Cream","Shuriken","CeramicFish","Girya","Bronze Scales","Bottled Flame","Mummified Hand","Pandora\u0027s Box","Prayer Wheel","TwistedFunnel","Art of War","Blood Vial","Toy Ornithopter","InkBottle","Strawberry","Potion Belt","Letter Opener","OrangePellets","Black Star","Lizard Tail","Omamori","Akabeko","The Specimen","Meat on the Bone","HornCleat","Turnip","Red Mask","Paper Crane","Nunchaku"],"acts_visited":["Exordium","TheCity","TheBeyond","TheEnding"],"potions_floor_usage":[29,40,41,50,51,51,56,56],"damage_taken":[{"damage":0.0,"enemies":"Small Slimes","floor":1.0,"turns":3.0},{"damage":6.0,"enemies":"Cultist","floor":3.0,"turns":3.0},{"damage":0.0,"enemies":"Gremlin Nob","floor":6.0,"turns":3.0},{"damage":16.0,"enemies":"Lagavulin","floor":8.0,"turns":5.0},{"damage":7.0,"enemies":"3 Sentries","floor":10.0,"turns":6.0},{"damage":0.0,"enemies":"2 Louse","floor":13.0,"turns":2.0},{"damage":0.0,"enemies":"2 Fungi Beasts","floor":14.0,"turns":2.0},{"damage":0.0,"enemies":"Hexaghost","floor":16.0,"turns":4.0},{"damage":0.0,"enemies":"Spheric Guardian","floor":18.0,"turns":3.0},{"damage":0,"enemies":"3 Byrds","floor":20,"turns":2},{"damage":3,"enemies":"Gremlin Leader","floor":23,"turns":3},{"damage":15,"enemies":"Slavers","floor":25,"turns":3},{"damage":0,"enemies":"Centurion and Healer","floor":27,"turns":3},{"damage":5,"enemies":"Shelled Parasite and Fungi","floor":28,"turns":3},{"damage":4,"enemies":"Book of Stabbing","floor":29,"turns":3},{"damage":0,"enemies":"Cultist and Chosen","floor":30,"turns":3},{"damage":0,"enemies":"Collector","floor":33,"turns":4},{"damage":2,"enemies":"Orb Walker","floor":35,"turns":3},{"damage":0,"enemies":"3 Shapes","floor":37,"turns":3},{"damage":0,"enemies":"Mind Bloom Boss Battle","floor":39,"turns":4},{"damage":9,"enemies":"Giant Head","floor":40,"turns":4},{"damage":0,"enemies":"2 Orb Walkers","floor":41,"turns":3},{"damage":0,"enemies":"Reptomancer","floor":44,"turns":3},{"damage":0,"enemies":"Spire Growth","floor":48,"turns":3},{"damage":9,"enemies":"Time Eater","floor":50,"turns":4},{"damage":29,"enemies":"Awakened One","floor":51,"turns":6},{"damage":0,"enemies":"Shield and Spear","floor":55,"turns":5},{"damage":24,"enemies":"The Heart","floor":56,"turns":7}],"seed_played":"-7922261832534418174","potions_obtained":[{"floor":1.0,"key":"FairyPotion"},{"floor":2.0,"key":"Weak Potion"},{"floor":14.0,"key":"Strength Potion"},{"floor":35,"key":"SteroidPotion"},{"floor":40,"key":"Regen Potion"}],"is_trial":false,"path_per_floor":["M","?","M","$","?","E","R","E","T","E","$","R","M","M","R","B",null,"M","?","M","?","?","E","$","E","T","M","M","E","M","$","R","B",null,"M","$","M","?","?","E","?","R","T","E","$","?","$","M","R","B","B",null,"R","$","E","B",null],"character_chosen":"THE_SILENT","items_purchased":["Frozen Eye","Snake Skull","Singing Bowl","Backflip","Poisoned Stab","Mayhem","Panache","Orrery","DollysMirror","Accuracy","Unceasing Top","Backflip","Membership Card","Anchor","Bag of Marbles","Master of Strategy","Peace Pipe","ClockworkSouvenir","Leg Sweep","Ice Cream","Shuriken","Footwork","Deadly Poison","HandOfGreed","Infinite Blades","Mummified Hand","Crippling Poison","TwistedFunnel","Art of War","Infinite Blades","Blood Vial","Potion Belt","Letter Opener","OrangePellets","Wraith Form v2","Blade Dance","Panache","Noxious Fumes","Turnip","Escape Plan"],"campfire_rested":2,"item_purchase_floors":[0,0,0,0,0,0,0,0,0,0,0,0,0,0,0,0,0,0,0,0,0,0,0,4,4,11,11,24,24,24,24,31,31,31,36,36,45,45,45,45],"current_hp_per_floor":[19,19,13,13,13,13,31,15,15,8,8,26,26,26,26,26,54,54,54,54,54,54,51,51,38,38,40,37,47,51,51,51,53,67,71,71,77,63,65,63,75,75,75,79,79,79,79,83,83,80,60,78,78,78,80,60],"gold":61,"neow_bonus":"","is_daily":false,"chose_seed":false,"campfire_upgraded":2,"win_rate":0.0,"timestamp":1608809382,"path_taken":["M","?","?","$","?","E","R","E","T","E","?","R","?","M","R","BOSS","M","?","M","?","?","E","$","E","T","M","M","E","M","?","R","BOSS","M","$","M","?","?","E","?","R","T","E","$","?","?","M","R","BOSS","BOSS","R","$","E","BOSS"],"items_purchased_type":["Relic","Relic","Relic","Card","Card","Card","Card","Relic","Relic","Card","Relic","Card","Relic","Relic","Relic","Card","Relic","Relic","Card","Relic","Relic","Card","Card","Card","Card","Relic","Card","Relic","Relic","Card","Relic","Relic","Relic","Relic","Card","Card","Card","Card","Relic","Card"],"build_version":"2020-12-22","purchased_purges":4,"victory":true,"max_hp_per_floor":[63,63,63,63,63,63,63,63,63,63,63,63,63,63,63,63,63,63,63,63,63,63,63,63,63,63,63,63,70,72,72,72,72,72,76,76,80,80,80,80,80,80,80,82,82,82,82,84,84,84,84,84,84,84,84,84],"relic_stats":{"Singing Bowl":16,"counters":[142,450],"CeramicFish":1170,"Snake Skull":[252],"Letter Opener":[589],"Peace Pipe":0,"Blood Vial":33,"OrangePellets":[16],"Lizard Tail":0,"Nunchaku":[85],"Shuriken":[151],"Mummified Hand":[316],"Bronze Scales":[461],"Pandora\u0027s Box":["Bane","Adrenaline","Deadly Poison","PiercingWail","Cloak And Dagger","After Image"],"Prayer Wheel":6,"Turnip":[4],"Art of War":[6],"Black Star":3,"obtain_stats":[{"TwistedFunnel":0,"Whetstone":22,"Bottled Tornado":40,"Boot":11,"Sling":19,"Blood Vial":0,"MealTicket":10,"HandDrill":12,"Kunai":0,"Pear":26,"Tingsha":41,"Pen Nib":12,"Paper Crane":34,"Akabeko":40,"Pandora\u0027s Box":17,"StrikeDummy":12,"Unceasing Top":37,"Lantern":0,"Regal Pillow":7,"Torii":43,"Singing Bowl":0,"Bag of Preparation":19,"Ancient Tea Set":19,"Smiling Mask":34,"Matryoshka":27,"Shovel":34,"WristBlade":34,"Ninja Scroll":40,"InkBottle":0,"Ring of the Snake":0,"Potion Belt":31,"Lee\u0027s Waffle":0,"The Specimen":46,"The Courier":45,"PreservedInsect":0,"Omamori":23,"Frozen Egg 2":43,"MawBank":30,"Ornamental Fan":0,"betterThird:SlimedRelic":2,"Orrery":5,"Turnip":44,"Art of War":46,"Bottled Lightning":24,"Toy Ornithopter":8,"Ice Cream":37,"Calipers":48,"CeramicFish":0,"HoveringKite":34,"Vajra":42,"Sozu":17,"Centennial Puzzle":6,"Lizard Tail":19,"HornCleat":44,"DollysMirror":0,"Strawberry":9,"Philosopher\u0027s Stone":17,"Prayer Wheel":23,"Girya":0,"Happy Flower":40,"Dead Branch":39,"Oddly Smooth Stone":48,"Letter Opener":26,"War Paint":5,"Question Card":29,"Du-Vu Doll":30,"OrangePellets":54,"Bottled Flame":28,"Shuriken":40,"Bronze Scales":0,"Black Star":34,"Meat on the Bone":39,"Snake Skull":44,"Incense Burner":42,"Juzu Bracelet":42,"Empty Cage":17,"ClockworkSouvenir":0,"Frozen Eye":0,"Nunchaku":0,"Dream Catcher":47,"Mummified Hand":20,"Gambling Chip":0,"Pantograph":11,"Tiny Chest":23,"Red Mask":46,"Orichalcum":0,"Medical Kit":45,"White Beast Statue":6,"Mercury Hourglass":26,"Calling Bell":34,"Peace Pipe":0,"Strange Spoon":47,"Anchor":5,"Bag of Marbles":46,"Membership Card":0,"TungstenRod":13,"FossilizedHelix":55},{"TwistedFunnel":0,"Whetstone":96,"Bottled Tornado":106,"Boot":6,"Sling":36,"Blood Vial":27,"MealTicket":61,"HandDrill":6,"Kunai":0,"Pear":15,"Tingsha":107,"Pen Nib":6,"Paper Crane":102,"Akabeko":135,"Pandora\u0027s Box":122,"StrikeDummy":33,"Unceasing Top":76,"Lantern":56,"Regal Pillow":88,"Torii":50,"Singing Bowl":114,"Bag of Preparation":36,"Ancient Tea Set":95,"Smiling Mask":102,"Matryoshka":40,"Shovel":102,"WristBlade":44,"Ninja Scroll":48,"InkBottle":84,"Ring of the Snake":0,"Potion Belt":130,"Lee\u0027s Waffle":84,"The Specimen":24,"The Courier":23,"PreservedInsect":56,"Omamori":69,"Frozen Egg 2":50,"MawBank":17,"Ornamental Fan":27,"betterThird:SlimedRelic":57,"Orrery":29,"Turnip":108,"Art of War":81,"Bottled Lightning":39,"Toy Ornithopter":31,"Ice Cream":20,"Calipers":110,"CeramicFish":27,"HoveringKite":18,"Vajra":22,"Sozu":35,"Centennial Puzzle":4,"Lizard Tail":36,"HornCleat":137,"DollysMirror":56,"Strawberry":5,"Philosopher\u0027s Stone":9,"Prayer Wheel":125,"Girya":27,"Happy Flower":21,"Dead Branch":105,"Oddly Smooth Stone":110,"Letter Opener":99,"War Paint":29,"Question Card":72,"Du-Vu Doll":42,"OrangePellets":54,"Bottled Flame":16,"Shuriken":21,"Bronze Scales":84,"Black Star":131,"Meat on the Bone":21,"Snake Skull":108,"Incense Burner":50,"Juzu Bracelet":108,"Empty Cage":65,"ClockworkSouvenir":114,"Frozen Eye":114,"Nunchaku":0,"Dream Catcher":110,"Mummified Hand":67,"Gambling Chip":56,"Pantograph":90,"Tiny Chest":14,"Red Mask":137,"Orichalcum":0,"Medical Kit":50,"White Beast Statue":60,"Mercury Hourglass":70,"Calling Bell":102,"Peace Pipe":114,"Strange Spoon":81,"Anchor":3,"Bag of Marbles":51,"Membership Card":0,"TungstenRod":7,"FossilizedHelix":55},{"TwistedFunnel":0,"Whetstone":305,"Bottled Tornado":326,"Boot":22,"Sling":131,"Blood Vial":100,"MealTicket":228,"HandDrill":22,"Kunai":0,"Pear":60,"Tingsha":328,"Pen Nib":22,"Paper Crane":317,"Akabeko":419,"Pandora\u0027s Box":378,"StrikeDummy":119,"Unceasing Top":259,"Lantern":220,"Regal Pillow":279,"Torii":184,"Singing Bowl":350,"Bag of Preparation":131,"Ancient Tea Set":302,"Smiling Mask":317,"Matryoshka":145,"Shovel":317,"WristBlade":159,"Ninja Scroll":177,"InkBottle":272,"Ring of the Snake":0,"Potion Belt":401,"Lee\u0027s Waffle":272,"The Specimen":89,"The Courier":87,"PreservedInsect":220,"Omamori":245,"Frozen Egg 2":184,"MawBank":67,"Ornamental Fan":100,"betterThird:SlimedRelic":221,"Orrery":105,"Turnip":330,"Art of War":265,"Bottled Lightning":141,"Toy Ornithopter":112,"Ice Cream":77,"Calipers":334,"CeramicFish":100,"HoveringKite":72,"Vajra":83,"Sozu":127,"Centennial Puzzle":13,"Lizard Tail":131,"HornCleat":425,"DollysMirror":220,"Strawberry":16,"Philosopher\u0027s Stone":35,"Prayer Wheel":386,"Girya":100,"Happy Flower":79,"Dead Branch":323,"Oddly Smooth Stone":334,"Letter Opener":311,"War Paint":105,"Question Card":250,"Du-Vu Doll":151,"OrangePellets":207,"Bottled Flame":64,"Shuriken":79,"Bronze Scales":272,"Black Star":405,"Meat on the Bone":79,"Snake Skull":330,"Incense Burner":184,"Juzu Bracelet":330,"Empty Cage":238,"ClockworkSouvenir":350,"Frozen Eye":350,"Nunchaku":0,"Dream Catcher":334,"Mummified Hand":241,"Gambling Chip":220,"Pantograph":286,"Tiny Chest":54,"Red Mask":425,"Orichalcum":0,"Medical Kit":184,"White Beast Statue":226,"Mercury Hourglass":248,"Calling Bell":317,"Peace Pipe":350,"Strange Spoon":265,"Anchor":9,"Bag of Marbles":187,"Membership Card":0,"TungstenRod":25,"FossilizedHelix":211}],"Unceasing Top":[48],"Toy Ornithopter":29,"InkBottle":[182],"Ring of the Snake":[284],"Meat on the Bone":36},"card_choices":[{"not_picked":["Masterful Stab","Underhanded Strike"],"picked":"Accuracy","floor":0.0},{"not_picked":["Bouncing Flask","Unload"],"picked":"Noxious Fumes","floor":0.0},{"not_picked":["Deflect","Tactician"],"picked":"Blade Dance","floor":0.0},{"not_picked":["Unload","Underhanded Strike"],"picked":"Backflip","floor":0.0},{"not_picked":["Dodge and Roll","Deflect","Flying Knee"],"picked":"Singing Bowl","floor":0.0},{"not_picked":["Deflect","Sucker Punch"],"picked":"Poisoned Stab","floor":1.0},{"not_picked":["Backflip","Masterful Stab"],"picked":"Poisoned Stab","floor":3.0},{"not_picked":["Choke","Distraction"],"picked":"Outmaneuver","floor":6.0},{"not_picked":["Skewer","Backflip"],"picked":"Caltrops","floor":8.0},{"not_picked":["Riddle With Holes","Expertise"],"picked":"Cloak And Dagger","floor":10.0},{"not_picked":["Underhanded Strike","Dodge and Roll"],"picked":"Deadly Poison","floor":13.0},{"not_picked":["Acrobatics","Dagger Throw"],"picked":"Backflip","floor":14.0},{"not_picked":["Grand Finale","Malaise"],"picked":"A Thousand Cuts","floor":16.0},{"not_picked":["PiercingWail","Cloak And Dagger"],"picked":"Catalyst","floor":18.0},{"not_picked":["Predator","Bane"],"picked":"Blade Dance","floor":20},{"not_picked":["Backflip","Blade Dance"],"picked":"Die Die Die","floor":23},{"not_picked":["Backstab","Escape Plan"],"picked":"Concentrate","floor":25},{"not_picked":["Bane","All Out Attack"],"picked":"Bouncing Flask","floor":27},{"not_picked":["Deflect","Quick Slash"],"picked":"Prepared","floor":27},{"not_picked":["Deflect+1","Slice"],"picked":"Backflip","floor":28},{"not_picked":["Setup","Flechettes"],"picked":"Backflip","floor":28},{"not_picked":["Acrobatics","Backflip"],"picked":"Prepared","floor":29},{"not_picked":["Deadly Poison","Sucker Punch","Masterful Stab"],"picked":"Singing Bowl","floor":30},{"not_picked":["Blade Dance","Quick Slash+1"],"picked":"Venomology","floor":30},{"not_picked":["Unload","Die Die Die"],"picked":"Tools of the Trade","floor":33},{"not_picked":["Riddle With Holes+1","Poisoned Stab","PiercingWail"],"picked":"Singing Bowl","floor":35},{"not_picked":["Flying Knee","Reflex+1","Dodge and Roll+1"],"picked":"Singing Bowl","floor":35},{"not_picked":["Outmaneuver","Flechettes","Sucker Punch"],"picked":"Singing Bowl","floor":37},{"not_picked":["Prepared","Sucker Punch","Grand Finale"],"picked":"Singing Bowl","floor":37},{"not_picked":["Caltrops","Well Laid Plans+1"],"picked":"Blur","floor":39},{"not_picked":["Backflip","Unload"],"picked":"Catalyst","floor":40},{"not_picked":["Deflect+1","Blade Dance"],"picked":"Blur","floor":41},{"not_picked":["Quick Slash","All Out Attack","Dodge and Roll"],"picked":"Singing Bowl","floor":44},{"not_picked":["Heel Hook+1","Deflect","Poisoned Stab+1"],"picked":"Singing Bowl","floor":48},{"not_picked":["Blade Dance","Escape Plan"],"picked":"Leg Sweep","floor":48},{"not_picked":["Dash","Leg Sweep"],"picked":"Burst","floor":55}],"player_experience":1020664,"relics_obtained":[{"floor":6.0,"key":"CeramicFish"},{"floor":8.0,"key":"Girya"},{"floor":9.0,"key":"Bronze Scales"},{"floor":10.0,"key":"Bottled Flame"},{"floor":23,"key":"Prayer Wheel"},{"floor":25,"key":"Toy Ornithopter"},{"floor":26,"key":"InkBottle"},{"floor":29,"key":"Strawberry"},{"floor":39,"key":"Lizard Tail"},{"floor":40,"key":"Omamori"},{"floor":40,"key":"Akabeko"},{"floor":41,"key":"The Specimen"},{"floor":44,"key":"Meat on the Bone"},{"floor":44,"key":"HornCleat"},{"floor":55,"key":"Paper Crane"},{"floor":55,"key":"Nunchaku"}],"event_choices":[{"damage_healed":0.0,"max_hp_gain":0.0,"max_hp_loss":0.0,"gold_gain":0.0,"event_name":"Lab","player_choice":"Got Potions","floor":2.0,"gold_loss":0.0,"damage_taken":0.0},{"cards_removed":["Strike_G"],"damage_healed":0.0,"max_hp_gain":0.0,"max_hp_loss":0.0,"gold_gain":0.0,"event_name":"Purifier","player_choice":"Purged","floor":5.0,"gold_loss":0.0,"damage_taken":0.0},{"cards_removed":["Bane"],"damage_healed":0.0,"max_hp_gain":0.0,"max_hp_loss":0.0,"gold_gain":0.0,"event_name":"Beggar","player_choice":"Gave Gold","floor":19.0,"gold_loss":75.0,"damage_taken":0.0},{"damage_healed":0,"gold_gain":50,"player_choice":"Steal","damage_taken":0,"max_hp_gain":0,"max_hp_loss":0,"event_name":"betterThird:BetterNest","floor":21,"gold_loss":0},{"cards_removed":["Caltrops"],"damage_healed":0,"gold_gain":0,"player_choice":"Elegance","damage_taken":0,"max_hp_gain":0,"max_hp_loss":0,"event_name":"betterThird:BetterWriting","floor":22,"gold_loss":0},{"damage_healed":0,"gold_gain":0,"player_choice":"Embrace Madness","damage_taken":14,"max_hp_gain":0,"max_hp_loss":0,"event_name":"Winding Halls","floor":38,"gold_loss":0,"cards_obtained":["Madness","Madness"]},{"damage_healed":0,"gold_gain":0,"player_choice":"Fight","damage_taken":0,"max_hp_gain":0,"max_hp_loss":0,"event_name":"MindBloom","floor":39,"gold_loss":0},{"damage_healed":0,"gold_gain":0,"player_choice":"Fight","damage_taken":0,"max_hp_gain":0,"max_hp_loss":0,"event_name":"Mysterious Sphere","floor":41,"gold_loss":0},{"damage_healed":0,"gold_gain":0,"player_choice":"Paid","damage_taken":0,"relics_obtained":["Red Mask"],"max_hp_gain":0,"max_hp_loss":0,"event_name":"Tomb of Lord Red Mask","floor":46,"gold_loss":4}],"is_beta":false,"boss_relics":[{"not_picked":["SacredBark","Coffee Dripper"],"picked":"Pandora\u0027s Box"},{"not_picked":["WristBlade","Sozu"],"picked":"Black Star"}],"items_purged_floors":[0,0,0,45],"is_endless":false,"potions_floor_spawned":[1,13,14,25,27,28,29,35,40,48],"ascension_level":20}}