{"host":"x565ttcahk6mfbvs","time":1608816689,"event":{"mods":["AchievementEnabler","BaseMod","BetterRewards","Downfall","Minty Spire (QoL Compilation)","Permanent Neow","Remove Card Discount Mod","StSLib","UnlockEverythingMod"],"gold_per_floor":[118,193,205,205,355,355,98,11,11,11,11,11,11,30,30,123,123,136,136,149,11,36,36,36,36],"floor_reached":24,"playtime":493,"items_purged":["Injury","Doubt"],"score":464,"play_id":"3853f537-6dc6-4ea0-998c-62c463461e66","local_time":"20201224073129","is_ascension_mode":true,"campfire_choices":[{"data":"Anger","floor":6,"key":"SMITH"},{"data":"Evolve","floor":10,"key":"SMITH"},{"data":"Fire Breathing","floor":12,"key":"SMITH"},{"data":"Clash","floor":15,"key":"SMITH"},{"floor":23,"key":"REST"}],"circlet_count":0,"master_deck":["AscendersBane","Strike_R","Strike_R","Strike_R+1","Strike_R","Strike_R","Defend_R","Defend_R+1","Defend_R","Defend_R","Bash","Evolve+1","Anger+1","Fire Breathing","Fire Breathing+1","Clash+1","Immolate","CurseOfTheBell","Evolve","Power Through","Anger+1"],"relics":["Burning Blood","NeowsBlessing","Golden Idol","Red Skull","The Courier","Calling Bell","Ancient Tea Set","Gremlin Horn","Ice Cream","Enchiridion","DollysMirror"],"acts_visited":["Exordium","TheCity"],"potions_floor_usage":[16,18,20],"damage_taken":[{"damage":0,"enemies":"Small Slimes","floor":1,"turns":3},{"damage":0,"enemies":"Jaw Worm","floor":3,"turns":3},{"damage":0,"enemies":"2 Louse","floor":14,"turns":4},{"damage":0,"enemies":"Slime Boss","floor":16,"turns":6},{"damage":9,"enemies":"3 Byrds","floor":18,"turns":5},{"damage":0,"enemies":"Chosen","floor":20,"turns":5},{"damage":18,"enemies":"Centurion and Healer","floor":22,"turns":7},{"damage":66,"enemies":"Slavers","floor":24,"turns":6}],"seed_played":"4389938194073001951","potions_obtained":[{"floor":16,"key":"Explosive Potion"},{"floor":18,"key":"Fire Potion"}],"is_trial":false,"path_per_floor":["M","?","M","?","?","R","$","$","T","R","?","R","?","M","R","B",null,"M","?","M","$","M","R","E"],"character_chosen":"IRONCLAD","items_purchased":["Fire Breathing","Red Skull","Strength Potion","Fire Breathing","DollysMirror"],"campfire_rested":1,"item_purchase_floors":[7,7,7,8,21],"current_hp_per_floor":[74,63,69,69,69,69,69,69,69,69,46,46,41,47,47,53,70,67,46,52,52,40,62,0,0],"gold":36,"neow_bonus":"THREE_ENEMY_KILL","is_daily":false,"chose_seed":false,"campfire_upgraded":4,"win_rate":0.0,"timestamp":1608816689,"path_taken":["M","?","M","?","?","R","?","$","T","R","?","R","?","M","R","BOSS","M","?","M","$","M","R","E"],"items_purchased_type":["Card","Relic","Potion","Card","Relic"],"build_version":"2020-12-22","purchased_purges":2,"victory":false,"max_hp_per_floor":[75,75,75,75,75,75,75,75,75,75,75,75,75,75,75,75,75,75,75,75,75,75,75,75,75],"card_choices":[{"not_picked":["Thunderclap","Rage"],"picked":"Evolve","floor":1},{"not_picked":["Rampage","Rage"],"picked":"Anger","floor":3},{"not_picked":["Battle Trance","Evolve"],"picked":"Clash","floor":14},{"not_picked":["Berserk","Corruption"],"picked":"Immolate","floor":16},{"not_picked":["Dark Embrace","Seeing Red"],"picked":"Evolve","floor":18},{"not_picked":["Flex","Clothesline"],"picked":"Power Through","floor":20},{"not_picked":["Cleave","Searing Blow","Shockwave"],"picked":"SKIP","floor":22}],"player_experience":279624,"relics_obtained":[{"floor":17,"key":"Ancient Tea Set"},{"floor":17,"key":"Gremlin Horn"},{"floor":17,"key":"Ice Cream"},{"floor":19,"key":"Enchiridion"}],"event_choices":[{"damage_healed":0,"gold_gain":75,"player_choice":"Gather Gold","damage_taken":11,"max_hp_gain":0,"max_hp_loss":0,"event_name":"World of Goop","floor":2,"gold_loss":0},{"damage_healed":0,"gold_gain":0,"player_choice":"Take Wound","damage_taken":0,"relics_obtained":["Golden Idol"],"max_hp_gain":0,"max_hp_loss":0,"event_name":"Golden Idol","floor":4,"gold_loss":0,"cards_obtained":["Injury"]},{"damage_healed":0,"gold_gain":150,"player_choice":"AGREE","damage_taken":0,"max_hp_gain":0,"max_hp_loss":0,"event_name":"Liars Game","floor":5,"gold_loss":0,"cards_obtained":["Doubt"]},{"damage_healed":0,"gold_gain":0,"player_choice":"Entered Light","damage_taken":23,"max_hp_gain":0,"max_hp_loss":0,"event_name":"Shining Light","floor":11,"gold_loss":0,"cards_upgraded":["Strike_R","Defend_R"]},{"damage_healed":0,"gold_gain":0,"player_choice":"Success","damage_taken":5,"relics_obtained":["The Courier"],"max_hp_gain":0,"max_hp_loss":0,"event_name":"Scrap Ooze","floor":13,"gold_loss":0},{"damage_healed":0,"gold_gain":0,"player_choice":"Obtained Book","damage_taken":21,"max_hp_gain":0,"max_hp_loss":0,"event_name":"Cursed Tome","floor":19,"gold_loss":0}],"is_beta":false,"boss_relics":[{"not_picked":["Pandora\u0027s Box","Busted Crown"],"picked":"Calling Bell"}],"items_purged_floors":[7,7],"is_endless":false,"potions_floor_spawned":[16,18],"killed_by":"Slavers","ascension_level":20}}