{"host":"2461dio7vetlq1z3","time":1608809896,"event":{"mods":["2.2 Compatiblity","AchievementEnabler","Aspiration","BaseMod","Better Third Choice","Hermit","Marisa????????","Minty Spire (QoL Compilation)","Relic Stats","Spicy Shops","StSLib","The Runesmith","Waifu the Spire"],"gold_per_floor":[13,13,32,32,32,32,66,66,66,66,85,85,118,138,138,225,225,250,75,75,102,131,169,169,194,247,288,288,309,309,318,318,402,429,448,448,448],"floor_reached":36,"playtime":1616,"items_purged":["Strike_R","Strike_R"],"score":856,"play_id":"815f0344-2b3e-4e18-9228-f32fcaae9ea7","local_time":"20201224123816","is_ascension_mode":true,"campfire_choices":[{"data":"Armaments","floor":6,"key":"SMITH"},{"data":"Fiend Fire","floor":8,"key":"SMITH"},{"data":"Bash","floor":10,"key":"SMITH"},{"data":"Feel No Pain","floor":12,"key":"SMITH"},{"data":"Carnage","floor":15,"key":"SMITH"},{"floor":24,"key":"REST"},{"data":"True Grit","floor":30,"key":"SMITH"}],"circlet_count":0,"master_deck":["AscendersBane","Defend_R","Defend_R","Defend_R","Defend_R","Bash+1","Clothesline","Armaments+1","Fiend Fire+1","Feel No Pain+1","Carnage+1","Corruption","Reckless Charge","Seeing Red","Dropkick","Pommel Strike","Flex+1","True Grit+1","Feel No Pain+1","Barricade+1","Double Tap+1","Thunderclap+1","Corruption+1","Metallicize+1"],"relics":["Burning Blood","Mango","Lantern","CeramicFish","aspiration:HatOfInfinitePower","Runic Pyramid","Frozen Egg 2","Art of War","aspiration:FetidBarrel","Astrolabe"],"acts_visited":["Exordium","TheCity","TheBeyond"],"potions_floor_usage":[7,13,16,25,33,33],"damage_taken":[{"damage":9,"enemies":"Small Slimes","floor":1,"turns":5},{"damage":0,"enemies":"Cultist","floor":3,"turns":3},{"damage":46,"enemies":"Lagavulin","floor":7,"turns":10},{"damage":2,"enemies":"2 Louse","floor":11,"turns":2},{"damage":6,"enemies":"3 Sentries","floor":13,"turns":6},{"damage":0,"enemies":"Large Slime","floor":14,"turns":2},{"damage":40,"enemies":"Hexaghost","floor":16,"turns":9},{"damage":20,"enemies":"3 Byrds","floor":18,"turns":7},{"damage":26,"enemies":"2 Thieves","floor":21,"turns":4},{"damage":32,"enemies":"Centurion and Healer","floor":22,"turns":4},{"damage":24,"enemies":"Gremlin Leader","floor":23,"turns":6},{"damage":30,"enemies":"Slavers","floor":25,"turns":6},{"damage":21,"enemies":"Gremlin Leader","floor":27,"turns":4},{"damage":13,"enemies":"Snake Plant","floor":29,"turns":3},{"damage":8,"enemies":"Automaton","floor":33,"turns":8},{"damage":24,"enemies":"3 Darklings","floor":35,"turns":6},{"damage":95,"enemies":"Orin","floor":36,"turns":5}],"seed_played":"-7961897828867289632","potions_obtained":[{"floor":2,"key":"Swift Potion"},{"floor":2,"key":"SmokeBomb"},{"floor":3,"key":"GamblersBrew"},{"floor":7,"key":"DistilledChaos"},{"floor":11,"key":"AttackPotion"},{"floor":18,"key":"FairyPotion"},{"floor":23,"key":"Swift Potion"},{"floor":25,"key":"Ancient Potion"},{"floor":27,"key":"ElixirPotion"},{"floor":29,"key":"AttackPotion"},{"floor":33,"key":"FairyPotion"}],"is_trial":false,"path_per_floor":["M","?","M","$","?","R","E","R","T","R","M","R","E","M","R","B",null,"M","$","?","M","M","E","R","E","T","E","?","M","R","?","R","B",null,"M","?"],"character_chosen":"IRONCLAD","items_purchased":[],"campfire_rested":1,"item_purchase_floors":[],"current_hp_per_floor":[79,79,85,85,90,90,50,50,50,50,54,54,54,60,60,26,77,63,63,63,43,17,34,62,38,38,23,23,16,16,16,16,14,74,56,0,0],"gold":448,"neow_bonus":"ONE_RARE_RELIC","is_daily":false,"chose_seed":false,"campfire_upgraded":6,"win_rate":0.0,"timestamp":1608809896,"path_taken":["M","?","M","?","?","R","E","R","T","R","M","R","E","M","R","BOSS","M","$","?","M","M","E","R","E","T","E","?","?","R","?","R","BOSS","M","?"],"items_purchased_type":[],"build_version":"2020-12-22","purchased_purges":2,"victory":false,"max_hp_per_floor":[89,89,89,89,94,94,94,94,94,94,94,94,94,94,94,94,94,94,94,94,94,94,94,94,94,94,94,94,94,94,94,94,94,94,94,94,94],"relic_stats":{"counters":[17,90],"CeramicFish":135,"Astrolabe":["Double Tap","Thunderclap","Corruption"],"Art of War":[2],"obtain_stats":[{"Lantern":7,"aspiration:FetidBarrel":27,"CeramicFish":9,"Astrolabe":34,"Mango":0,"Art of War":25,"Frozen Egg 2":23,"aspiration:HatOfInfinitePower":13,"Burning Blood":0,"Runic Pyramid":17},{"Lantern":3,"aspiration:FetidBarrel":13,"CeramicFish":3,"Astrolabe":15,"Mango":0,"Art of War":12,"Frozen Egg 2":11,"aspiration:HatOfInfinitePower":5,"Burning Blood":0,"Runic Pyramid":7},{"Lantern":18,"aspiration:FetidBarrel":68,"CeramicFish":18,"Astrolabe":79,"Mango":0,"Art of War":64,"Frozen Egg 2":58,"aspiration:HatOfInfinitePower":26,"Burning Blood":0,"Runic Pyramid":37}],"Burning Blood":96},"card_choices":[{"not_picked":["Flex","Armaments"],"picked":"Clothesline","floor":1},{"not_picked":["Dual Wield","Clothesline"],"picked":"Armaments","floor":3},{"not_picked":["Wild Strike","Rage"],"picked":"Fiend Fire","floor":7},{"not_picked":["Cleave","Flex"],"picked":"Feel No Pain","floor":11},{"not_picked":["Fire Breathing","Body Slam","Armaments"],"picked":"SKIP","floor":13},{"not_picked":["Entrench","Clash"],"picked":"Carnage","floor":14},{"not_picked":["Reaper","Offering"],"picked":"Corruption","floor":16},{"not_picked":["Perfected Strike","Shrug It Off"],"picked":"Reckless Charge","floor":18},{"not_picked":["Sever Soul","Searing Blow"],"picked":"Seeing Red","floor":21},{"not_picked":["True Grit","Armaments"],"picked":"Dropkick","floor":22},{"not_picked":["Clash","Cleave"],"picked":"Pommel Strike","floor":23},{"not_picked":["Fire Breathing+1","Clothesline","Perfected Strike"],"picked":"SKIP","floor":25},{"not_picked":["Evolve+1","Corruption+1"],"picked":"Flex","floor":27},{"not_picked":["Body Slam","Thunderclap"],"picked":"True Grit","floor":29},{"not_picked":["Fiend Fire","Bludgeon"],"picked":"Barricade+1","floor":33},{"not_picked":["Anger","Havoc"],"picked":"Metallicize+1","floor":35}],"player_experience":1008879,"relics_obtained":[{"floor":7,"key":"Lantern"},{"floor":9,"key":"CeramicFish"},{"floor":13,"key":"aspiration:HatOfInfinitePower"},{"floor":23,"key":"Frozen Egg 2"},{"floor":25,"key":"Art of War"},{"floor":27,"key":"aspiration:FetidBarrel"}],"event_choices":[{"damage_healed":0,"gold_gain":0,"player_choice":"Got Potions","damage_taken":0,"max_hp_gain":0,"max_hp_loss":0,"event_name":"Lab","floor":2,"gold_loss":0},{"damage_healed":0,"gold_gain":0,"player_choice":"Donut","damage_taken":0,"max_hp_gain":5,"max_hp_loss":0,"event_name":"Big Fish","floor":5,"gold_loss":0},{"damage_healed":0,"gold_gain":0,"player_choice":"Ignored","damage_taken":0,"max_hp_gain":0,"max_hp_loss":0,"event_name":"Vampires","floor":20,"gold_loss":0},{"damage_healed":0,"gold_gain":0,"player_choice":"Forge","damage_taken":0,"max_hp_gain":0,"max_hp_loss":0,"event_name":"Accursed Blacksmith","floor":28,"gold_loss":0,"cards_upgraded":["Flex"]},{"damage_healed":0,"gold_gain":0,"player_choice":"Read","damage_taken":0,"max_hp_gain":0,"max_hp_loss":0,"event_name":"The Library","floor":31,"gold_loss":0,"cards_obtained":["Feel No Pain"]},{"damage_healed":0,"gold_gain":0,"player_choice":"Fight","damage_taken":0,"max_hp_gain":0,"max_hp_loss":0,"event_name":"OrinTheCat","floor":36,"gold_loss":0}],"is_beta":false,"boss_relics":[{"not_picked":["Black Star","Fusion Hammer"],"picked":"Runic Pyramid"},{"not_picked":["aspiration:RitualDagger","aspiration:MobileForge"],"picked":"Astrolabe"}],"items_purged_floors":[19,19],"is_endless":false,"potions_floor_spawned":[3,7,11,18,23,25,27,29,33],"killed_by":"Orin","ascension_level":20}}