{"host":"hoz3ngw650fbea07","time":1608850365,"event":{"mods":["AchievementEnabler","Aspiration","BaseMod","CCEM","Colored Map","Conspire","Downfall","GifTheSpireLib","Halation","Highlight Path","Hubris","Infinite Spire","Minty Spire (QoL Compilation)","Permanent Neow","StSLib","Unceasing Turn Reminder","Waifu the Spire","everything is the same but u backflip on backflip","slay the spire mod where everything is the same but ironclad has a cowboy hat"],"gold_per_floor":[99,110,122,122,122,122,122,122,72,102,118,145,145,164,180,275,275,225,239,254,254,254,254,254,254],"floor_reached":23,"playtime":981,"items_purged":["Slimebound:Strike_Slimebound"],"score":251,"play_id":"fb8099ef-c27a-461c-83f0-50e282feafc5","local_time":"20201224155245","is_ascension_mode":true,"campfire_choices":[{"data":"Slimebound:CorrosiveSpit","floor":1,"key":"SMITH"},{"data":"Slimebound:SpikyOuterGoop","floor":9,"key":"SMITH"},{"data":"Slimebound:Nibble","floor":18,"key":"PURGE"}],"circlet_count":0,"master_deck":["Slimebound:Strike_Slimebound","Slimebound:Tackle+1","Slimebound:Defend_Slimebound","Slimebound:Defend_Slimebound+1","Slimebound:Defend_Slimebound","Slimebound:Defend_Slimebound","Slimebound:CorrosiveSpit+1","Slimebound:SpikyOuterGoop+1","Slimebound:DivideAndConquer","Slimebound:Teamwork+1","Slimebound:OneTwoCombo","Slimebound:PressTheAttack+1","infinitespire:NeuralNetwork"],"relics":["hubris:Backtick","WarpedTongs","Slimebound:GreedOozeRelic","Happy Flower","Calipers","infinitespire:Beetle Shell","Slimebound:ScrapOozeRelic","Juzu Bracelet","halation:Prosthetics","Burning Blood","Singing Bowl","Empty Cage","aspiration:FrozenJewel"],"acts_visited":["Exordium","TheCity"],"potions_floor_usage":[10,16],"damage_taken":[{"damage":9,"enemies":"Small Slimes","floor":2,"turns":3},{"damage":4,"enemies":"infinitespire:Voidling","floor":3,"turns":4},{"damage":23,"enemies":"3 Sentries","floor":10,"turns":6},{"damage":2,"enemies":"conspire:RoseBush","floor":11,"turns":2},{"damage":10,"enemies":"Blue Slaver","floor":14,"turns":3},{"damage":0,"enemies":"3 Louse","floor":15,"turns":2},{"damage":11,"enemies":"downfall:Watcher","floor":16,"turns":6},{"damage":8,"enemies":"Shell Parasite","floor":19,"turns":3},{"damage":21,"enemies":"Shelled Parasite and Fungi","floor":20,"turns":3},{"damage":7,"enemies":"Nightmare","floor":23,"turns":3}],"seed_played":"4197962861588357504","potions_obtained":[{"floor":3,"key":"Slimebound:SlimedPotion"},{"floor":14,"key":"SteroidPotion"},{"floor":20,"key":"Swift Potion"}],"is_trial":false,"path_per_floor":["R","M","M","?","?","?","T","?","R","E","M","T","?","M","M","B",null,"R","M","M","AVR","?","NM"],"character_chosen":"SLIMEBOUND","items_purchased":[],"campfire_rested":0,"item_purchase_floors":[],"current_hp_per_floor":[60,55,55,55,55,55,55,55,55,36,34,34,34,24,24,57,25,25,17,12,12,4,0,0,0],"gold":254,"neow_bonus":"BOSS_RELIC","is_daily":false,"chose_seed":false,"campfire_upgraded":2,"win_rate":0.0,"timestamp":1608850365,"path_taken":["R","M","M","?","?","?","T","?","R","E","M","?","?","M","M","BOSS","R","M","M","AVR","?","NM"],"items_purchased_type":[],"build_version":"2020-12-22","purchased_purges":1,"victory":false,"max_hp_per_floor":[60,60,60,60,60,60,60,60,60,60,60,60,60,60,60,60,25,25,25,27,27,27,27,27,27],"card_choices":[{"not_picked":["Slimebound:DivideAndConquer","Slimebound:RollThrough"],"picked":"Slimebound:SpikyOuterGoop","floor":2},{"not_picked":["Slimebound:FinishingTackle","Slimebound:GrowthPunch"],"picked":"Slimebound:DivideAndConquer","floor":3},{"not_picked":["Slimebound:ViciousTackle","Slimebound:LeechEnergy"],"picked":"Slimebound:Teamwork","floor":10},{"not_picked":["Slimebound:SplitLeeching","Slimebound:Prepare","Slimebound:SlimeTap"],"picked":"SKIP","floor":11},{"not_picked":["Slimebound:ComboTackle","Slimebound:GoopTackle"],"picked":"Slimebound:Nibble","floor":14},{"not_picked":["Slimebound:ItLooksTasty","Slimebound:LivingWall","Slimebound:LeechingTouch"],"picked":"SKIP","floor":15},{"not_picked":["Slimebound:DuplicatedForm","Slimebound:DouseInSlime"],"picked":"Slimebound:OneTwoCombo","floor":16},{"not_picked":["Slimebound:AcidTongue+1","Slimebound:ViciousTackle"],"picked":"Slimebound:PressTheAttack+1","floor":19},{"not_picked":["Slimebound:Schlurp+1","Slimebound:SplitBruiser","Slimebound:Prepare"],"picked":"Singing Bowl","floor":20}],"player_experience":120151,"relics_obtained":[{"floor":7,"key":"Happy Flower"},{"floor":10,"key":"Calipers"},{"floor":12,"key":"infinitespire:Beetle Shell"}],"event_choices":[{"damage_healed":0,"gold_gain":0,"player_choice":"Rummage","damage_taken":0,"relics_obtained":["WarpedTongs"],"max_hp_gain":0,"max_hp_loss":0,"event_name":"Accursed Blacksmith","floor":4,"gold_loss":0,"cards_obtained":["Pain"]},{"damage_healed":0,"gold_gain":0,"player_choice":"Leave","damage_taken":0,"max_hp_gain":0,"max_hp_loss":0,"event_name":"conspire:Investor","floor":8,"gold_loss":0},{"damage_healed":0,"gold_gain":0,"player_choice":"Grow","damage_taken":0,"max_hp_gain":0,"max_hp_loss":0,"event_name":"Living Wall","floor":13,"gold_loss":0,"cards_upgraded":["Slimebound:Teamwork"]}],"is_beta":false,"boss_relics":[{"not_picked":["Runic Pyramid","aspiration:SecretTechniqueScroll"],"picked":"halation:Prosthetics"}],"items_purged_floors":[21],"is_endless":false,"potions_floor_spawned":[3,14,20],"killed_by":"Nightmare","ascension_level":1}}