{"host":"g53g9qlo34vrqi92","time":1608792210,"event":{"mods":["Aspiration","Bard","BaseMod","Beaked The Cultist","BetterRewards","Colored Map","Conspire","Energized Spire","Fiend Mod","GifTheSpireLib","Googly Eyes","Gremlin Skip","Halation","Hermit","Hubris","Infinite Spire","Jedi Mod","Minty Spire (QoL Compilation)","Permanent Neow","Quick Restart","Relic Filter","Replay The Spire","Spikes Relics","StSLib","Stuff the Spire","Synergy Search","The Bladedancer","The Bug Knight","The Construct","The Cursed","The Factory","The Forsaken","The Jungle","The Necromancer","The Spell Scribe","The Trickster","Trackpad","slay the spire mod where everything is the same but ironclad has a cowboy hat","vexMod"],"gold_per_floor":[99,99,99,99,99,99,99,99,99,99,99,99,74,74,74,74,74,74,14,14,14,14,14,14,14,14,14,14,30,44,44,44,164,164,183,196,529,545,469,496,168,178,178,196,207,223,223,223,223,223,223],"floor_reached":50,"playtime":3371,"items_purged":["Strike_G"],"score":714,"play_id":"9b5e2aa9-cef2-4641-a5be-b1cf63814da8","local_time":"20201223224330","is_ascension_mode":false,"campfire_choices":[{"floor":6,"key":"REST"},{"floor":8,"key":"REST"},{"floor":10,"key":"REST"},{"floor":15,"key":"REST"},{"floor":23,"key":"REST"},{"data":"Malaise","floor":25,"key":"SMITH"},{"data":"infinitespire:Gouge","floor":32,"key":"SMITH"},{"floor":47,"key":"REST"},{"data":"jedi:pocketpoison","floor":49,"key":"SMITH"}],"circlet_count":0,"master_deck":["Strike_G","Strike_G","Strike_G+1","Defend_G","Defend_G","Defend_G","Defend_G","Defend_G","Survivor","Neutralize","Riddle With Holes+1","PiercingWail","StuffTheSpire:DoubleShiv","StuffTheSpire:Python","StuffTheSpire:Python","Dagger Throw+1","StuffTheSpire:ReptileScales","ReplayTheSpireMod:Tripwire","jedi:pocketpoison+1","Adrenaline+1","StuffTheSpire:ReptileScales","StuffTheSpire:Python","Malaise+1","Noxious Fumes","Backflip","infinitespire:Gouge+1","Corpse Explosion+1","jedi:pocketpoison+1","StuffTheSpire:BumpUp+1","Draining Mist+1","ReplayTheSpireMod:Tripwire+1","ReplayTheSpireMod:Tripwire+1","Poisoned Stab"],"relics":["Ring of the Snake","jedi:ominousloannote","halation:PromiseList","Membership Card","vexMod:InvisibilityCloak","jedi:hotpepper","halation:EternalFortune","White Beast Statue","StuffTheSpire:WitherSkull","construct:FoamFinger","Whetstone","StuffTheSpire:HeavyRock","Ginger","Guide Book","hubris:SphereOfDissonance"],"acts_visited":["Exordium","TheCity","TheBeyond"],"potions_floor_usage":[24,24,29,33,40,40,45,46,50,50],"damage_taken":[{"damage":3,"enemies":"Jaw Worm","floor":1,"turns":3},{"damage":11,"enemies":"infinitespire:Voidling","floor":2,"turns":4},{"damage":0,"enemies":"2 Louse","floor":3,"turns":3},{"damage":11,"enemies":"Exordium Thugs","floor":4,"turns":7},{"damage":5,"enemies":"Large Slime","floor":5,"turns":4},{"damage":36,"enemies":"Gremlin Nob","floor":7,"turns":5},{"damage":0,"enemies":"3 Louse","floor":12,"turns":2},{"damage":17,"enemies":"The Guardian","floor":16,"turns":9},{"damage":0,"enemies":"Shell Parasite","floor":18,"turns":5},{"damage":16,"enemies":"2 Thieves","floor":19,"turns":4},{"damage":2,"enemies":"Snecko","floor":22,"turns":6},{"damage":1,"enemies":"conspire:Head Lice","floor":24,"turns":4},{"damage":0,"enemies":"Gremlin Leader","floor":29,"turns":6},{"damage":0,"enemies":"Cultist and Chosen","floor":30,"turns":7},{"damage":49,"enemies":"Collector","floor":33,"turns":9},{"damage":4,"enemies":"3 Darklings","floor":35,"turns":2},{"damage":0,"enemies":"3 Shapes","floor":36,"turns":2},{"damage":0,"enemies":"Transient","floor":38,"turns":5},{"damage":14,"enemies":"Giant Head","floor":40,"turns":9},{"damage":0,"enemies":"Maw","floor":42,"turns":7},{"damage":0,"enemies":"Writhing Mass","floor":44,"turns":4},{"damage":0,"enemies":"Transient","floor":45,"turns":5},{"damage":8,"enemies":"Sphere and 2 Shapes","floor":46,"turns":4},{"damage":120,"enemies":"conspire:OrnateMirror","floor":50,"turns":5}],"seed_played":"-704627024740886568","potions_obtained":[{"floor":2,"key":"infinitespire:BlackPotion"},{"floor":7,"key":"SmokeBomb"},{"floor":12,"key":"Strength Potion"},{"floor":18,"key":"AttackPotion"},{"floor":29,"key":"Dexterity Potion"},{"floor":30,"key":"ColorlessPotion"},{"floor":33,"key":"SkillPotion"},{"floor":35,"key":"Explosive Potion"},{"floor":36,"key":"GhostInAJar"},{"floor":40,"key":"Block Potion"},{"floor":45,"key":"Swift Potion"},{"floor":46,"key":"construct:ShiftPotion"}],"is_trial":false,"path_per_floor":["M","M","M","M","M","R","E","R","T","R","?","M","?","?","R","B",null,"M","M","?","?","M","R","E","R","T","$","?","E","M","AVR","R","B",null,"M","M","?","M","$","E","$","M","T","M","M","M","R","?","R","B"],"character_chosen":"THE_SILENT","items_purchased":["jedi:ominousloannote","Riddle With Holes","PiercingWail","halation:PromiseList","Membership Card","StuffTheSpire:Python","Whetstone","Ginger","Draining Mist+1","Regen Potion","Guide Book"],"campfire_rested":6,"item_purchase_floors":[0,0,0,0,0,0,39,41,41,41,41],"current_hp_per_floor":[58,54,54,43,38,59,23,44,44,65,65,65,65,48,69,52,52,52,36,36,38,36,52,51,51,51,51,51,51,51,51,51,2,54,50,50,50,50,50,36,36,36,36,36,36,28,44,44,44,0,0],"gold":223,"neow_bonus":"","is_daily":false,"chose_seed":false,"campfire_upgraded":3,"win_rate":0.0,"timestamp":1608792210,"path_taken":["M","M","M","M","M","R","E","R","T","R","?","?","?","?","R","BOSS","M","M","?","?","M","R","E","R","T","$","?","E","?","AVR","R","BOSS","M","M","?","M","$","E","$","M","T","M","M","M","R","?","R","BOSS"],"items_purchased_type":["Relic","Card","Card","Relic","Relic","Card","Relic","Relic","Card","Potion","Relic"],"build_version":"2020-12-22","purchased_purges":1,"victory":false,"max_hp_per_floor":[70,70,70,70,70,70,70,70,70,70,70,70,70,70,70,70,52,52,52,52,54,54,54,54,54,54,54,54,54,54,54,54,54,54,54,54,54,54,54,54,54,54,54,54,54,54,54,54,54,54,54],"card_choices":[{"not_picked":["Acrobatics","Outmaneuver"],"picked":"Dagger Throw","floor":1},{"not_picked":["Hidden Blade","Outmaneuver"],"picked":"StuffTheSpire:ReptileScales","floor":2},{"not_picked":["Hidden Blade","Bane"],"picked":"ReplayTheSpireMod:Tripwire","floor":3},{"not_picked":["Outmaneuver","Toxin Wave"],"picked":"jedi:pocketpoison","floor":4},{"not_picked":["Bane","Hidden Blade"],"picked":"Adrenaline","floor":5},{"not_picked":["Replay:Bag of Tricks","Replay:Poison Smokescreen"],"picked":"StuffTheSpire:ReptileScales","floor":7},{"not_picked":["StuffTheSpire:ClusterCrunch","StuffTheSpire:Injection"],"picked":"StuffTheSpire:Python","floor":12},{"not_picked":["Corpse Explosion","Unload"],"picked":"Malaise","floor":16},{"not_picked":["PiercingWail+1","hubris:SlightOfHand+1"],"picked":"Noxious Fumes","floor":18},{"not_picked":["Blade Dance","Slice","ReplayTheSpireMod:Necrosis"],"picked":"SKIP","floor":19},{"not_picked":["Poisoned Stab+1","StuffTheSpire:Python"],"picked":"Backflip","floor":22},{"not_picked":["StuffTheSpire:Repulse","Quick Slash","Escape Plan"],"picked":"SKIP","floor":24},{"not_picked":["Escape Plan","Unload","Slice+1"],"picked":"SKIP","floor":29},{"not_picked":["ShadowRift+1","Deflect","Dagger Throw+1"],"picked":"SKIP","floor":30},{"not_picked":["Unload","Glass Knife"],"picked":"Corpse Explosion","floor":33},{"not_picked":["Prepared+1","StuffTheSpire:Incantation"],"picked":"jedi:pocketpoison+1","floor":35},{"not_picked":["Cloak And Dagger","Slice","Dodge and Roll+1"],"picked":"SKIP","floor":36},{"not_picked":["hubris:SlightOfHand+1","Quick Slash","Bouncing Flask"],"picked":"SKIP","floor":38},{"not_picked":["Concentrate","Grand Finale"],"picked":"StuffTheSpire:BumpUp+1","floor":40},{"not_picked":["Outmaneuver+1","StuffTheSpire:Python"],"picked":"ReplayTheSpireMod:Tripwire+1","floor":42},{"not_picked":["jedi:collectorvenom+1","Dagger Spray","Prepared"],"picked":"SKIP","floor":44},{"not_picked":["jedi:collectorvenom+1","Dagger Spray","Prepared"],"picked":"SKIP","floor":44},{"not_picked":["Flying Knee","Acrobatics"],"picked":"ReplayTheSpireMod:Tripwire+1","floor":45},{"not_picked":["Fluid Movement+1","StuffTheSpire:ClusterCrunch"],"picked":"Poisoned Stab","floor":46}],"player_experience":1068995,"relics_obtained":[{"floor":7,"key":"vexMod:InvisibilityCloak"},{"floor":24,"key":"White Beast Statue"},{"floor":26,"key":"StuffTheSpire:WitherSkull"},{"floor":29,"key":"construct:FoamFinger"},{"floor":40,"key":"StuffTheSpire:HeavyRock"},{"floor":43,"key":"hubris:SphereOfDissonance"}],"event_choices":[{"damage_healed":0,"gold_gain":0,"player_choice":"Forge","damage_taken":0,"max_hp_gain":0,"max_hp_loss":0,"event_name":"Accursed Blacksmith","floor":11,"gold_loss":0,"cards_upgraded":["Adrenaline"]},{"damage_healed":0,"gold_gain":0,"player_choice":"Take Damage","damage_taken":17,"relics_obtained":["Golden Idol"],"max_hp_gain":0,"max_hp_loss":0,"event_name":"Golden Idol","floor":14,"gold_loss":0},{"damage_healed":0,"gold_gain":333,"player_choice":"Gave Idol","damage_taken":0,"max_hp_gain":0,"max_hp_loss":0,"event_name":"The Moai Head","floor":37,"relics_lost":["Golden Idol"],"gold_loss":0},{"damage_healed":0,"gold_gain":0,"player_choice":"Leave","damage_taken":0,"max_hp_gain":0,"max_hp_loss":0,"event_name":"conspire:Investor","floor":48,"gold_loss":0}],"is_beta":false,"boss_relics":[{"not_picked":["Pandora\u0027s Box","energizedSpire:PogoStick"],"picked":"jedi:hotpepper"},{"not_picked":["trackpad:StolenKidneys","halation:Yufonium","ChewingGum"]}],"items_purged_floors":[41],"is_endless":false,"potions_floor_spawned":[2,7,12,18,29,30,33,35,36,38,40,42,44,45,46],"killed_by":"conspire:OrnateMirror","ascension_level":0}}