{"host":"r4e4q8yhb91dmdr8","time":1608771461,"event":{"mods":["AchievementEnabler","BaseMod","Better Note","Better Skull","Colored Map","Colored Powertips","Duelist Mod","GifTheSpireLib","Highlight Path","Jorbs\u0027s Wanderer Trilogy","Minty Spire (QoL Compilation)","Nova Terra(??·??)","Quick Restart","Random Character Button","Rare Cards Sparkle","Relic Stats","Shop Mod","StSLib","The Alterego","The Death Knight","The Fake Hero","The Marked","The Necromancer","The Wild Card","TheHero","TheWitcher"],"gold_per_floor":[118,118,137,137,152,152,165,195,244,244,244,257,257,278,278,398,398,421,436,449,449,470,470,470],"floor_reached":23,"playtime":1635,"items_purged":[],"score":185,"play_id":"b4b34dcb-d81a-4661-8933-f1131ebb235e","local_time":"20201223165741","is_ascension_mode":false,"campfire_choices":[{"data":"Anger","floor":6,"key":"SMITH"},{"data":"Juggernaut","floor":10,"key":"SMITH"},{"data":"Armaments","floor":13,"key":"SMITH"},{"data":"Rage","floor":15,"key":"SMITH"}],"circlet_count":0,"master_deck":["Strike_R","Strike_R","Strike_R","Strike_R+1","Strike_R","Defend_R","Defend_R","Defend_R","Defend_R","Bash","Cleave+1","Pommel Strike","Anger+1","Juggernaut+1","Armaments+1","Rage+1","Barricade+1","Rage","Body Slam","Anger+1","Shrug It Off"],"relics":["Burning Blood","Golden Idol","PreservedInsect","Philosopher\u0027s Stone"],"acts_visited":["Exordium","TheCity"],"potions_floor_usage":[16,23],"damage_taken":[{"damage":4,"enemies":"2 Louse","floor":1,"turns":3},{"damage":10,"enemies":"Jaw Worm","floor":3,"turns":4},{"damage":1,"enemies":"Small Slimes","floor":5,"turns":3},{"damage":2,"enemies":"2 Fungi Beasts","floor":7,"turns":2},{"damage":0,"enemies":"Lots of Slimes","floor":12,"turns":1},{"damage":4,"enemies":"Blue Slaver","floor":14,"turns":3},{"damage":25,"enemies":"Hexaghost","floor":16,"turns":10},{"damage":15,"enemies":"Chosen","floor":18,"turns":5},{"damage":29,"enemies":"3 Byrds","floor":19,"turns":4},{"damage":20,"enemies":"Snake Plant","floor":20,"turns":5},{"damage":16,"enemies":"Snecko","floor":22,"turns":5},{"damage":36,"enemies":"Shelled Parasite and Fungi","floor":23,"turns":2}],"seed_played":"5309108464797919841","potions_obtained":[{"floor":1,"key":"Ancient Potion"},{"floor":3,"key":"Block Potion"},{"floor":5,"key":"PowerPotion"},{"floor":20,"key":"Fire Potion"},{"floor":22,"key":"AttackPotion"}],"is_trial":false,"path_per_floor":["M","?","M","?","M","R","M","?","T","R","?","M","R","M","R","B",null,"M","M","M","?","M","M"],"character_chosen":"IRONCLAD","items_purchased":[],"campfire_rested":0,"item_purchase_floors":[],"current_hp_per_floor":[88,66,62,44,49,49,53,53,53,53,53,59,59,61,61,42,88,79,56,42,42,32,0,0],"gold":470,"neow_bonus":"TEN_PERCENT_HP_BONUS","is_daily":false,"chose_seed":false,"campfire_upgraded":4,"win_rate":0.0,"timestamp":1608771461,"path_taken":["M","?","M","?","?","R","M","?","T","R","?","M","R","M","R","BOSS","M","?","M","?","M","M"],"items_purchased_type":[],"build_version":"2020-12-22","purchased_purges":0,"victory":false,"max_hp_per_floor":[88,88,88,88,88,88,88,88,88,88,88,88,88,88,88,88,88,88,88,88,88,88,88,88],"relic_stats":{"counters":[12,47],"Golden Idol":56,"PreservedInsect":0,"obtain_stats":[{"Golden Idol":2,"Philosopher\u0027s Stone":17,"PreservedInsect":9,"Burning Blood":0},{"Golden Idol":1,"Philosopher\u0027s Stone":7,"PreservedInsect":4,"Burning Blood":0},{"Golden Idol":3,"Philosopher\u0027s Stone":26,"PreservedInsect":12,"Burning Blood":0}],"Burning Blood":64},"card_choices":[{"not_picked":["Iron Wave","Body Slam"],"picked":"Cleave","floor":1},{"not_picked":["Power Through","Reckless Charge"],"picked":"Pommel Strike","floor":3},{"not_picked":["Pommel Strike","Second Wind"],"picked":"Anger","floor":5},{"not_picked":["Pummel","Iron Wave"],"picked":"Juggernaut","floor":7},{"not_picked":["Shrug It Off","Heavy Blade"],"picked":"Armaments","floor":12},{"not_picked":["Whirlwind","Pommel Strike"],"picked":"Rage","floor":14},{"not_picked":["Demon Form","Limit Break"],"picked":"Barricade","floor":16},{"not_picked":["Reckless Charge","Searing Blow"],"picked":"Rage","floor":18},{"not_picked":["Combust","Warcry"],"picked":"Body Slam","floor":19},{"not_picked":["True Grit","Warcry"],"picked":"Anger+1","floor":20},{"not_picked":["Headbutt","Disarm"],"picked":"Shrug It Off","floor":22}],"player_experience":8055,"relics_obtained":[{"floor":9,"key":"PreservedInsect"}],"event_choices":[{"damage_healed":0,"gold_gain":0,"player_choice":"Take Damage","damage_taken":22,"relics_obtained":["Golden Idol"],"max_hp_gain":0,"max_hp_loss":0,"event_name":"Golden Idol","floor":2,"gold_loss":0},{"damage_healed":0,"gold_gain":0,"player_choice":"Entered Light","damage_taken":18,"max_hp_gain":0,"max_hp_loss":0,"event_name":"Shining Light","floor":4,"gold_loss":0,"cards_upgraded":["Strike_R","Cleave"]},{"damage_healed":0,"gold_gain":30,"player_choice":"Searched \u00272\u0027 times","damage_taken":0,"max_hp_gain":0,"max_hp_loss":0,"event_name":"Dead Adventurer","floor":8,"gold_loss":0},{"damage_healed":0,"gold_gain":0,"player_choice":"Bought 0 Potions","damage_taken":0,"max_hp_gain":0,"max_hp_loss":0,"event_name":"The Woman in Blue","floor":11,"gold_loss":0},{"damage_healed":0,"gold_gain":0,"player_choice":"Forge","damage_taken":0,"max_hp_gain":0,"max_hp_loss":0,"event_name":"Accursed Blacksmith","floor":21,"gold_loss":0,"cards_upgraded":["Barricade"]}],"is_beta":false,"boss_relics":[{"not_picked":["Runic Dome","Cursed Key"],"picked":"Philosopher\u0027s Stone"}],"items_purged_floors":[],"is_endless":false,"potions_floor_spawned":[1,3,5,20,22],"killed_by":"Shelled Parasite and Fungi","ascension_level":0}}