{"host":"30jsp143e4v19aze","time":1608771564,"event":{"mods":["BaseMod","Colored Map","Colored Powertips","Curses Come First","DeckTracker","Highlight Path","Minty Spire (QoL Compilation)","Quick Restart","Relic Stats","StSLib"],"gold_per_floor":[118,132,63,63,63,63,98,27,27,27,27,27,61,85,85,208,208,226,141,166,166,189,189,217,217,217,234,281,313,313,325,325,422,422,436,449,449,449,14,48,64,64,64,96,96,113,128,182,182,182],"floor_reached":51,"playtime":2913,"items_purged":["Rebound"],"score":1111,"play_id":"a9869f88-d049-4736-99d1-cac8b73c260e","local_time":"20201224015924","is_ascension_mode":true,"campfire_choices":[{"data":"Ball Lightning","floor":6,"key":"SMITH"},{"floor":12,"key":"REST"},{"data":"Go for the Eyes","floor":15,"key":"SMITH"},{"data":"Fission","floor":23,"key":"SMITH"},{"data":"Biased Cognition","floor":25,"key":"SMITH"},{"data":"Capacitor","floor":30,"key":"SMITH"},{"data":"Chaos","floor":32,"key":"SMITH"},{"data":"Buffer","floor":42,"key":"SMITH"},{"data":"Electrodynamics","floor":45,"key":"SMITH"},{"data":"Panacea","floor":49,"key":"SMITH"}],"circlet_count":0,"master_deck":["AscendersBane","Zap","Dualcast","Compile Driver","Ball Lightning+1","Capacitor+1","Conserve Battery","Chill","Electrodynamics+1","Go for the Eyes+1","Biased Cognition+1","Barrage","Core Surge","Fusion","Fission+1","Chaos+1","Rip and Tear","Cold Snap+1","Reinforced Body","Skim+1","Genetic Algorithm","Buffer+1","Go for the Eyes+1","White Noise+1","Panacea+1","Barrage+1","Static Discharge+1","BootSequence+1"],"relics":["FrozenCore","Bloody Idol","Turnip","Ornamental Fan","Sundial","Cables","Pandora\u0027s Box","Mercury Hourglass","Lantern","Blood Vial","Molten Egg 2","Vajra","Oddly Smooth Stone","HornCleat","Bottled Flame","Meat on the Bone","Peace Pipe","Dead Branch"],"acts_visited":["Exordium","TheCity","TheBeyond"],"potions_floor_usage":[29,33,33,50,50],"damage_taken":[{"damage":5,"enemies":"2 Louse","floor":1,"turns":3},{"damage":0,"enemies":"Small Slimes","floor":2,"turns":3},{"damage":29,"enemies":"3 Sentries","floor":7,"turns":7},{"damage":17,"enemies":"Lagavulin","floor":13,"turns":8},{"damage":3,"enemies":"Jaw Worm","floor":14,"turns":3},{"damage":2,"enemies":"Hexaghost","floor":16,"turns":9},{"damage":2,"enemies":"Spheric Guardian","floor":18,"turns":3},{"damage":0,"enemies":"3 Byrds","floor":20,"turns":2},{"damage":6,"enemies":"Book of Stabbing","floor":24,"turns":4},{"damage":13,"enemies":"Shelled Parasite and Fungi","floor":27,"turns":4},{"damage":30,"enemies":"Slavers","floor":29,"turns":3},{"damage":10,"enemies":"Snecko","floor":31,"turns":3},{"damage":39,"enemies":"Champ","floor":33,"turns":7},{"damage":0,"enemies":"3 Darklings","floor":35,"turns":5},{"damage":10,"enemies":"3 Shapes","floor":36,"turns":4},{"damage":0,"enemies":"Nemesis","floor":40,"turns":7},{"damage":9,"enemies":"Transient","floor":41,"turns":5},{"damage":3,"enemies":"Reptomancer","floor":44,"turns":6},{"damage":0,"enemies":"Maw","floor":46,"turns":5},{"damage":0,"enemies":"Spire Growth","floor":47,"turns":6},{"damage":0,"enemies":"2 Orb Walkers","floor":48,"turns":15},{"damage":15,"enemies":"Time Eater","floor":50,"turns":10}],"seed_played":"-6820363627199527803","potions_obtained":[{"floor":7,"key":"Dexterity Potion"},{"floor":13,"key":"AttackPotion"},{"floor":16,"key":"SpeedPotion"},{"floor":20,"key":"SteroidPotion"},{"floor":31,"key":"Regen Potion"},{"floor":35,"key":"BlessingOfTheForge"},{"floor":44,"key":"LiquidMemories"}],"is_trial":false,"path_per_floor":["M","M","$","?","?","R","E","$","T","?","$","R","E","M","R","B",null,"M","?","M","?","T","R","E","R","T","M","T","E","R","M","R","B",null,"M","M","?","?","$","E","M","R","T","E","R","M","M","?","R","B",null],"character_chosen":"DEFECT","items_purchased":["Capacitor","Chill","HornCleat","CultistPotion"],"campfire_rested":1,"item_purchase_floors":[3,8,39,39],"current_hp_per_floor":[63,63,63,48,48,48,19,19,19,12,12,32,15,12,12,10,54,52,52,52,52,57,57,56,56,56,50,55,32,32,29,29,12,55,62,59,54,54,54,61,59,59,59,63,63,69,69,69,69,54],"gold":182,"neow_bonus":"REMOVE_CARD","is_daily":false,"chose_seed":false,"campfire_upgraded":9,"win_rate":0.0,"timestamp":1608771564,"path_taken":["M","M","$","?","?","R","E","$","T","?","$","R","E","?","R","BOSS","M","?","M","?","?","R","E","R","T","M","?","E","R","M","R","BOSS","M","M","?","?","?","E","M","R","T","E","R","M","?","?","R","BOSS"],"items_purchased_type":["Card","Card","Relic","Potion"],"build_version":"2020-12-22","purchased_purges":1,"victory":true,"max_hp_per_floor":[75,75,75,75,69,69,69,69,69,69,69,69,69,69,69,69,69,69,69,69,69,69,69,69,69,69,69,69,69,69,69,69,69,69,69,69,69,69,69,69,69,69,69,69,69,69,69,69,69,69],"relic_stats":{"counters":[22,122],"Dead Branch":[5],"FrozenCore":[26],"Cables":[89,42,36,3,8],"Mercury Hourglass":[314],"Blood Vial":20,"Peace Pipe":0,"Ornamental Fan":[100],"Sundial":[14],"Bloody Idol":64,"Pandora\u0027s Box":["Barrage","Core Surge","Fusion","Fission","Chaos","Rebound","Rip and Tear"],"Turnip":[10],"obtain_stats":[{"Lantern":22,"Golden Idol":5,"Dead Branch":48,"Vajra":28,"Oddly Smooth Stone":29,"Cables":13,"Mercury Hourglass":19,"FrozenCore":34,"Blood Vial":24,"Peace Pipe":44,"Bottled Flame":40,"HornCleat":39,"Ornamental Fan":9,"Sundial":10,"Bloody Idol":21,"Pandora\u0027s Box":17,"Molten Egg 2":26,"Turnip":7,"Cracked Core":0,"Meat on the Bone":43},{"Lantern":8,"Golden Idol":2,"Dead Branch":21,"Vajra":10,"Oddly Smooth Stone":11,"Cables":4,"Mercury Hourglass":7,"FrozenCore":13,"Blood Vial":9,"Peace Pipe":18,"Bottled Flame":16,"HornCleat":15,"Ornamental Fan":3,"Sundial":3,"Bloody Idol":8,"Pandora\u0027s Box":6,"Molten Egg 2":9,"Turnip":3,"Cracked Core":0,"Meat on the Bone":17},{"Lantern":38,"Golden Idol":6,"Dead Branch":112,"Vajra":46,"Oddly Smooth Stone":49,"Cables":21,"Mercury Hourglass":36,"FrozenCore":59,"Blood Vial":42,"Peace Pipe":86,"Bottled Flame":75,"HornCleat":68,"Ornamental Fan":13,"Sundial":13,"Bloody Idol":38,"Pandora\u0027s Box":33,"Molten Egg 2":42,"Turnip":13,"Cracked Core":0,"Meat on the Bone":80}],"Meat on the Bone":0},"card_choices":[{"not_picked":["Turbo","Leap"],"picked":"Compile Driver","floor":1},{"not_picked":["Leap","Go for the Eyes"],"picked":"Ball Lightning","floor":2},{"not_picked":["FTL","Chaos"],"picked":"Conserve Battery","floor":7},{"not_picked":["Streamline","Cold Snap"],"picked":"Electrodynamics","floor":13},{"not_picked":["Sweeping Beam","Reboot"],"picked":"Go for the Eyes","floor":14},{"not_picked":["Thunder Strike","Amplify"],"picked":"Biased Cognition","floor":16},{"not_picked":["Gash+1","Darkness"],"picked":"Cold Snap+1","floor":18},{"not_picked":["Redo","Static Discharge+1"],"picked":"Reinforced Body","floor":20},{"not_picked":["Steam","Stack"],"picked":"Skim+1","floor":24},{"not_picked":["Gash+1","Rebound+1","Leap"],"picked":"SKIP","floor":27},{"not_picked":["Scrape+1","Blizzard+1"],"picked":"Genetic Algorithm","floor":29},{"not_picked":["Hello World","Sunder+1","Ball Lightning+1"],"picked":"SKIP","floor":31},{"not_picked":["Fission","Creative AI"],"picked":"Buffer","floor":33},{"not_picked":["Scrape+1","Go for the Eyes+1","Compile Driver+1"],"picked":"SKIP","floor":35},{"not_picked":["Scrape+1","Compile Driver+1"],"picked":"Go for the Eyes+1","floor":35},{"not_picked":["Steam+1","Heatsinks+1"],"picked":"White Noise+1","floor":36},{"not_picked":["Jack Of All Trades","Madness"],"picked":"Panacea","floor":37},{"not_picked":["Leap","Undo","Conserve Battery"],"picked":"SKIP","floor":40},{"not_picked":["Barrage+1","Cold Snap+1","Steam"],"picked":"SKIP","floor":41},{"not_picked":["Machine Learning","Streamline+1"],"picked":"Barrage+1","floor":44},{"not_picked":["Steam+1","Go for the Eyes+1"],"picked":"Static Discharge+1","floor":46},{"not_picked":["Genetic Algorithm","Rebound+1","Turbo"],"picked":"SKIP","floor":47},{"not_picked":["Compile Driver+1","Leap+1"],"picked":"BootSequence+1","floor":48}],"player_experience":3127721,"relics_obtained":[{"floor":7,"key":"Turnip"},{"floor":9,"key":"Ornamental Fan"},{"floor":13,"key":"Cables"},{"floor":22,"key":"Lantern"},{"floor":24,"key":"Blood Vial"},{"floor":26,"key":"Molten Egg 2"},{"floor":28,"key":"Vajra"},{"floor":29,"key":"Oddly Smooth Stone"},{"floor":40,"key":"Bottled Flame"},{"floor":43,"key":"Meat on the Bone"},{"floor":44,"key":"Peace Pipe"},{"floor":48,"key":"Dead Branch"}],"event_choices":[{"damage_healed":0,"gold_gain":0,"player_choice":"Entered Light","damage_taken":15,"max_hp_gain":0,"max_hp_loss":0,"event_name":"Shining Light","floor":4,"gold_loss":0,"cards_upgraded":["Strike_B","Defend_B"]},{"damage_healed":0,"gold_gain":0,"player_choice":"Lose Max HP","damage_taken":0,"relics_obtained":["Golden Idol"],"max_hp_gain":0,"max_hp_loss":6,"event_name":"Golden Idol","floor":5,"gold_loss":0},{"damage_healed":0,"gold_gain":0,"player_choice":"Success","damage_taken":7,"relics_obtained":["Sundial"],"max_hp_gain":0,"max_hp_loss":0,"event_name":"Scrap Ooze","floor":10,"gold_loss":0},{"damage_healed":0,"gold_gain":0,"player_choice":"Obtained Relic","damage_taken":0,"relics_obtained":["Mercury Hourglass"],"max_hp_gain":0,"max_hp_loss":0,"event_name":"Addict","floor":19,"gold_loss":85},{"damage_healed":0,"gold_gain":0,"player_choice":"Gave Idol","damage_taken":0,"relics_obtained":["Bloody Idol"],"max_hp_gain":0,"max_hp_loss":0,"event_name":"Forgotten Altar","floor":21,"relics_lost":["Golden Idol"],"gold_loss":0},{"damage_healed":0,"gold_gain":0,"player_choice":"Memory 2","damage_taken":5,"max_hp_gain":0,"max_hp_loss":0,"event_name":"SensoryStone","floor":37,"gold_loss":0},{"damage_healed":0,"gold_gain":0,"player_choice":"Ignored","damage_taken":0,"max_hp_gain":0,"max_hp_loss":0,"event_name":"Tomb of Lord Red Mask","floor":38,"gold_loss":0},{"damage_healed":0,"gold_gain":0,"player_choice":"Fight","damage_taken":0,"max_hp_gain":0,"max_hp_loss":0,"event_name":"Mysterious Sphere","floor":48,"gold_loss":0}],"is_beta":false,"boss_relics":[{"not_picked":["Velvet Choker","Coffee Dripper"],"picked":"Pandora\u0027s Box"},{"not_picked":["SacredBark","Empty Cage"],"picked":"FrozenCore"}],"items_purged_floors":[39],"is_endless":false,"potions_floor_spawned":[7,13,16,20,31,35,44,48],"ascension_level":10}}