{"host":"8w77ry71wnq5rafu","time":1608850117,"event":{"mods":["AchievementEnabler","BaseMod","ChefMod","Colored Map","Hermit","Highlight Path","Key Reminder","Minty Spire (QoL Compilation)","Permanent Neow","Random Character Button","Rare Cards Sparkle","StSLib","The Edgeheg","The IronCluck","The Problem Sleuth","The Senshi","Unceasing Turn Reminder","egg","everything is the same but u backflip on backflip","slay the spire mod where everything is the same but ironclad has a cowboy hat","thorton"],"gold_per_floor":[118,134,6,6,25,53,53,63,63,76,104,104,121,136,136,136,136],"floor_reached":16,"playtime":1434,"items_purged":["hermit:Defend_Hermit"],"score":114,"play_id":"a230680f-0441-428d-b70d-25442c7afbf2","local_time":"20201224154837","is_ascension_mode":false,"campfire_choices":[{"data":"hermit:HighNoon","floor":7,"key":"SMITH"},{"data":"hermit:Maintenance","floor":15,"key":"SMITH"}],"circlet_count":0,"master_deck":["hermit:Strike_Hermit","hermit:Strike_Hermit","hermit:Strike_Hermit","hermit:Strike_Hermit","hermit:Defend_Hermit","hermit:Defend_Hermit","hermit:Snapshot","hermit:Covet","theSleuth:FrighteningBeast","hermit:HighNoon+1","hermit:Maintenance+1","hermit:Showdown","hermit:Vantage","hermit:FlashPowder","hermit:WideOpen","hermit:CalledShot","hermit:Coalescence","hermit:CursedWeapon"],"relics":["hermit:Momento","PreservedInsect","keyreminder:keyreminder","Letter Opener","Kunai"],"acts_visited":["Exordium"],"potions_floor_usage":[11,13,16],"damage_taken":[{"damage":8,"enemies":"Jaw Worm","floor":1,"turns":4},{"damage":5,"enemies":"Small Slimes","floor":2,"turns":4},{"damage":0,"enemies":"2 Louse","floor":5,"turns":4},{"damage":18,"enemies":"Lagavulin","floor":6,"turns":5},{"damage":2,"enemies":"Looter","floor":8,"turns":3},{"damage":6,"enemies":"2 Fungi Beasts","floor":10,"turns":4},{"damage":8,"enemies":"Gremlin Nob","floor":11,"turns":3},{"damage":0,"enemies":"Gremlin Gang","floor":13,"turns":4},{"damage":4,"enemies":"Looter","floor":14,"turns":3},{"damage":15,"enemies":"The Guardian","floor":16,"turns":7}],"seed_played":"-791594345311818946","potions_obtained":[{"floor":6,"key":"hermit:BlackBile"},{"floor":10,"key":"SneckoOil"},{"floor":11,"key":"AttackPotion"}],"is_trial":false,"path_per_floor":["M","M","$","?","M","E","R","M","T","M","E","?","M","M","R","B"],"character_chosen":"HERMIT","items_purchased":["hermit:Vantage"],"campfire_rested":0,"item_purchase_floors":[3],"current_hp_per_floor":[67,62,62,55,55,37,37,35,35,29,21,18,18,14,14,0,0],"gold":136,"neow_bonus":"THREE_RARE_CARDS","is_daily":false,"chose_seed":false,"campfire_upgraded":2,"win_rate":0.0,"timestamp":1608850117,"path_taken":["M","M","$","?","M","E","R","M","T","M","E","?","M","M","R","BOSS"],"items_purchased_type":["Card"],"build_version":"2020-12-22","purchased_purges":1,"victory":false,"max_hp_per_floor":[75,75,75,75,75,75,75,75,75,75,75,75,75,75,75,75,75],"card_choices":[{"not_picked":["hermit:FromBeyond","hermit:BlackWind"],"picked":"hermit:HighNoon","floor":0},{"not_picked":["hermit:Snipe","hermit:Midnight"],"picked":"hermit:Maintenance","floor":1},{"not_picked":["hermit:Vantage","hermit:NoHoldsBarred"],"picked":"hermit:Showdown","floor":2},{"not_picked":["hermit:TakeAim","hermit:Midnight","hermit:Misfire"],"picked":"SKIP","floor":5},{"not_picked":["hermit:Dive","hermit:Misfire"],"picked":"hermit:FlashPowder","floor":6},{"not_picked":["hermit:DeadMansHand","hermit:Headshot"],"picked":"hermit:WideOpen","floor":8},{"not_picked":["hermit:Roughhouse","hermit:Scavenge"],"picked":"hermit:CalledShot","floor":10},{"not_picked":["hermit:Feint","hermit:Grudge"],"picked":"hermit:Coalescence","floor":11},{"not_picked":["hermit:BodyArmor","hermit:SprayPray"],"picked":"hermit:CursedWeapon","floor":13},{"not_picked":["hermit:BigShot","hermit:BodyArmor","hermit:Maintenance"],"picked":"SKIP","floor":14}],"player_experience":460494,"relics_obtained":[{"floor":6,"key":"PreservedInsect"},{"floor":11,"key":"Letter Opener"}],"event_choices":[{"cards_removed":["hermit:Defend_Hermit"],"damage_healed":0,"gold_gain":0,"player_choice":"Card Removal","damage_taken":7,"max_hp_gain":0,"max_hp_loss":0,"event_name":"Golden Wing","floor":4,"gold_loss":0},{"damage_healed":0,"gold_gain":0,"player_choice":"Success","damage_taken":3,"relics_obtained":["Kunai"],"max_hp_gain":0,"max_hp_loss":0,"event_name":"Scrap Ooze","floor":12,"gold_loss":0}],"is_beta":false,"boss_relics":[],"items_purged_floors":[3],"is_endless":false,"potions_floor_spawned":[6,10,11],"killed_by":"The Guardian","ascension_level":0}}