{"host":"f0mljg7feog5bxid","time":1608845193,"event":{"mods":["BaseMod","Friendly Minions","Gremlin Mod","Infinite Spire","Kiyohime????","Marisa????????","Minty Spire (QoL Compilation)","Remilia??????","Replay The Spire","StSLib","The Servant 0.9.4"],"gold_per_floor":[116,116,116,130,130,130,148,148,148,170,95,112,130,150,150,245,245,261,161,196,196,214,240,240,265,265,284,284,300,313,313,313,411,511,531,531,531],"floor_reached":36,"playtime":3909,"items_purged":["Regret","Strike_B"],"score":524,"play_id":"6afba1ec-9fda-458e-aa6a-af33b3a3eacb","local_time":"20201224162633","daily_mods":["Heirloom","Time Dilation"],"is_ascension_mode":false,"campfire_choices":[{"data":"Zap","floor":6,"key":"SMITH"},{"data":"Redo","floor":8,"key":"SMITH"},{"floor":15,"key":"REST"},{"data":"Loop","floor":24,"key":"SMITH"},{"data":"ReplayTheSpireMod:Fabricate Wheel","floor":28,"key":"SMITH"},{"data":"Machine Learning","floor":32,"key":"SMITH"}],"circlet_count":0,"master_deck":["Strike_B","Strike_B","Strike_B","Defend_B","Defend_B","Defend_B","Defend_B","Zap+1","Dualcast","FIFO Queue","Redo+1","Ball Lightning","Hologram","Hologram","Cold Snap","Streamline+1","Chill","Doubt","Ball Lightning","Loop+1","Machine Learning+1","Cold Snap","Ball Lightning+1","ReplayTheSpireMod:Calculation Training+1","Biased Cognition","Leap+1"],"relics":["Cracked Core","CaptainsWheel","Ancient Tea Set","Mummified Hand","infinitespire:EmpoweringShard","infinitespire:SolderingIron","Odd Mushroom","Snecko Heart","Red Mask","Girya","Lizard Tail","Lantern","infinitespire:BottledMercury","Prayer Wheel","Replay:Wanted Poster"],"acts_visited":["Exordium","TheCity","TheBeyond"],"potions_floor_usage":[14,20,20,20,30,33,33,33,33,36,36],"damage_taken":[{"damage":6,"enemies":"Jaw Worm","floor":1,"turns":3},{"damage":9,"enemies":"2 Louse","floor":4,"turns":3},{"damage":1,"enemies":"Small Slimes","floor":7,"turns":3},{"damage":9,"enemies":"The Mushroom Lair","floor":10,"turns":4},{"damage":2,"enemies":"2 Fungi Beasts","floor":12,"turns":3},{"damage":4,"enemies":"Exordium Wildlife","floor":13,"turns":3},{"damage":0,"enemies":"3 Louse","floor":14,"turns":1},{"damage":30,"enemies":"The Guardian","floor":16,"turns":12},{"damage":9,"enemies":"Shell Parasite","floor":18,"turns":5},{"damage":2,"enemies":"Masked Bandits","floor":20,"turns":3},{"damage":1,"enemies":"3 Byrds","floor":22,"turns":5},{"damage":14,"enemies":"Gremlin Leader","floor":23,"turns":7},{"damage":0,"enemies":"Snake Plant","floor":27,"turns":2},{"damage":3,"enemies":"Centurion and Healer","floor":29,"turns":6},{"damage":0,"enemies":"3 Cultists","floor":30,"turns":2},{"damage":6,"enemies":"Pondfish","floor":33,"turns":9},{"damage":12,"enemies":"3 Shapes","floor":35,"turns":3},{"damage":10,"enemies":"infinitespire:Three Voidlings","floor":36,"turns":4},{"damage":141,"enemies":"Nightmare_Alpha","floor":36,"turns":11}],"seed_played":"-4416856366132526781","potions_obtained":[{"floor":4,"key":"CultistPotion"},{"floor":13,"key":"Explosive Potion"},{"floor":14,"key":"Ancient Potion"},{"floor":16,"key":"DistilledChaos"},{"floor":18,"key":"EntropicBrew"},{"floor":22,"key":"infinitespire:BlackPotion"},{"floor":30,"key":"Cursed Concoction"},{"floor":35,"key":"Swift Potion"}],"is_trial":true,"path_per_floor":["M","?","?","M","?","R","M","R","T","?","$","M","M","M","R","B",null,"M","$","?","?","M","E","R","T","T","M","R","M","M","?","R","B",null,"M","?"],"character_chosen":"DEFECT","items_purchased":[],"campfire_rested":1,"item_purchase_floors":[],"current_hp_per_floor":[69,62,62,53,53,53,52,52,52,43,43,41,37,37,59,29,75,66,66,64,64,63,49,49,49,49,49,49,46,46,85,85,79,85,73,0,0],"gold":531,"neow_bonus":"","is_daily":false,"chose_seed":false,"campfire_upgraded":5,"win_rate":0.0,"timestamp":1608845193,"path_taken":["M","?","?","M","?","R","M","R","T","?","$","M","M","M","R","BOSS","M","$","?","?","?","E","R","?","T","?","R","M","M","?","R","BOSS","M","?"],"items_purchased_type":[],"build_version":"2020-12-22","purchased_purges":2,"victory":false,"max_hp_per_floor":[75,75,75,75,75,75,75,75,75,75,75,75,75,75,75,75,75,75,75,75,75,75,75,75,75,75,75,75,75,75,85,85,85,85,85,85,85],"card_choices":[{"not_picked":["Streamline","Rebound"],"picked":"FIFO Queue","floor":1},{"not_picked":["Ball Lightning","Beam Cell"],"picked":"Redo","floor":4},{"not_picked":["Undo","All For One"],"picked":"Ball Lightning","floor":7},{"not_picked":["Rebound","Heatsinks"],"picked":"Hologram","floor":10},{"not_picked":["Leap","Time Bomb","Go for the Eyes"],"picked":"SKIP","floor":12},{"not_picked":["Recycle","Barrage"],"picked":"Hologram","floor":13},{"not_picked":["Compile Driver","Meteor Strike"],"picked":"Cold Snap","floor":14},{"not_picked":["Meteor Strike","Buffer"],"picked":"Echo Form","floor":16},{"not_picked":["Cold Snap","ReplaySolidLightProjector"],"picked":"Streamline+1","floor":18},{"not_picked":["Gash","Sweeping Beam+1"],"picked":"Chill","floor":20},{"not_picked":["Hello World","Go for the Eyes"],"picked":"Ball Lightning","floor":22},{"not_picked":["Go for the Eyes","Redo+1"],"picked":"Loop","floor":23},{"not_picked":["Compile Driver+1","Redo+1"],"picked":"ReplayTheSpireMod:Fabricate Wheel","floor":27},{"not_picked":["Gash","BasicCrystalCard"],"picked":"Cold Snap","floor":29},{"not_picked":["Rebound","Steam","ReplayTheSpireMod:Repulse+1"],"picked":"SKIP","floor":29},{"not_picked":["Barrage","Steam"],"picked":"Ball Lightning+1","floor":30},{"not_picked":["Beam Cell+1","Barrage"],"picked":"ReplayTheSpireMod:Calculation Training+1","floor":30},{"not_picked":["Hyperbeam","Meteor Strike"],"picked":"Biased Cognition","floor":33},{"not_picked":["Steam Power+1","Turbo+1"],"picked":"Leap+1","floor":35},{"not_picked":["Hologram+1","Rebound","Panic Button+1"],"picked":"SKIP","floor":35}],"player_experience":205386,"relics_obtained":[{"floor":3,"key":"Mummified Hand"},{"floor":9,"key":"infinitespire:SolderingIron"},{"floor":10,"key":"Odd Mushroom"},{"floor":20,"key":"Red Mask"},{"floor":23,"key":"Lizard Tail"},{"floor":25,"key":"Lantern"},{"floor":26,"key":"infinitespire:BottledMercury"}],"event_choices":[{"damage_healed":0,"gold_gain":0,"player_choice":"Success","damage_taken":7,"relics_obtained":["Ancient Tea Set"],"max_hp_gain":0,"max_hp_loss":0,"event_name":"Scrap Ooze","floor":2,"gold_loss":0},{"damage_healed":0,"gold_gain":0,"player_choice":"Box","damage_taken":0,"relics_obtained":["infinitespire:EmpoweringShard"],"max_hp_gain":0,"max_hp_loss":0,"event_name":"Big Fish","floor":5,"gold_loss":0,"cards_obtained":["Regret"]},{"damage_healed":0,"gold_gain":0,"player_choice":"Fought Mushrooms","damage_taken":0,"max_hp_gain":0,"max_hp_loss":0,"event_name":"Mushrooms","floor":10,"gold_loss":0},{"damage_healed":0,"gold_gain":0,"player_choice":"Fought Bandits","damage_taken":0,"max_hp_gain":0,"max_hp_loss":0,"event_name":"Masked Bandits","floor":20,"gold_loss":0},{"cards_removed":["Echo Form"],"damage_healed":29,"gold_gain":0,"player_choice":"Offered Rare","damage_taken":0,"max_hp_gain":10,"max_hp_loss":0,"event_name":"Bonfire Elementals","floor":31,"gold_loss":0}],"is_beta":false,"boss_relics":[{"not_picked":["Astrolabe","Velvet Choker"],"picked":"Snecko Heart"},{"not_picked":["ReplayTheSpireMod:DimensionalGlitch","Busted Crown"],"picked":"Replay:Wanted Poster"}],"items_purged_floors":[11,19],"is_endless":false,"potions_floor_spawned":[4,13,14,16,18,20,22,30,35],"killed_by":"Nightmare_Alpha","ascension_level":0}}