{"host":"kiauivt48syq9iz6","time":1608828544,"event":{"mods":["BaseMod","Conspire","Downfall","Hermit","Minty Spire (QoL Compilation)","Replay The Spire","SIMod","StSLib","The Animator","The Construct","The Cursed","The Runesmith","The Servant 0.9.4"],"gold_per_floor":[199,219,234,249,4,4,49,49,49,49,49,68,85,95,108,208,208,208,228,244,244,256,268,268,291,241,252,586,601,29,29,29,29],"floor_reached":31,"playtime":1538,"items_purged":["hexamod:Haunted"],"score":231,"play_id":"58c46bd1-9e5d-4842-baeb-7fd0b0e39e19","local_time":"20201224094904","is_ascension_mode":false,"campfire_choices":[{"data":"champ:ShieldWall","floor":6,"key":"SMITH"},{"data":"champ:StanceDance","floor":9,"key":"SMITH"},{"data":"champ:Taunt","floor":11,"key":"SMITH"},{"data":"Regret","floor":18,"key":"PURGE"}],"circlet_count":0,"master_deck":["champ:Strike","champ:Strike+1","champ:Strike","champ:Strike","champ:Defend","champ:Defend","champ:Defend","champ:Defend+1","champ:Execute","champ:Taunt+1","champ:StanceDance+1","champ:Duel","champ:ArenaPreparation+1","champ:ShieldWall+1","champ:TornadoPunch","champ:ShieldWall","champ:EnGarde","champ:PreciseThrust","champ:IgnorePain","champ:Circumvent","champ:DefensiveStyle","champ:CrookedStrike+1","champ:RapidStrikes","champ:Circumvent","ReplayTheSpireMod:Splinters","champ:FlashCut+1","champ:StrikeOfGenius","champ:FanOfKnives","champ:FalseCounter","champ:EnGarde+1"],"relics":["champ:ChampionCrown","Blue Doll","ReplayTheSpireMod:Lightbulb","conspire:RoyalGoblet","Ornamental Fan","Centennial Puzzle","Old Coin","Toxic Egg 2","Strawberry"],"acts_visited":["Exordium","TheCity"],"potions_floor_usage":[13,16,19,31],"damage_taken":[{"damage":10,"enemies":"2 Louse","floor":2,"turns":3},{"damage":5,"enemies":"Jaw Worm","floor":3,"turns":6},{"damage":0,"enemies":"conspire:RoseBush","floor":4,"turns":4},{"damage":10,"enemies":"downfall:FleeingMerchant","floor":5,"turns":4},{"damage":21,"enemies":"Exordium Thugs","floor":12,"turns":4},{"damage":7,"enemies":"3 Louse","floor":13,"turns":2},{"damage":20,"enemies":"2 Fungi Beasts","floor":14,"turns":3},{"damage":17,"enemies":"Blue Slaver","floor":15,"turns":2},{"damage":28,"enemies":"downfall:Watcher","floor":16,"turns":8},{"damage":16,"enemies":"3 Byrds","floor":19,"turns":6},{"damage":36,"enemies":"conspire:FuzzyDice","floor":20,"turns":8},{"damage":36,"enemies":"Centurion and Healer","floor":22,"turns":9},{"damage":17,"enemies":"conspire:HollyBat","floor":23,"turns":10},{"damage":5,"enemies":"Chosen and Byrds","floor":27,"turns":3},{"damage":20,"enemies":"Snake Plant","floor":29,"turns":5},{"damage":21,"enemies":"downfall:FleeingMerchant","floor":30,"turns":4},{"damage":45,"enemies":"Sentry and Sphere","floor":31,"turns":5}],"seed_played":"8934002729167046515","potions_obtained":[{"floor":3,"key":"sneckomod:MuddlingPotion"},{"floor":4,"key":"AttackPotion"},{"floor":14,"key":"FearPotion"},{"floor":16,"key":"DistilledChaos"},{"floor":19,"key":"Swift Potion"},{"floor":23,"key":"Explosive Potion"},{"floor":29,"key":"Energy Potion"}],"is_trial":false,"path_per_floor":["R","M","M","M","$","R","T","?","R","?","R","M","M","M","M","B",null,"R","M","M","?","M","M","T","T","?","M","?","M","$","M"],"character_chosen":"THE_CHAMP","items_purchased":["Blue Doll","champ:FalseCounter","Toxic Egg 2","champ:EnGarde+1","Strawberry"],"campfire_rested":0,"item_purchase_floors":[5,30,30,30,30],"current_hp_per_floor":[90,85,83,83,83,83,83,83,83,83,83,67,65,60,53,35,90,90,84,58,58,38,26,26,26,59,59,59,44,45,0,0,0],"gold":29,"neow_bonus":"HUNDRED_GOLD","is_daily":false,"chose_seed":false,"campfire_upgraded":3,"win_rate":0.0,"timestamp":1608828544,"path_taken":["R","M","M","M","$","R","T","?","R","?","R","M","M","M","M","BOSS","R","M","M","?","?","M","T","?","?","M","?","M","?","?"],"items_purchased_type":["Relic","Card","Relic","Card","Relic"],"build_version":"2020-12-22","purchased_purges":1,"victory":false,"max_hp_per_floor":[90,90,90,90,90,90,90,90,90,90,90,90,90,90,90,90,90,90,90,90,90,90,90,90,90,90,90,90,90,97,97,97,97],"card_choices":[{"not_picked":["champ:PreciseThrust","champ:EnragedBash"],"picked":"champ:StanceDance","floor":2},{"not_picked":["champ:Circumvent","champ:Haymaker"],"picked":"champ:Duel","floor":3},{"not_picked":["champ:CalledShot","champ:BladeFlurry"],"picked":"champ:ArenaPreparation","floor":4},{"not_picked":["champ:Backstep","champ:Riposte"],"picked":"champ:ShieldWall","floor":5},{"not_picked":["champ:EnragedBash","champ:GladiatorsShout"],"picked":"champ:TornadoPunch","floor":12},{"not_picked":["champ:TornadoPunch","champ:CrownThrow"],"picked":"champ:ShieldWall","floor":13},{"not_picked":["champ:DeathBlow","champ:EnragedBash"],"picked":"champ:EnGarde","floor":14},{"not_picked":["champ:GladiatorsShout","champ:ArenaPreparation"],"picked":"champ:PreciseThrust","floor":15},{"not_picked":["champ:ShieldSlam","champ:HoldFirm"],"picked":"champ:IgnorePain","floor":16},{"not_picked":["champ:PerfectedStrike","champ:RecklessLeap"],"picked":"champ:Circumvent","floor":19},{"not_picked":["champ:StanceDance","champ:Control+1"],"picked":"champ:DefensiveStyle","floor":20},{"not_picked":["champ:PreciseThrust","champ:GutPunch"],"picked":"champ:CrookedStrike+1","floor":22},{"not_picked":["champ:BerserkersShout","champ:BladeFlurry"],"picked":"champ:RapidStrikes","floor":23},{"not_picked":["champ:BladeFlurry","champ:PerfectedStrike"],"picked":"champ:Circumvent","floor":27},{"not_picked":["champ:CrookedStrike","champ:GutPunch"],"picked":"champ:FlashCut+1","floor":28},{"not_picked":["champ:DefensiveShout+1","champ:Encircle"],"picked":"champ:StrikeOfGenius","floor":29},{"not_picked":["champ:GladiatorsShout+1","champ:PerfectedStrike"],"picked":"champ:FanOfKnives","floor":30}],"player_experience":46672,"relics_obtained":[{"floor":7,"key":"ReplayTheSpireMod:Lightbulb"},{"floor":24,"key":"Ornamental Fan"},{"floor":25,"key":"Centennial Puzzle"},{"floor":28,"key":"Old Coin"}],"event_choices":[],"is_beta":false,"boss_relics":[{"not_picked":["Kintsugi","downfall:Hecktoplasm"],"picked":"conspire:RoyalGoblet"}],"items_purged_floors":[5],"is_endless":false,"potions_floor_spawned":[3,4,14,16,19,23,29],"killed_by":"Sentry and Sphere","ascension_level":0}}