{"host":"dcj2yvrgcvh5dl2s","time":1608793006,"event":{"mods":["BaseMod","Better Note","Block Reminder","Colored Powertips","DeckTracker","Minty Spire (QoL Compilation)","Quick Restart","Rare Cards Sparkle","Relic Stats","StSLib"],"gold_per_floor":[112,112,112,112,121,121,152,152,176,176,38,61,61,82,82,82,82],"floor_reached":16,"playtime":282,"items_purged":["Regret"],"score":145,"play_id":"185a69b4-42d4-4e54-a4ff-2229396d29d2","local_time":"20201224165646","is_ascension_mode":true,"campfire_choices":[{"floor":6,"key":"REST"},{"data":"Defend_G","floor":8,"key":"SMITH"},{"data":"Defend_G","floor":10,"key":"SMITH"},{"data":"Footwork","floor":13,"key":"SMITH"},{"data":"Blade Dance","floor":15,"key":"SMITH"}],"circlet_count":0,"master_deck":["Strike_G","Strike_G","Strike_G","Strike_G","Strike_G","Defend_G","Defend_G","Defend_G","Defend_G+1","Defend_G+1","Survivor+1","Neutralize+1","Calculated Gamble+1","Footwork+1","Blade Dance+1"],"relics":["Ring of the Snake","NeowsBlessing","Golden Idol","CeramicFish","Singing Bowl","Snake Skull"],"acts_visited":["Exordium"],"potions_floor_usage":[16],"damage_taken":[{"damage":0,"enemies":"Small Slimes","floor":1,"turns":1},{"damage":0,"enemies":"3 Sentries","floor":7,"turns":1},{"damage":0,"enemies":"2 Louse","floor":12,"turns":1},{"damage":0,"enemies":"Jaw Worm","floor":14,"turns":4},{"damage":71,"enemies":"Hexaghost","floor":16,"turns":18}],"seed_played":"-7300964916309932179","potions_obtained":[{"floor":14,"key":"LiquidMemories"}],"is_trial":false,"path_per_floor":["M","?","?","?","?","R","E","R","T","R","$","M","R","M","R","B"],"character_chosen":"THE_SILENT","items_purchased":["Footwork"],"campfire_rested":1,"item_purchase_floors":[11],"current_hp_per_floor":[70,56,56,39,39,60,62,62,62,62,62,62,62,64,64,0,0],"gold":82,"neow_bonus":"THREE_ENEMY_KILL","is_daily":false,"chose_seed":false,"campfire_upgraded":4,"win_rate":0.0,"timestamp":1608793006,"path_taken":["M","?","?","?","?","R","E","R","T","R","$","?","R","M","R","BOSS"],"items_purchased_type":["Card"],"build_version":"2020-12-22","purchased_purges":1,"victory":false,"max_hp_per_floor":[70,70,70,70,70,70,72,72,72,72,72,72,72,74,74,74,74],"relic_stats":{"Singing Bowl":4,"counters":[5,25],"Golden Idol":13,"CeramicFish":27,"Snake Skull":[0],"obtain_stats":[{"NeowsBlessing":0,"Singing Bowl":7,"Golden Idol":4,"CeramicFish":5,"Snake Skull":9,"Ring of the Snake":0},{"NeowsBlessing":0,"Singing Bowl":2,"Golden Idol":1,"CeramicFish":1,"Snake Skull":2,"Ring of the Snake":0},{"NeowsBlessing":0,"Singing Bowl":2,"Golden Idol":1,"CeramicFish":1,"Snake Skull":2,"Ring of the Snake":0}],"Ring of the Snake":[10]},"card_choices":[{"not_picked":["Dagger Spray","Well Laid Plans"],"picked":"Calculated Gamble","floor":1},{"not_picked":["Well Laid Plans","Dodge and Roll","Dagger Spray"],"picked":"Singing Bowl","floor":7},{"not_picked":["Dagger Throw","Skewer"],"picked":"Blade Dance","floor":12},{"not_picked":["Eviscerate","Endless Agony","Underhanded Strike"],"picked":"Singing Bowl","floor":14}],"player_experience":2041476,"relics_obtained":[{"floor":7,"key":"Singing Bowl"},{"floor":9,"key":"Snake Skull"}],"event_choices":[{"damage_healed":0,"gold_gain":0,"player_choice":"Entered Light","damage_taken":14,"max_hp_gain":0,"max_hp_loss":0,"event_name":"Shining Light","floor":2,"gold_loss":0,"cards_upgraded":["Calculated Gamble","Neutralize"]},{"damage_healed":0,"gold_gain":0,"player_choice":"Grow","damage_taken":0,"max_hp_gain":0,"max_hp_loss":0,"event_name":"Living Wall","floor":3,"gold_loss":0,"cards_upgraded":["Survivor"]},{"damage_healed":0,"gold_gain":0,"player_choice":"Take Damage","damage_taken":17,"relics_obtained":["Golden Idol"],"max_hp_gain":0,"max_hp_loss":0,"event_name":"Golden Idol","floor":4,"gold_loss":0},{"damage_healed":0,"gold_gain":0,"player_choice":"Box","damage_taken":0,"relics_obtained":["CeramicFish"],"max_hp_gain":0,"max_hp_loss":0,"event_name":"Big Fish","floor":5,"gold_loss":0,"cards_obtained":["Regret"]}],"is_beta":false,"boss_relics":[],"items_purged_floors":[11],"is_endless":false,"potions_floor_spawned":[14],"killed_by":"Hexaghost","ascension_level":4}}