{"host":"od099uxc49ip1k8b","time":1608825076,"event":{"mods":["Act Like it!","BaseMod","Downfall","Gensokyo","Hermit","Marisa????????","Minty Spire (QoL Compilation)","Remilia??????","StSLib","The Animator","The Cursed","The Servant 0.9.4"],"gold_per_floor":[118,131,168,200,220,220,232,314,314,382,382,402,428,468,468,590,590,608,608,623,385,300,326,337,367,367,367,381,62,62,62,62,178,178,194,214,227,244,244,244,276,276,276,331,107,137,157,157,157],"floor_reached":48,"playtime":5809,"items_purged":["FavorOfDestiny"],"score":689,"play_id":"95d39976-363d-42c4-a499-4c7c95b6dd15","local_time":"20201224105116","is_ascension_mode":false,"campfire_choices":[{"data":"RedMoon","floor":6,"key":"SMITH"},{"data":"MastersStateliness","floor":11,"key":"SMITH"},{"data":"ScarletShoot","floor":15,"key":"SMITH"},{"floor":30,"key":"RECALL"},{"floor":32,"key":"REST"},{"data":"TransientEternity","floor":40,"key":"SMITH"}],"circlet_count":0,"master_deck":["Strike_RM+1","Strike_RM+1","Strike_RM+1","Defend_RM+1","Defend_RM+1","Defend_RM+1","Defend_RM+1","RedMoon+1","ScarletShoot+1","MastersStateliness+1","ScarletImprint","ScarletDevil","Stigmanizer+1","HunterOfTheNight","ScarletImprint","UnderTheZenith","NightDance","KillingBlow","MiserableFate","EternalNight","ScarletImprint","StarOfDavid","TransientEternity+1","DiffusionOfMisfortune+1","UnstableMagic+1","EmergencyRegeneration","expansioncontent:BronzeBeam","BombardNight","ForecastOfChange","StarOfDavid+1","MastersStateliness","HunterOfTheNight+1","Madness","Madness","Ultimatum+1","BloodAndWine+1","ScarletMeister","MiserableFate"],"relics":["ScarletHat","Dream Catcher","Pear","Whetstone","Black Star","Oddly Smooth Stone","StoneCalendar","Bottled Flame","InkBottle","Vajra","Ancient Tea Set","MealTicket","War Paint","Empty Cage","Happy Flower","PreservedInsect","Mummified Hand","Potion Belt","Lantern","White Beast Statue","Bag of Marbles"],"acts_visited":["Exordium","TheCity","TheBeyond"],"potions_floor_usage":[3,23,23,41,41,44],"damage_taken":[{"damage":0,"enemies":"Cultist","floor":1,"turns":4},{"damage":4,"enemies":"Jaw Worm","floor":2,"turns":8},{"damage":0,"enemies":"2 Louse","floor":3,"turns":4},{"damage":24,"enemies":"Gremlin Gang","floor":4,"turns":7},{"damage":0,"enemies":"Blue Slaver","floor":5,"turns":7},{"damage":2,"enemies":"Large Slime","floor":7,"turns":7},{"damage":7,"enemies":"Lagavulin Event","floor":8,"turns":6},{"damage":3,"enemies":"2 Fungi Beasts","floor":12,"turns":5},{"damage":11,"enemies":"3 Sentries","floor":13,"turns":7},{"damage":4,"enemies":"3 Louse","floor":14,"turns":5},{"damage":20,"enemies":"The Guardian","floor":16,"turns":11},{"damage":4,"enemies":"Shell Parasite","floor":18,"turns":4},{"damage":11,"enemies":"3 Byrds","floor":20,"turns":5},{"damage":5,"enemies":"Gremlin Leader","floor":23,"turns":7},{"damage":11,"enemies":"Snake Plant","floor":24,"turns":5},{"damage":46,"enemies":"Book of Stabbing","floor":25,"turns":7},{"damage":11,"enemies":"Shelled Parasite and Fungi","floor":28,"turns":2},{"damage":3,"enemies":"Automaton","floor":33,"turns":6},{"damage":0,"enemies":"3 Darklings","floor":35,"turns":3},{"damage":6,"enemies":"Orb Walker","floor":36,"turns":2},{"damage":0,"enemies":"Maw","floor":37,"turns":5},{"damage":18,"enemies":"Transient","floor":38,"turns":5},{"damage":86,"enemies":"Reptomancer","floor":41,"turns":10},{"damage":37,"enemies":"Giant Head","floor":44,"turns":4},{"damage":13,"enemies":"Nemesis","floor":46,"turns":5},{"damage":71,"enemies":"4 Shapes","floor":47,"turns":6},{"damage":29,"enemies":"Writhing Mass","floor":48,"turns":3}],"seed_played":"-8342223985321231476","potions_obtained":[{"floor":2,"key":"LiquidBronze"},{"floor":3,"key":"Fruit Juice"},{"floor":4,"key":"SteroidPotion"},{"floor":5,"key":"Swift Potion"},{"floor":7,"key":"DistilledChaos"},{"floor":23,"key":"Strength Potion"},{"floor":25,"key":"Explosive Potion"},{"floor":37,"key":"Slimebound:ThreeZeroPotion"},{"floor":41,"key":"Guardian:BlockOnCardUsePotion"},{"floor":47,"key":"Energy Potion"}],"is_trial":false,"path_per_floor":["M","M","M","M","M","R","M","?","T","?","R","M","E","M","R","B",null,"M","?","M","$","?","E","M","E","T","?","M","$","R","?","R","B",null,"M","M","M","M","?","R","E","?","T","E","$","E","M","M"],"character_chosen":"REMILIA","items_purchased":["Oddly Smooth Stone","ScarletImprint","StarOfDavid","EmergencyRegeneration","expansioncontent:BronzeBeam","War Paint","Lantern"],"campfire_rested":1,"item_purchase_floors":[21,21,21,29,29,29,45],"current_hp_per_floor":[82,80,85,63,66,66,69,69,79,79,79,76,74,70,70,68,97,97,97,86,86,86,90,83,45,45,45,37,52,52,52,81,92,97,97,94,97,94,82,82,48,48,48,60,75,73,3,0,0],"gold":157,"neow_bonus":"TEN_PERCENT_HP_BONUS","is_daily":false,"chose_seed":false,"campfire_upgraded":4,"win_rate":0.0,"timestamp":1608825076,"path_taken":["M","M","M","?","M","R","M","?","T","?","R","M","E","M","R","BOSS","M","?","?","$","?","E","M","E","T","?","M","$","R","?","R","BOSS","M","M","M","M","?","R","E","?","T","E","$","E","M","M"],"items_purchased_type":["Relic","Card","Card","Card","Card","Relic","Relic"],"build_version":"2020-12-22","purchased_purges":1,"victory":false,"max_hp_per_floor":[82,82,87,87,87,87,87,87,97,97,97,97,97,97,97,97,97,97,97,97,97,97,97,97,97,97,97,97,97,97,97,97,97,97,97,97,97,97,97,97,97,97,97,97,97,97,97,97,97],"card_choices":[{"not_picked":["RedRainbow","DiffusionOfMisfortune"],"picked":"MastersStateliness","floor":1},{"not_picked":["BloodHunter","ScarletGensokyo"],"picked":"FavorOfDestiny","floor":2},{"not_picked":["ScarletGensokyo","HellCatastrophe"],"picked":"ScarletImprint","floor":3},{"not_picked":["RedRainbow","ScarletDream"],"picked":"FitfulNightmare","floor":4},{"not_picked":["BlasphemousPunishment","EndlessAdversity"],"picked":"ScarletDevil","floor":5},{"not_picked":["ScarletDevil","BadLadyScramble"],"picked":"Stigmanizer","floor":7},{"not_picked":["GlobalNightmare","MastersStateliness"],"picked":"HunterOfTheNight","floor":8},{"not_picked":["CharismaGuard","FavorOfDestiny"],"picked":"ScarletImprint","floor":12},{"not_picked":["BlasphemousPunishment","MastersStateliness"],"picked":"UnderTheZenith","floor":13},{"not_picked":["ScarletDream","CharismaGuard"],"picked":"NightDance","floor":14},{"not_picked":["ChaoticDestiny","BloodyCatastrophe"],"picked":"KillingBlow","floor":16},{"not_picked":["EmergencyRegeneration","BloodAndWine"],"picked":"MiserableFate","floor":18},{"not_picked":["MastersStateliness","ScarletDevilSign+1"],"picked":"EternalNight","floor":20},{"not_picked":["ScarletImprint+1","BombardNight"],"picked":"TransientEternity","floor":23},{"not_picked":["UnderTheZenith","VampireClaw"],"picked":"DiffusionOfMisfortune+1","floor":24},{"not_picked":["AfternoonTea","ScarletDevil+1"],"picked":"UnstableMagic","floor":25},{"not_picked":["VampireKiss","Stigmanizer","Maim"],"picked":"SKIP","floor":28},{"not_picked":["EquivalentExchange","ScarletDevil"],"picked":"BombardNight","floor":32},{"not_picked":["CeilingFear","BloodRain"],"picked":"ForecastOfChange","floor":33},{"not_picked":["BloodHunter+1","StarOfDavid","FavorOfDestiny"],"picked":"SKIP","floor":35},{"not_picked":["DiffusionOfMisfortune","BloodHunter+1"],"picked":"StarOfDavid+1","floor":36},{"not_picked":["BadLadyScramble","ForbiddenFruit"],"picked":"MastersStateliness","floor":37},{"not_picked":["RedRainbow","EndlessAdversity"],"picked":"HunterOfTheNight+1","floor":38},{"not_picked":["EquivalentExchange","NightDance"],"picked":"Ultimatum+1","floor":41},{"not_picked":["MastersStateliness+1","RedRainbow"],"picked":"BloodAndWine+1","floor":44},{"not_picked":["VampireKiss+1","FavorOfDestiny"],"picked":"ScarletMeister","floor":44},{"not_picked":["VampireKiss","DiffusionOfMisfortune+1"],"picked":"MiserableFate","floor":46},{"not_picked":["ForbiddenFruit+1","BlasphemousPunishment+1","VampireSweep+1"],"picked":"SKIP","floor":46},{"not_picked":["EndlessAdversity","ScarletGensokyo+1","ScarletImprint"],"picked":"SKIP","floor":47}],"player_experience":24298,"relics_obtained":[{"floor":9,"key":"Pear"},{"floor":13,"key":"Whetstone"},{"floor":23,"key":"Bottled Flame"},{"floor":23,"key":"InkBottle"},{"floor":25,"key":"Vajra"},{"floor":25,"key":"Ancient Tea Set"},{"floor":41,"key":"Happy Flower"},{"floor":41,"key":"PreservedInsect"},{"floor":43,"key":"Mummified Hand"},{"floor":44,"key":"Potion Belt"},{"floor":46,"key":"White Beast Statue"},{"floor":46,"key":"Bag of Marbles"}],"event_choices":[{"damage_healed":0,"gold_gain":0,"player_choice":"Searched \u00272\u0027 times","damage_taken":0,"relics_obtained":["Dream Catcher"],"max_hp_gain":0,"max_hp_loss":0,"event_name":"Dead Adventurer","floor":8,"gold_loss":0},{"damage_healed":0,"gold_gain":68,"player_choice":"Gained Gold","damage_taken":0,"max_hp_gain":0,"max_hp_loss":0,"event_name":"Golden Wing","floor":10,"gold_loss":0},{"damage_healed":0,"gold_gain":0,"cards_transformed":["FitfulNightmare"],"player_choice":"Transformed","damage_taken":0,"max_hp_gain":0,"max_hp_loss":0,"event_name":"Transmorgrifier","floor":19,"gold_loss":0,"cards_obtained":["KillingBlow"]},{"damage_healed":0,"gold_gain":0,"player_choice":"Obtained Relic","damage_taken":0,"relics_obtained":["StoneCalendar"],"max_hp_gain":0,"max_hp_loss":0,"event_name":"Addict","floor":22,"gold_loss":85},{"damage_healed":0,"gold_gain":0,"player_choice":"Opened","damage_taken":0,"relics_obtained":["MealTicket"],"max_hp_gain":0,"max_hp_loss":0,"event_name":"The Mausoleum","floor":27,"gold_loss":0},{"damage_healed":0,"gold_gain":0,"player_choice":"Simplicity","damage_taken":0,"max_hp_gain":0,"max_hp_loss":0,"event_name":"Back to Basics","floor":31,"gold_loss":0,"cards_upgraded":["Strike_RM","Strike_RM","Strike_RM","Defend_RM","Defend_RM","Defend_RM"]},{"damage_healed":0,"gold_gain":0,"player_choice":"Embrace Madness","damage_taken":12,"max_hp_gain":0,"max_hp_loss":0,"event_name":"Winding Halls","floor":39,"gold_loss":0,"cards_obtained":["Madness","Madness"]},{"damage_healed":0,"gold_gain":0,"player_choice":"Ignored","damage_taken":0,"max_hp_gain":0,"max_hp_loss":0,"event_name":"The Moai Head","floor":42,"gold_loss":0}],"is_beta":false,"boss_relics":[{"not_picked":["Calling Bell","Astrolabe"],"picked":"Black Star"},{"not_picked":["Cursed Key","SacredBark"],"picked":"Empty Cage"}],"items_purged_floors":[45],"is_endless":false,"potions_floor_spawned":[2,3,4,7,16,18,24,25,37,38,47],"killed_by":"Writhing Mass","ascension_level":0}}