{"host":"7pe9xwx78c6nlay8","time":1608822647,"event":{"mods":["BaseMod","Minty Spire (QoL Compilation)"],"gold_per_floor":[117,134,134,144,144,144,170,170,223,237,263,263,275,309,309,389,398,414,414,459,232,249,249,249],"floor_reached":23,"playtime":876,"items_purged":["Defend_P"],"score":380,"play_id":"7e7b3203-f751-4887-a950-b4132ce2560d","local_time":"20201224231047","is_ascension_mode":true,"campfire_choices":[{"data":"Eruption","floor":6,"key":"SMITH"},{"floor":8,"key":"REST"},{"floor":12,"key":"REST"},{"data":"PathToVictory","floor":15,"key":"SMITH"}],"circlet_count":0,"master_deck":["AscendersBane","Defend_P","Defend_P","Defend_P","Eruption+1","Vigilance","Metamorphosis+1","CutThroughFate","Weave","PathToVictory+1","JustLucky","JustLucky","Wireheading","Weave","DevaForm","CurseOfTheBell","Bite","Bite","Bite","Bite","Bite"],"relics":["PureWater","Dream Catcher","Damaru","Turnip","CeramicFish","Calling Bell","Strawberry","Shuriken","WingedGreaves","Happy Flower"],"acts_visited":["Exordium","TheCity"],"potions_floor_usage":[7,14,14,23],"damage_taken":[{"damage":2,"enemies":"Jaw Worm","floor":1,"turns":3},{"damage":5,"enemies":"2 Louse","floor":2,"turns":4},{"damage":0,"enemies":"Small Slimes","floor":4,"turns":3},{"damage":18,"enemies":"Gremlin Nob","floor":7,"turns":3},{"damage":9,"enemies":"3 Louse","floor":10,"turns":2},{"damage":10,"enemies":"Lagavulin","floor":11,"turns":4},{"damage":3,"enemies":"Gremlin Gang","floor":13,"turns":4},{"damage":4,"enemies":"Gremlin Nob","floor":14,"turns":3},{"damage":16,"enemies":"Hexaghost","floor":16,"turns":6},{"damage":32,"enemies":"Shell Parasite","floor":18,"turns":5},{"damage":4,"enemies":"Spheric Guardian","floor":22,"turns":3},{"damage":27,"enemies":"Slavers","floor":23,"turns":1}],"seed_played":"-257141009818339043","potions_obtained":[{"floor":1,"key":"StancePotion"},{"floor":4,"key":"CultistPotion"},{"floor":10,"key":"Block Potion"},{"floor":11,"key":"DistilledChaos"},{"floor":16,"key":"ColorlessPotion"}],"is_trial":false,"path_per_floor":["M","M","?","M","?","R","E","R","T","M","E","R","M","E","R","B",null,"M","?","?","$","M","E"],"character_chosen":"WATCHER","items_purchased":["Happy Flower"],"campfire_rested":2,"item_purchase_floors":[21],"current_hp_per_floor":[41,36,41,41,41,41,23,44,44,35,25,46,43,39,39,23,68,36,21,21,21,23,0,0],"gold":249,"neow_bonus":"RANDOM_COLORLESS_2","is_daily":false,"chose_seed":false,"campfire_upgraded":2,"win_rate":0.0,"timestamp":1608822647,"path_taken":["M","M","?","M","?","R","E","R","T","M","E","R","M","E","R","BOSS","M","?","?","$","M","E"],"items_purchased_type":["Relic"],"build_version":"2020-12-22","purchased_purges":1,"victory":false,"max_hp_per_floor":[68,68,73,73,73,73,73,73,73,73,73,73,73,73,73,73,80,80,85,59,59,59,59,59],"card_choices":[{"not_picked":["Transmutation","Secret Weapon"],"picked":"Metamorphosis","floor":0},{"not_picked":["WreathOfFlame","Evaluate"],"picked":"CutThroughFate","floor":1},{"not_picked":["Tantrum","Adaptation"],"picked":"Weave","floor":2},{"not_picked":["Prostrate","Fasting2"],"picked":"PathToVictory","floor":4},{"not_picked":["DeusExMachina","Evaluate"],"picked":"JustLucky","floor":7},{"not_picked":["WheelKick","Conclude"],"picked":"JustLucky","floor":8},{"not_picked":["CarveReality","FollowUp","Vengeance"],"picked":"SKIP","floor":10},{"not_picked":["PathToVictory","EmptyBody"],"picked":"Wireheading","floor":11},{"not_picked":["SashWhip","FlurryOfBlows","FollowUp"],"picked":"SKIP","floor":13},{"not_picked":["Wireheading","TalkToTheHand"],"picked":"Weave","floor":14},{"not_picked":["LessonLearned","ConjureBlade"],"picked":"DevaForm","floor":16},{"not_picked":["FollowUp","Swivel","FlurryOfBlows"],"picked":"SKIP","floor":18},{"not_picked":["FlurryOfBlows","BowlingBash","ClearTheMind"],"picked":"SKIP","floor":22}],"player_experience":1564793,"relics_obtained":[{"floor":7,"key":"Dream Catcher"},{"floor":9,"key":"Damaru"},{"floor":11,"key":"Turnip"},{"floor":14,"key":"CeramicFish"},{"floor":17,"key":"Strawberry"},{"floor":17,"key":"Shuriken"},{"floor":17,"key":"WingedGreaves"}],"event_choices":[{"damage_healed":0,"gold_gain":0,"player_choice":"Donut","damage_taken":0,"max_hp_gain":5,"max_hp_loss":0,"event_name":"Big Fish","floor":3,"gold_loss":0},{"damage_healed":0,"gold_gain":0,"player_choice":"Grow","damage_taken":0,"max_hp_gain":0,"max_hp_loss":0,"event_name":"Living Wall","floor":5,"gold_loss":0,"cards_upgraded":["Metamorphosis"]},{"damage_healed":0,"gold_gain":0,"player_choice":"Shed Blood","damage_taken":20,"max_hp_gain":5,"max_hp_loss":0,"event_name":"Forgotten Altar","floor":19,"gold_loss":0},{"damage_healed":0,"gold_gain":0,"player_choice":"Became a vampire","damage_taken":0,"max_hp_gain":0,"max_hp_loss":26,"event_name":"Vampires","floor":20,"gold_loss":0,"cards_obtained":["Bite","Bite","Bite","Bite","Bite"]}],"is_beta":false,"boss_relics":[{"not_picked":["Empty Cage","Astrolabe"],"picked":"Calling Bell"}],"items_purged_floors":[21],"is_endless":false,"potions_floor_spawned":[1,4,10,11,13,16],"killed_by":"Slavers","ascension_level":14}}