{"host":"njruw0b0uprlitpx","time":1608811062,"event":{"mods":["2.2 Compatiblity","Astrologer","Bartender","BaseMod","Better Altar","Better Match","Better Note","Better Sensory Stone","Better Skull","Better Third Choice","BetterRewards","Block Reminder","Chen","Colored Map","Colored Powertips","Gremlin Mod","Jedi Mod","Keyboard Shortcuts","Magitek Elite","Minty Spire (QoL Compilation)","Quick Restart","Relic Stats","Replay The Spire","SacredBarkPlus","Spicy Shops","StSLib","SuperFastMode","The Construct","The Cursed","The Marked","The Mystic","The Necromancer","The Spell Scribe"],"gold_per_floor":[210,360,379,379,304,304,329,347,347,347,364,380,20,51,51,122,122,139,139,139,189,209,209,244,244,244,255,2,2,14,25,25,104,104,116,116,126,143,143,143,175,175,200,17,17,17,17,17,17,17],"floor_reached":51,"playtime":3262,"items_purged":[],"score":1309,"play_id":"68a62663-d569-4a0e-94bb-e1279c5a53f8","local_time":"20201224055742","is_ascension_mode":true,"campfire_choices":[{"floor":6.0,"key":"REST"},{"data":"Breathe_Deep","floor":10.0,"key":"SMITH"},{"floor":15.0,"key":"REST"},{"floor":23.0,"key":"REST"},{"data":"High_Tide","floor":25.0,"key":"SMITH"},{"floor":32.0,"key":"REST"},{"floor":40,"key":"REST"},{"data":"1","floor":42,"key":"LIFT"},{"data":"2","floor":46,"key":"LIFT"},{"floor":49,"key":"REST"}],"circlet_count":0,"master_deck":["AscendersBane","Somersault","Snap_Punch","Cross","Breathe_Deep+1","Ball_Of_Ice","Waterkick","Dancing_Jab","Windup","AbeCurse","Stick_and_Move","ThreeSidedStar+1","High_Tide+1","Momentum","Fading_Blow+1","Ripple","Dolphin_Blow+1","Breathe_Deep","Feint","Beat_Rush+1","Fading_Blow+1","Scoop","Cross+1","Butterfly_Float","Greased_Lightning+1","Vortex","Scowl+1","Meteodrive+1","Rope_A_Dope","Parasite","Press_Forward+1","jedi:BattleThirst"],"relics":["Sneakers","Ice Cream","WingedGreaves","jedi:Pinwheel","Bronze Scales","Abe\u0027s Treasure","Molten Egg 2","Girya","Power_Wrist","Pandora\u0027s Box","Garlic","Happy Flower","jedi:ominousloannote","Genji_Glove","Replay:Accelerometer","Counterbalance"],"acts_visited":["Exordium","TheCity","TheBeyond"],"potions_floor_usage":[50,50],"damage_taken":[{"damage":3.0,"enemies":"2 Louse","floor":1.0,"turns":4.0},{"damage":9.0,"enemies":"Jaw Worm","floor":3.0,"turns":6.0},{"damage":18.0,"enemies":"Gremlin Nob","floor":7.0,"turns":4.0},{"damage":0.0,"enemies":"Cultist","floor":8.0,"turns":4.0},{"damage":8.0,"enemies":"Looter","floor":11.0,"turns":3.0},{"damage":1.0,"enemies":"Blue Slaver","floor":12.0,"turns":4.0},{"damage":17.0,"enemies":"Lagavulin","floor":14.0,"turns":6.0},{"damage":26.0,"enemies":"The Guardian","floor":16.0,"turns":8.0},{"damage":17.0,"enemies":"2 Thieves","floor":18.0,"turns":4.0},{"damage":0.0,"enemies":"Chosen","floor":22.0,"turns":3.0},{"damage":10.0,"enemies":"Slavers","floor":24.0,"turns":3.0},{"damage":14.0,"enemies":"Snake Plant","floor":27.0,"turns":3.0},{"damage":17.0,"enemies":"3 Cultists","floor":30.0,"turns":4.0},{"damage":11.0,"enemies":"Centurion and Healer","floor":31.0,"turns":3.0},{"damage":48.0,"enemies":"Automaton","floor":33.0,"turns":8.0},{"damage":0.0,"enemies":"Orb Walker","floor":35.0,"turns":1.0},{"damage":22.0,"enemies":"3 Shapes","floor":37.0,"turns":2.0},{"damage":6,"enemies":"Spire Growth","floor":38,"turns":4},{"damage":49,"enemies":"Reptomancer","floor":41,"turns":5},{"damage":0,"enemies":"3 Darklings","floor":45,"turns":3},{"damage":3,"enemies":"Writhing Mass","floor":47,"turns":3},{"damage":0,"enemies":"Time Eater","floor":50,"turns":4}],"seed_played":"2971757655164811514","potions_obtained":[{"floor":1.0,"key":"SpeedPotion"},{"floor":7.0,"key":"GamblersBrew"},{"floor":14.0,"key":"Swift Potion"},{"floor":20.0,"key":"BlessingOfTheForge"},{"floor":20.0,"key":"Energy Potion"},{"floor":22.0,"key":"SteroidPotion"},{"floor":30.0,"key":"SteroidPotion"},{"floor":41,"key":"CultistPotion"}],"is_trial":false,"path_per_floor":["M","?","M","?","?","R","E","M","T","R","M","M","$","E","R","B",null,"M","?","?","?","M","R","E","R","T","M","$","?","M","M","R","B",null,"M","?","M","M","?","R","E","R","T","$","M","R","M","?","R","B",null],"character_chosen":"BARTENDER","items_purchased":["jedi:Pinwheel","DuplicationPotion","Dancing_Jab","Momentum","Power_Wrist","Fading_Blow+1","jedi:ominousloannote","Genji_Glove","Meteodrive+1","Rope_A_Dope","Replay:Accelerometer","Energy Potion"],"campfire_rested":6,"item_purchase_floors":[13,13,13,28,28,28,44,44,44,44,44,44],"current_hp_per_floor":[56,56,47,52,52,70,52,52,52,52,44,43,43,26,47,21,58,41,41,41,41,41,62,52,52,52,38,38,38,21,10,31,33,61,61,51,39,33,35,56,55,55,55,55,55,55,52,52,70,70],"gold":17,"neow_bonus":"HUNDRED_GOLD","is_daily":false,"chose_seed":false,"campfire_upgraded":2,"win_rate":0.0,"timestamp":1608811062,"path_taken":["M","?","M","?","?","R","E","M","T","R","M","?","$","E","R","BOSS","M","?","?","?","M","R","E","R","T","?","$","?","?","M","R","BOSS","M","?","M","?","?","R","E","R","T","$","?","R","M","?","R","BOSS"],"items_purchased_type":["Relic","Potion","Card","Card","Relic","Card","Relic","Relic","Card","Card","Relic","Potion"],"build_version":"2020-12-22","purchased_purges":0,"victory":true,"max_hp_per_floor":[65,65,65,70,70,70,70,70,70,70,70,70,70,70,70,70,70,70,70,70,70,70,70,70,70,70,70,70,70,70,70,70,70,70,70,70,70,70,70,70,70,70,70,70,70,70,70,70,70,70],"relic_stats":{"Happy Flower":[3],"counters":[24,92],"Bronze Scales":[185],"Pandora\u0027s Box":["Breathe_Deep","Feint","Beat_Rush","Fading_Blow","Scoop","Cross","Butterfly_Float"],"obtain_stats":[{"Ice Cream":7,"Girya":26,"Replay:Accelerometer":44,"Sneakers":0,"Happy Flower":43,"Counterbalance":48,"jedi:command_rare":48,"jedi:Pinwheel":13,"Power_Wrist":28,"Pondfish Scales":3,"jedi:ominousloannote":44,"Bronze Scales":14,"Molten Egg 2":24,"Pandora\u0027s Box":34,"Genji_Glove":44,"WingedGreaves":9,"Garlic":41,"Abe\u0027s Treasure":17},{"Ice Cream":5,"Girya":13,"Replay:Accelerometer":21,"Sneakers":0,"Happy Flower":21,"Counterbalance":23,"jedi:command_rare":23,"jedi:Pinwheel":8,"Power_Wrist":14,"Pondfish Scales":1,"jedi:ominousloannote":21,"Bronze Scales":9,"Molten Egg 2":13,"Pandora\u0027s Box":17,"Genji_Glove":21,"WingedGreaves":6,"Garlic":21,"Abe\u0027s Treasure":10},{"Ice Cream":17,"Girya":52,"Replay:Accelerometer":82,"Sneakers":0,"Happy Flower":82,"Counterbalance":88,"jedi:command_rare":88,"jedi:Pinwheel":28,"Power_Wrist":55,"Pondfish Scales":2,"jedi:ominousloannote":82,"Bronze Scales":34,"Molten Egg 2":52,"Pandora\u0027s Box":70,"Genji_Glove":82,"WingedGreaves":21,"Garlic":82,"Abe\u0027s Treasure":42}]},"card_choices":[{"not_picked":["Elbow_Slash","Dancing_Jab"],"picked":"Snap_Punch","floor":1.0},{"not_picked":["On_The_Rocks","Center_Self"],"picked":"Cross","floor":3.0},{"not_picked":["Dragonkick","OpoOpo_Form"],"picked":"Breathe_Deep","floor":7.0},{"not_picked":["Bicycle_Kick","Sucker_Punch"],"picked":"Ball_Of_Ice","floor":8.0},{"not_picked":["Ball_Of_Ice","Pony_Shot","Well_Drinks"],"picked":"SKIP","floor":11.0},{"not_picked":["Pony_Shot","Fading_Blow"],"picked":"Waterkick","floor":12.0},{"not_picked":["Torment","Bloodbath_Bartender","Snap_Punch"],"picked":"SKIP","floor":14.0},{"not_picked":["Spirits_Within","Storage"],"picked":"Windup","floor":16.0},{"not_picked":["Free_Pour","Snap_Punch"],"picked":"Stick_and_Move","floor":18.0},{"not_picked":["Center_Self","Blizzard_Spikes"],"picked":"ThreeSidedStar+1","floor":22.0},{"not_picked":["ThreeSidedStar+1","Scowl"],"picked":"High_Tide","floor":24.0},{"not_picked":["Stick_and_Move+1","Ball_Of_Ice","Snap_Punch+1"],"picked":"SKIP","floor":27.0},{"not_picked":["Bicycle_Kick+1","Cross+1","Elbow_Slash+1"],"picked":"SKIP","floor":30.0},{"not_picked":["Coeurl_Form","Ripple","Ball_Of_Ice"],"picked":"SKIP","floor":31.0},{"not_picked":["Coeurl_Form","Ball_Of_Ice"],"picked":"Ripple","floor":31.0},{"not_picked":["Spirits_Within","Patience"],"picked":"Dolphin_Blow+1","floor":33.0},{"not_picked":["Ripple+1","Sucker_Punch+1"],"picked":"Greased_Lightning+1","floor":35.0},{"not_picked":["Fading_Blow+1","Bitters"],"picked":"Vortex+","floor":37.0},{"not_picked":["Pony_Shot+1","Mirage+1"],"picked":"Scowl+1","floor":38},{"not_picked":["Stick_and_Move+1","Pony_Shot+1","Dragonkick+1"],"picked":"SKIP","floor":41},{"not_picked":["High_Tide","Bouncer","Dancing_Jab+1"],"picked":"SKIP","floor":45},{"not_picked":["Bouncer","Momentum+1"],"picked":"Press_Forward+1","floor":47}],"player_experience":1749390,"relics_obtained":[{"floor":7.0,"key":"Ice Cream"},{"floor":9.0,"key":"WingedGreaves"},{"floor":14.0,"key":"Bronze Scales"},{"floor":24.0,"key":"Molten Egg 2"},{"floor":26.0,"key":"Girya"},{"floor":41,"key":"Garlic"},{"floor":43,"key":"Happy Flower"}],"event_choices":[{"damage_healed":0.0,"max_hp_gain":0.0,"max_hp_loss":0.0,"gold_gain":150.0,"event_name":"betterThird:BetterSerpent","player_choice":"AGREE","floor":2.0,"gold_loss":0.0,"damage_taken":210.0},{"damage_healed":0.0,"max_hp_gain":5.0,"max_hp_loss":0.0,"gold_gain":0.0,"event_name":"Big Fish","player_choice":"Donut","floor":4.0,"gold_loss":0.0,"damage_taken":0.0},{"cards_removed":["Doubt"],"damage_healed":0.0,"max_hp_gain":0.0,"max_hp_loss":0.0,"gold_gain":0.0,"event_name":"The Cleric","player_choice":"Card Removal","floor":5.0,"gold_loss":75.0,"damage_taken":0.0},{"cards_removed":["Defend_Bartender"],"damage_healed":0.0,"max_hp_gain":0.0,"max_hp_loss":0.0,"gold_gain":0.0,"event_name":"Bonfire Elementals","player_choice":"Offered Basic","floor":19.0,"gold_loss":0.0,"damage_taken":0.0},{"damage_healed":0.0,"max_hp_gain":0.0,"max_hp_loss":0.0,"gold_gain":0.0,"event_name":"Lab","player_choice":"Got Potions","floor":20.0,"gold_loss":0.0,"damage_taken":0.0},{"damage_healed":0.0,"max_hp_gain":0.0,"max_hp_loss":0.0,"gold_gain":0.0,"event_name":"betterMatch:BetterMatch","player_choice":"2","floor":21.0,"gold_loss":0.0,"damage_taken":0.0,"cards_obtained":[]},{"cards_removed":["Momentum"],"damage_healed":0.0,"max_hp_gain":0.0,"max_hp_loss":0.0,"gold_gain":0.0,"event_name":"betterNote:BetterNote","player_choice":"Give","floor":29.0,"gold_loss":0.0,"damage_taken":0.0,"cards_obtained":["None"]},{"damage_healed":0.0,"max_hp_gain":0.0,"max_hp_loss":0.0,"gold_gain":0.0,"event_name":"Wheel of Change","player_choice":"Damaged","floor":36.0,"gold_loss":0.0,"damage_taken":10.0},{"damage_healed":2,"gold_gain":0,"player_choice":"LEAVE ","damage_taken":0,"relics_obtained":[],"max_hp_gain":0,"max_hp_loss":0,"event_name":"betterSkull:BetterSkull","floor":39,"gold_loss":0,"cards_upgraded":[]}],"is_beta":false,"boss_relics":[{"not_picked":["Coffee Dripper","Cursed Key"],"picked":"Abe\u0027s Treasure"},{"not_picked":["Replay:Ancient Bell","Velvet Choker"],"picked":"Pandora\u0027s Box"}],"items_purged_floors":[],"is_endless":false,"potions_floor_spawned":[1,7,14,22,30,41,47],"ascension_level":15}}