{"host":"b6xe5c77fhd1azzp","time":1608798361,"event":{"mods":["AchievementEnabler","BaseMod","Colored Map","Colored Powertips","Minty Spire (QoL Compilation)","Rare Cards Sparkle"],"gold_per_floor":[111,131,131,144,36,36,36,36,59,59,74,90,90,90,90,194,194,211,211,222,100,112,112,122,132,158,158,158,173,191,0,0,0,0],"floor_reached":33,"playtime":3219,"items_purged":["Blizzard"],"score":239,"play_id":"badc191f-990f-4cd3-84b6-bc59b7fe3182","local_time":"20201224012601","is_ascension_mode":false,"campfire_choices":[{"data":"Conserve Battery","floor":6,"key":"SMITH"},{"data":"Loop","floor":8,"key":"SMITH"},{"data":"Compile Driver","floor":10,"key":"SMITH"},{"data":"Zap","floor":13,"key":"SMITH"},{"floor":15,"key":"REST"},{"floor":23,"key":"REST"},{"floor":28,"key":"REST"},{"floor":32,"key":"REST"}],"circlet_count":0,"master_deck":["Strike_B","Strike_B","Strike_B","Strike_B","Defend_B+1","Defend_B","Defend_B","Defend_B","Zap+1","Dualcast","FTL","Conserve Battery+1","Compile Driver+1","Loop+1","Storm","White Noise","Buffer","Chaos","Stack","White Noise","Redo","Force Field+1","Lockon","Aggregate","Rebound","Redo"],"relics":["Cracked Core","Pen Nib","Happy Flower","Runic Pyramid","Toy Ornithopter"],"acts_visited":["Exordium","TheCity"],"potions_floor_usage":[2,16,16,24,29,33,33,33],"damage_taken":[{"damage":1,"enemies":"2 Louse","floor":1,"turns":2},{"damage":0,"enemies":"Cultist","floor":2,"turns":2},{"damage":0,"enemies":"Small Slimes","floor":4,"turns":3},{"damage":9,"enemies":"3 Louse","floor":11,"turns":3},{"damage":1,"enemies":"2 Fungi Beasts","floor":12,"turns":4},{"damage":14,"enemies":"Hexaghost","floor":16,"turns":6},{"damage":23,"enemies":"2 Thieves","floor":18,"turns":5},{"damage":0,"enemies":"Chosen","floor":20,"turns":5},{"damage":0,"enemies":"Snecko","floor":22,"turns":5},{"damage":41,"enemies":"Shelled Parasite and Fungi","floor":24,"turns":6},{"damage":0,"enemies":"Chosen and Byrds","floor":25,"turns":6},{"damage":33,"enemies":"3 Cultists","floor":29,"turns":6},{"damage":11,"enemies":"Snecko","floor":30,"turns":6},{"damage":61,"enemies":"Collector","floor":33,"turns":5}],"seed_played":"-2189591025232208355","potions_obtained":[{"floor":0,"key":"EssenceOfDarkness"},{"floor":0,"key":"LiquidBronze"},{"floor":0,"key":"Block Potion"},{"floor":1,"key":"Fire Potion"},{"floor":12,"key":"SpeedPotion"},{"floor":18,"key":"FearPotion"},{"floor":29,"key":"SteroidPotion"},{"floor":30,"key":"AttackPotion"}],"is_trial":false,"path_per_floor":["M","M","?","M","$","R","?","R","T","R","M","M","R","?","R","B",null,"M","?","M","$","M","R","M","M","T","?","R","M","M","$","R","B"],"character_chosen":"DEFECT","items_purchased":["Loop","Coolheaded","White Noise","Explosive Potion","Redo","DuplicationPotion"],"campfire_rested":4,"item_purchase_floors":[5,5,21,21,31,31],"current_hp_per_floor":[74,74,74,74,74,74,74,74,74,74,65,64,64,49,71,57,75,52,52,52,52,52,74,33,33,33,33,55,27,16,16,38,0,0],"gold":0,"neow_bonus":"THREE_SMALL_POTIONS","is_daily":false,"chose_seed":false,"campfire_upgraded":4,"win_rate":0.0,"timestamp":1608798361,"path_taken":["M","M","?","M","?","R","?","R","T","R","M","M","R","?","R","BOSS","M","?","M","$","M","R","M","?","T","?","R","M","M","$","R","BOSS"],"items_purchased_type":["Card","Card","Card","Potion","Card","Potion"],"build_version":"2020-12-22","purchased_purges":1,"victory":false,"max_hp_per_floor":[75,75,75,75,75,75,75,75,75,75,75,75,75,75,75,75,75,75,75,75,75,75,75,75,75,75,75,75,75,75,75,75,75,75],"card_choices":[{"not_picked":["Compile Driver","Hologram"],"picked":"FTL","floor":1},{"not_picked":["Leap","Rip and Tear"],"picked":"Conserve Battery","floor":2},{"not_picked":["Conserve Battery","Gash"],"picked":"Compile Driver","floor":4},{"not_picked":["Barrage","Steam"],"picked":"Storm","floor":11},{"not_picked":["Cold Snap","Double Energy"],"picked":"White Noise","floor":12},{"not_picked":["Multi-Cast","Machine Learning"],"picked":"Buffer","floor":16},{"not_picked":["Go for the Eyes","Consume+1"],"picked":"Chaos","floor":18},{"not_picked":["White Noise","Gash"],"picked":"Stack","floor":20},{"not_picked":["Streamline","Leap+1"],"picked":"Redo","floor":22},{"not_picked":["Double Energy","Chaos"],"picked":"Force Field+1","floor":24},{"not_picked":["BootSequence","Stack"],"picked":"Lockon","floor":25},{"not_picked":["Genetic Algorithm","Barrage"],"picked":"Aggregate","floor":29},{"not_picked":["Stack+1","Ball Lightning"],"picked":"Rebound","floor":30}],"player_experience":33957,"relics_obtained":[{"floor":9,"key":"Happy Flower"},{"floor":26,"key":"Toy Ornithopter"}],"event_choices":[{"damage_healed":0,"gold_gain":0,"player_choice":"Gave Potion","damage_taken":0,"relics_obtained":["Pen Nib"],"max_hp_gain":0,"max_hp_loss":0,"event_name":"WeMeetAgain","floor":3,"gold_loss":0},{"damage_healed":0,"gold_gain":0,"player_choice":"Fled","damage_taken":0,"max_hp_gain":0,"max_hp_loss":0,"event_name":"Scrap Ooze","floor":7,"gold_loss":0},{"damage_healed":0,"gold_gain":0,"player_choice":"Entered Light","damage_taken":15,"max_hp_gain":0,"max_hp_loss":0,"event_name":"Shining Light","floor":14,"gold_loss":0,"cards_upgraded":["Coolheaded","Defend_B"]},{"damage_healed":0,"gold_gain":0,"player_choice":"Ignored","damage_taken":0,"max_hp_gain":0,"max_hp_loss":0,"event_name":"N\u0027loth","floor":19,"gold_loss":0},{"damage_healed":0,"gold_gain":0,"cards_transformed":["Coolheaded"],"player_choice":"Transformed","damage_taken":0,"max_hp_gain":0,"max_hp_loss":0,"event_name":"Transmorgrifier","floor":27,"gold_loss":0,"cards_obtained":["Blizzard"]}],"is_beta":false,"boss_relics":[{"not_picked":["FrozenCore","Ectoplasm"],"picked":"Runic Pyramid"}],"items_purged_floors":[31],"is_endless":false,"potions_floor_spawned":[1,12,18,29,30],"killed_by":"Collector","ascension_level":0}}