{"host":"3hht5vm6iswgqu4y","time":1608775709,"event":{"mods":["BaseMod","Minty Spire (QoL Compilation)","Relic Stats","StSLib"],"gold_per_floor":[114,129,144,159,334,349,379,379,379,379,394,409,424,439,439,539,539,554,172,202,217,232,262,262,262],"floor_reached":24,"playtime":2740,"items_purged":[],"score":419,"play_id":"0f093bb5-8e7b-40a0-9561-939216bcfcc5","local_time":"20201223210829","daily_mods":["Insanity","Purple Cards","DeadlyEvents"],"is_ascension_mode":false,"campfire_choices":[{"floor":8,"key":"REST"},{"floor":10,"key":"REST"},{"data":"Backstab","floor":15,"key":"SMITH"}],"circlet_count":0,"master_deck":["Outmaneuver","Quick Slash","Slice","Meditate","Halt","Concentrate","Finisher","Cloak And Dagger","MentalFortress","WheelKick","FlyingSleeves","FollowUp","Crescendo","Prepared","TalkToTheHand","FlurryOfBlows","Slice","Crescendo","PiercingWail","ThirdEye","Deadly Poison","TalkToTheHand","Well Laid Plans","FlurryOfBlows","Sucker Punch","Meditate","Outmaneuver","EmptyMind","CrushJoints","SignatureMove","Conclude","FollowUp","Riddle With Holes","FlurryOfBlows","Dodge and Roll","FlyingSleeves","FlurryOfBlows","ForeignInfluence","Evaluate","Quick Slash","BowlingBash","Conclude","Evaluate","Dagger Throw","Evaluate","Setup","Blade Dance","TalkToTheHand","FlyingSleeves","Tantrum","Bane","Consecrate","SashWhip","Caltrops","Doubt","Masterful Stab","Night Terror","JustLucky","Backstab+1","DeusExMachina","Wallop","Die Die Die","Prostrate","Violence","FlurryOfBlows","Indignation","Reflex","JustLucky","Dagger Throw+1","SandsOfTime"],"relics":["Ring of the Snake","MealTicket","Matryoshka","Black Star","Membership Card","Vajra","Boot","Thread and Needle","Potion Belt","Blood Vial"],"acts_visited":["Exordium","TheCity"],"potions_floor_usage":[11,16,20,20,23],"damage_taken":[{"damage":10,"enemies":"Small Slimes","floor":1,"turns":2},{"damage":8,"enemies":"Jaw Worm","floor":2,"turns":2},{"damage":0,"enemies":"Cultist","floor":3,"turns":3},{"damage":14,"enemies":"Lots of Slimes","floor":4,"turns":4},{"damage":18,"enemies":"2 Fungi Beasts","floor":6,"turns":3},{"damage":0,"enemies":"Gremlin Nob","floor":7,"turns":2},{"damage":0,"enemies":"3 Louse","floor":11,"turns":3},{"damage":0,"enemies":"Large Slime","floor":12,"turns":3},{"damage":13,"enemies":"Red Slaver","floor":13,"turns":2},{"damage":0,"enemies":"3 Louse","floor":14,"turns":1},{"damage":0,"enemies":"Slime Boss","floor":16,"turns":4},{"damage":0,"enemies":"Spheric Guardian","floor":18,"turns":1},{"damage":55,"enemies":"Book of Stabbing","floor":20,"turns":5},{"damage":2,"enemies":"3 Byrds","floor":21,"turns":2},{"damage":8,"enemies":"Snecko","floor":22,"turns":4},{"damage":0,"enemies":"Gremlin Leader","floor":23,"turns":4},{"damage":10,"enemies":"Chosen and Byrds","floor":24,"turns":2}],"seed_played":"-4388098555046818604","potions_obtained":[{"floor":4,"key":"CultistPotion"},{"floor":7,"key":"Fire Potion"},{"floor":11,"key":"CultistPotion"},{"floor":13,"key":"LiquidBronze"},{"floor":16,"key":"Poison Potion"},{"floor":22,"key":"Block Potion"}],"is_trial":false,"path_per_floor":["M","M","M","M","?","M","E","R","T","R","M","M","M","M","R","B",null,"M","$","E","M","M","E","M"],"character_chosen":"THE_SILENT","items_purchased":["Membership Card","Vajra","Violence","FlurryOfBlows","Indignation"],"campfire_rested":2,"item_purchase_floors":[19,19,19,19,19],"current_hp_per_floor":[60,52,52,38,38,20,20,41,41,62,62,62,49,49,49,49,70,70,70,15,13,5,5,0,0],"gold":262,"neow_bonus":"","is_daily":true,"chose_seed":false,"campfire_upgraded":1,"win_rate":0.0,"timestamp":1608775709,"path_taken":["M","M","M","M","?","?","E","R","T","R","M","?","M","M","R","BOSS","M","?","?","M","M","E","M"],"items_purchased_type":["Relic","Relic","Card","Card","Card"],"build_version":"2020-12-22","purchased_purges":0,"victory":false,"max_hp_per_floor":[70,70,70,70,70,70,70,70,70,70,70,70,70,70,70,70,70,70,70,70,70,70,70,70,70],"relic_stats":{"Blood Vial":2,"counters":[17,47],"MealTicket":0,"Black Star":2,"Boot":[27],"obtain_stats":[{"Potion Belt":23,"Blood Vial":23,"Matryoshka":9,"Vajra":19,"MealTicket":7,"Thread and Needle":20,"Black Star":17,"Membership Card":19,"Boot":20,"Ring of the Snake":0},{"Potion Belt":16,"Blood Vial":16,"Matryoshka":6,"Vajra":12,"MealTicket":6,"Thread and Needle":13,"Black Star":11,"Membership Card":12,"Boot":13,"Ring of the Snake":0},{"Potion Belt":45,"Blood Vial":45,"Matryoshka":16,"Vajra":30,"MealTicket":16,"Thread and Needle":35,"Black Star":29,"Membership Card":30,"Boot":35,"Ring of the Snake":0}],"Ring of the Snake":[35]},"card_choices":[{"not_picked":["CutThroughFate","Fasting2"],"picked":"Bane","floor":1},{"not_picked":["Dagger Throw","Evaluate"],"picked":"Consecrate","floor":2},{"not_picked":["CrushJoints","Flechettes"],"picked":"SashWhip","floor":3},{"not_picked":["Adaptation","FollowUp"],"picked":"Caltrops","floor":4},{"not_picked":["Bane","Study"],"picked":"Masterful Stab","floor":6},{"not_picked":["Endless Agony","JustLucky"],"picked":"Night Terror","floor":7},{"not_picked":["Caltrops","Blade Dance"],"picked":"JustLucky","floor":11},{"not_picked":["Cloak And Dagger","Infinite Blades"],"picked":"Backstab","floor":12},{"not_picked":["Flying Knee","Sucker Punch"],"picked":"DeusExMachina","floor":13},{"not_picked":["Acrobatics","CrushJoints"],"picked":"Wallop","floor":14},{"not_picked":["Venomology","Scrawl"],"picked":"Die Die Die","floor":16},{"not_picked":["Underhanded Strike","Pray+1"],"picked":"Prostrate","floor":18},{"not_picked":["MentalFortress","Bane"],"picked":"Reflex","floor":20},{"not_picked":["Prostrate","FlyingSleeves"],"picked":"JustLucky","floor":21},{"not_picked":["LessonLearned","Swivel"],"picked":"Dagger Throw+1","floor":22},{"not_picked":["Blade Dance+1","Pray"],"picked":"SandsOfTime","floor":23}],"player_experience":787061,"relics_obtained":[{"floor":7,"key":"MealTicket"},{"floor":9,"key":"Matryoshka"},{"floor":20,"key":"Boot"},{"floor":20,"key":"Thread and Needle"},{"floor":23,"key":"Potion Belt"},{"floor":23,"key":"Blood Vial"}],"event_choices":[{"damage_healed":0,"gold_gain":175,"player_choice":"AGREE","damage_taken":0,"max_hp_gain":0,"max_hp_loss":0,"event_name":"Liars Game","floor":5,"gold_loss":0,"cards_obtained":["Doubt"]}],"is_beta":false,"boss_relics":[{"not_picked":["Snecko Eye","Calling Bell"],"picked":"Black Star"}],"items_purged_floors":[],"is_endless":false,"potions_floor_spawned":[4,7,11,13,16,18,22],"killed_by":"Chosen and Byrds","ascension_level":0}}