{"host":"6999i8eg5ewbhdiq","time":1608823109,"event":{"mods":["AchievementEnabler","BaseMod","Colored Map","Colored Powertips","Highlight Path","Minty Spire (QoL Compilation)"],"gold_per_floor":[118,118,45,61,61,61,78,78,102,102,25,40,55,55,55,152,152,163,180,180,180,193,193,193,193],"floor_reached":24,"playtime":1092,"items_purged":[],"score":239,"play_id":"b6983e78-1b70-4f6c-a6c2-3392b93223eb","local_time":"20201224161829","is_ascension_mode":true,"campfire_choices":[{"floor":6.0,"key":"REST"},{"data":"Hello World","floor":10.0,"key":"SMITH"},{"floor":15,"key":"REST"},{"floor":23,"key":"REST"}],"circlet_count":0,"master_deck":["Defend_B","Defend_B","Defend_B","Defend_B","Zap","Dualcast","Heatsinks","Heatsinks","Hello World+1","Self Repair","Machine Learning","Darkness","Self Repair","Creative AI","Bite","Bite","Bite","Bite","Bite"],"relics":["Cracked Core","Dream Catcher","Lantern","Busted Crown"],"acts_visited":["Exordium","TheCity"],"potions_floor_usage":[12,13,16,19,24],"damage_taken":[{"damage":1.0,"enemies":"Cultist","floor":1.0,"turns":3.0},{"damage":16.0,"enemies":"Jaw Worm","floor":4.0,"turns":6.0},{"damage":7.0,"enemies":"2 Louse","floor":7.0,"turns":3.0},{"damage":20,"enemies":"Exordium Thugs","floor":12,"turns":6},{"damage":8,"enemies":"Blue Slaver","floor":13,"turns":5},{"damage":46,"enemies":"Hexaghost","floor":16,"turns":9},{"damage":26,"enemies":"Chosen","floor":18,"turns":6},{"damage":22,"enemies":"Shell Parasite","floor":19,"turns":6},{"damage":45,"enemies":"Chosen and Byrds","floor":22,"turns":5},{"damage":60,"enemies":"Slavers","floor":24,"turns":3}],"seed_played":"-259449378733292354","potions_obtained":[{"floor":1.0,"key":"BlessingOfTheForge"},{"floor":2.0,"key":"Weak Potion"},{"floor":2.0,"key":"BlessingOfTheForge"},{"floor":16,"key":"AttackPotion"},{"floor":18,"key":"SpeedPotion"},{"floor":22,"key":"BlessingOfTheForge"}],"is_trial":false,"path_per_floor":["M","?","$","M","$","R","M","T","T","R","$","M","M","?","R","B",null,"M","M","?","?","M","R","E"],"character_chosen":"DEFECT","items_purchased":["Hello World","Self Repair"],"campfire_rested":3,"item_purchase_floors":[3,11],"current_hp_per_floor":[74,74,74,58,58,75,68,68,68,68,68,55,54,54,75,29,75,63,55,52,44,27,44,0,0],"gold":193,"neow_bonus":"THREE_CARDS","is_daily":false,"chose_seed":false,"campfire_upgraded":1,"win_rate":0.0,"timestamp":1608823109,"path_taken":["M","?","$","M","?","R","M","?","T","R","$","M","?","?","R","BOSS","M","M","?","?","?","R","E"],"items_purchased_type":["Card","Card"],"build_version":"2020-12-22","purchased_purges":0,"victory":false,"max_hp_per_floor":[75,75,75,75,75,75,75,75,75,75,75,75,75,75,75,75,75,75,75,52,57,57,57,57,57],"card_choices":[{"not_picked":["Aggregate","Leap"],"picked":"Heatsinks","floor":0.0},{"not_picked":["Compile Driver","Sweeping Beam"],"picked":"Heatsinks","floor":1.0},{"not_picked":["Conserve Battery","Auto Shields","Redo"],"picked":"SKIP","floor":4.0},{"not_picked":["Genetic Algorithm","Doom and Gloom","Coolheaded"],"picked":"SKIP","floor":7.0},{"not_picked":["Gash","Stack"],"picked":"Machine Learning","floor":12},{"not_picked":["Consume","Beam Cell","Conserve Battery"],"picked":"SKIP","floor":13},{"not_picked":["Leap","Go for the Eyes"],"picked":"Self Repair","floor":15},{"not_picked":["Seek","Meteor Strike"],"picked":"Creative AI","floor":16},{"not_picked":["Glacier"],"picked":"SKIP","floor":18},{"not_picked":["Ball Lightning"],"picked":"SKIP","floor":19},{"not_picked":["Go for the Eyes"],"picked":"SKIP","floor":22}],"player_experience":108343,"relics_obtained":[{"floor":8.0,"key":"Dream Catcher"},{"floor":9.0,"key":"Lantern"}],"event_choices":[{"damage_healed":0.0,"max_hp_gain":0.0,"max_hp_loss":0.0,"gold_gain":0.0,"event_name":"Lab","player_choice":"Got Potions","floor":2.0,"gold_loss":0.0,"damage_taken":0.0},{"damage_healed":0,"gold_gain":0,"cards_transformed":["Strike_B"],"player_choice":"Transformed","damage_taken":0,"max_hp_gain":0,"max_hp_loss":0,"event_name":"Transmorgrifier","floor":14,"gold_loss":0,"cards_obtained":["Darkness"]},{"damage_healed":0,"gold_gain":0,"player_choice":"Became a vampire","damage_taken":0,"max_hp_gain":0,"max_hp_loss":23,"event_name":"Vampires","floor":20,"gold_loss":0,"cards_obtained":["Bite","Bite","Bite","Bite","Bite"]},{"damage_healed":0,"gold_gain":0,"player_choice":"Shed Blood","damage_taken":13,"max_hp_gain":5,"max_hp_loss":0,"event_name":"Forgotten Altar","floor":21,"gold_loss":0}],"is_beta":false,"boss_relics":[{"not_picked":["SacredBark","Snecko Eye"],"picked":"Busted Crown"}],"items_purged_floors":[],"is_endless":false,"potions_floor_spawned":[1,16,18,22],"killed_by":"Slavers","ascension_level":3}}