{"host":"p5aq29s28win9gfx","time":1608827829,"event":{"mods":["Ascension Reborn","BaseMod","BetterRewards","CapriCore","Custom Start","Duelist Mod","GifTheSpireLib","Infinite Spire","Minty Spire (QoL Compilation)","Replay The Spire","Shop Mod","Spicy Shops","StSLib","Stuff the Spire","The Animator","The Bug Knight","The Cursed","The Death Knight","The Immortal"],"gold_per_floor":[111,111,34,47,47,75,91,102,102,50,225,225,236,250,250,250,250],"floor_reached":16,"playtime":1200,"items_purged":[],"score":277,"play_id":"8077e4d1-22c3-415e-bbef-af37c30b63c7","local_time":"20201224173709","is_ascension_mode":true,"campfire_choices":[{"floor":15,"key":"REST"},{"floor":15,"key":"RECALL"}],"circlet_count":0,"master_deck":["TheCursedMod:Strike_TheCursed+1","TheCursedMod:Strike_TheCursed+1","TheCursedMod:Strike_TheCursed+1","TheCursedMod:Strike_TheCursed+1","TheCursedMod:Defend_TheCursed","TheCursedMod:Defend_TheCursed","TheCursedMod:Defend_TheCursed","TheCursedMod:Defend_TheCursed","TheCursedMod:CursedWand","TheCursedMod:CleanUpWorkshop","TheCursedMod:Dregs","Clumsy","MokouMod:ScorchedEarth","Sickly","Doubt","Parasite","TheCursedMod:RapidMovement","TheCursedMod:SpreadPlague"],"relics":["TheCursedMod:BlackMagic101","Darkstone Periapt","Replay:Bottled Eggs","infinitespire:WardingShard","MerchantsRug","Ginger","ReplayTheSpireMod:Ring of Addiction","Chameleon Ring","White Beast Statue","Ring of Fury","StuffTheSpire:NeowsTribute","infinitespire:Magic Flask"],"acts_visited":["Exordium"],"potions_floor_usage":[],"damage_taken":[{"damage":0,"enemies":"2 Louse","floor":1,"turns":3},{"damage":2,"enemies":"Jaw Worm","floor":4,"turns":4},{"damage":33,"enemies":"Lagavulin","floor":6,"turns":8},{"damage":0,"enemies":"Small Slimes","floor":7,"turns":2},{"damage":2,"enemies":"Looter","floor":8,"turns":2},{"damage":7,"enemies":"Blue Slaver","floor":13,"turns":3},{"damage":0,"enemies":"3 Louse","floor":14,"turns":3},{"damage":71,"enemies":"Hexaghost","floor":16,"turns":14}],"seed_played":"4585204055925343405","potions_obtained":[{"floor":1,"key":"Languid Potion"},{"floor":5,"key":"SmokeBomb"}],"is_trial":false,"path_per_floor":["M","?","$","M","?","E","M","M","T","$","?","?","M","M","R","B"],"character_chosen":"THE_CURSED","items_purchased":["Darkstone Periapt","Replay:Bottled Eggs","infinitespire:WardingShard","PrismaticShard","MerchantsRug","Ginger","infinitespire:Magic Flask"],"campfire_rested":1,"item_purchase_floors":[0,0,0,0,0,3,10],"current_hp_per_floor":[46,46,46,44,50,17,17,15,15,15,21,49,42,42,69,0,0],"gold":250,"neow_bonus":"","is_daily":false,"chose_seed":false,"campfire_upgraded":0,"win_rate":0.0,"timestamp":1608827829,"path_taken":["M","?","$","M","?","E","M","M","T","$","?","?","M","M","R","BOSS"],"items_purchased_type":["Relic","Relic","Relic","Relic","Relic","Relic","Relic"],"build_version":"2020-12-22","purchased_purges":0,"victory":false,"max_hp_per_floor":[81,81,81,81,87,87,87,87,85,85,91,95,95,95,93,93,93],"card_choices":[{"not_picked":["theDuelist:ToonSummonedSkull","Streamline"],"picked":"MokouMod:ScorchedEarth","floor":1},{"not_picked":["animator:Mikaela","theDuelist:EmpressMantis","animator:ZankiKiguchi"],"picked":"SKIP","floor":4},{"not_picked":["theDuelist:VendreadChimera","MokouMod:TemporalFireSeal","theDuelist:DreadnoughtDreadnoid"],"picked":"SKIP","floor":6},{"not_picked":["theDuelist:HardSellinZombie","theDuelist:TorrentialReborn","theDuelist:SilverDragon"],"picked":"SKIP","floor":7},{"not_picked":["theDuelist:JudgeMan","theDuelist:BattleFootballer","theDuelist:RelinquishedSpider"],"picked":"SKIP","floor":8},{"not_picked":["TheCursedMod:TacticalStrike","TheCursedMod:SurpriseAttack"],"picked":"TheCursedMod:RapidMovement","floor":13},{"not_picked":["TheCursedMod:CursedStaff","TheCursedMod:VitalStrike"],"picked":"TheCursedMod:SpreadPlague","floor":14}],"player_experience":193327,"relics_obtained":[{"floor":5,"key":"ReplayTheSpireMod:Ring of Addiction"},{"floor":5,"key":"Chameleon Ring"},{"floor":5,"key":"White Beast Statue"},{"floor":5,"key":"Ring of Fury"},{"floor":6,"key":"StuffTheSpire:NeowsTribute"}],"event_choices":[{"damage_healed":0,"gold_gain":0,"player_choice":"Leave","damage_taken":0,"max_hp_gain":0,"max_hp_loss":0,"event_name":"The Cleric","floor":2,"gold_loss":0},{"damage_healed":0,"gold_gain":175,"player_choice":"AGREE","damage_taken":0,"max_hp_gain":0,"max_hp_loss":0,"event_name":"Liars Game","floor":11,"gold_loss":0,"cards_obtained":["Doubt"]},{"damage_healed":22,"gold_gain":0,"player_choice":"Healed and dodged fight","damage_taken":0,"max_hp_gain":0,"max_hp_loss":0,"event_name":"Mushrooms","floor":12,"gold_loss":0,"cards_obtained":["Parasite"]}],"is_beta":false,"boss_relics":[],"items_purged_floors":[],"is_endless":false,"potions_floor_spawned":[1,6,7,8,13,14],"killed_by":"Hexaghost","ascension_level":0}}