{"host":"w5c60nchricmn3zb","time":1608787972,"event":{"mods":["BaseMod","Conspire","Downfall","Duelist Mod","Infinite Spire","Minty Spire (QoL Compilation)","Permanent Neow","Random Character Button","Relic Sorter","Replay The Spire","StSLib","The Bug Knight","The Cursed","The Disciple","The Jungle","The Mystic","The Runesmith","The Wild Card"],"gold_per_floor":[112,112,112,112,128,156,156,167,167,67,67,67],"floor_reached":11,"playtime":351,"items_purged":[],"score":71,"play_id":"34c86c76-7958-44cd-9f40-9df4b61184ca","local_time":"20201224003252","is_ascension_mode":false,"campfire_choices":[],"circlet_count":0,"master_deck":["HollowMod:NailStrikeStart","HollowMod:NailStrikeStart","HollowMod:NailStrikeStart","HollowMod:NailStrikeStart","HollowMod:FocusHealStart","HollowMod:PogoStrike","HollowMod:MantisMark","HollowMod:MantisMark+1","Ghostly"],"relics":["HollowMod:VesselMask","Ring of Searing","infinitespire:Golems Mask","Runesmith:Locket"],"acts_visited":["Exordium"],"potions_floor_usage":[6],"damage_taken":[{"damage":18,"enemies":"Jaw Worm","floor":1,"turns":3},{"damage":14,"enemies":"conspire:RoseBush","floor":5,"turns":2},{"damage":18,"enemies":"3 Sentries","floor":6,"turns":3},{"damage":7,"enemies":"Small Slimes","floor":8,"turns":2},{"damage":8,"enemies":"Gremlin Nob","floor":11,"turns":2}],"seed_played":"-4756574915783955004","potions_obtained":[{"floor":1,"key":"Slimebound:ThreeZeroPotion"},{"floor":6,"key":"ColorlessPotion"}],"is_trial":false,"path_per_floor":["M","?","?","?","M","E","?","M","T","?","E"],"character_chosen":"THE_BUGKNIGHT","items_purchased":[],"campfire_rested":0,"item_purchase_floors":[],"current_hp_per_floor":[42,35,35,35,27,9,9,2,2,2,0,0],"gold":67,"neow_bonus":"REMOVE_TWO","is_daily":false,"chose_seed":false,"campfire_upgraded":0,"win_rate":0.0,"timestamp":1608787972,"path_taken":["M","?","?","?","M","E","?","M","T","?","E"],"items_purchased_type":[],"build_version":"2020-12-22","purchased_purges":0,"victory":false,"max_hp_per_floor":[75,75,75,75,75,75,75,75,75,75,75,75],"card_choices":[{"not_picked":["HollowMod:CornifersMapStart","HollowMod:BaldurShell","HollowMod:GoodIntentions"],"picked":"SKIP","floor":1},{"not_picked":["HollowMod:ChannelNail","HollowMod:FastStrike"],"picked":"HollowMod:MantisMark","floor":5},{"not_picked":["HollowMod:DungDefenderAura","HollowMod:DoubleDash"],"picked":"HollowMod:MantisMark","floor":6},{"not_picked":["HollowMod:PureNailStrike","HollowMod:InfectedAttack","HollowMod:DoubleDash"],"picked":"SKIP","floor":8}],"player_experience":157624,"relics_obtained":[{"floor":3,"key":"Ring of Searing"},{"floor":6,"key":"infinitespire:Golems Mask"},{"floor":9,"key":"Runesmith:Locket"}],"event_choices":[{"cards_removed":["HollowMod:QuickDashStart"],"damage_healed":0,"gold_gain":0,"player_choice":"Card Removal","damage_taken":7,"max_hp_gain":0,"max_hp_loss":0,"event_name":"Golden Wing","floor":2,"gold_loss":0},{"cards_removed":["HollowMod:QuickDashStart"],"damage_healed":0,"gold_gain":0,"player_choice":"Forget","damage_taken":0,"max_hp_gain":0,"max_hp_loss":0,"event_name":"Living Wall","floor":4,"gold_loss":0},{"damage_healed":0,"gold_gain":0,"player_choice":"Argue","damage_taken":0,"max_hp_gain":0,"max_hp_loss":0,"event_name":"conspire:LoneGhost","floor":10,"gold_loss":0}],"is_beta":false,"boss_relics":[],"items_purged_floors":[],"is_endless":false,"potions_floor_spawned":[1,6],"killed_by":"Gremlin Nob","ascension_level":0}}