{"host":"sav7uxregyirlf69","time":1608787377,"event":{"mods":["AchievementEnabler","BaseMod","Colored Map","DeckTracker","Keyboard Shortcuts","Minty Spire (QoL Compilation)","READ ME - Guardian Mod","StSLib","SuperFastMode"],"gold_per_floor":[109,124,199,199,199,230,242,242,242,258,20,46,46,7,7,82,82,97,97,97,97,97,127,127,157,157,157,173,193,219,233,233,311,311,325,342,342,361,372,407,407,442,496,108,121,137,137,157,157,157,157,157,157,32,67,67],"floor_reached":57,"playtime":1653,"items_purged":["Strike_G","Choke","Parasite"],"score":3110,"play_id":"cc3b976a-2736-42f0-acdd-9e789f0121aa","local_time":"20201224142257","is_ascension_mode":true,"campfire_choices":[{"data":"Neutralize","floor":8,"key":"SMITH"},{"data":"Blade Dance","floor":15,"key":"SMITH"},{"floor":24,"key":"REST"},{"data":"Footwork","floor":32,"key":"SMITH"},{"data":"Reflex","floor":41,"key":"SMITH"},{"data":"Terror","floor":47,"key":"SMITH"},{"floor":49,"key":"RECALL"},{"data":"Reflex","floor":53,"key":"SMITH"}],"circlet_count":0,"master_deck":["AscendersBane","Survivor","Neutralize+1","Blade Dance+1","Adrenaline","Dagger Throw+1","Backflip","Backstab","Reflex+1","Footwork","Dash","Corpse Explosion","Die Die Die+1","Reflex+1","PiercingWail","Ghostly","Ghostly","Ghostly","Slice","Deflect","Acrobatics+1","Blade Dance","Footwork+1","Wraith Form v2+1","Finisher+1","Concentrate+1","Terror+1","Cloak And Dagger","Calculated Gamble","Tactician+1","Acrobatics+1","Malaise","PiercingWail"],"relics":["Ring of the Snake","NeowsBlessing","Pear","Paper Crane","Shuriken","Mummified Hand","Pandora\u0027s Box","Whetstone","Bird Faced Urn","Ornamental Fan","Incense Burner","Sozu","Happy Flower","Snake Skull","Orrery","Bottled Lightning"],"acts_visited":["Exordium","TheCity","TheBeyond","TheEnding"],"potions_floor_usage":[12,16,16,23,31,38],"damage_taken":[{"damage":0,"enemies":"Cultist","floor":1,"turns":1},{"damage":0,"enemies":"2 Louse","floor":2,"turns":1},{"damage":0,"enemies":"Gremlin Nob","floor":6,"turns":1},{"damage":2,"enemies":"Jaw Worm","floor":7,"turns":4},{"damage":2,"enemies":"Blue Slaver","floor":10,"turns":4},{"damage":5,"enemies":"3 Sentries","floor":12,"turns":7},{"damage":0,"enemies":"Slime Boss","floor":16,"turns":5},{"damage":7,"enemies":"Chosen","floor":18,"turns":3},{"damage":22,"enemies":"Book of Stabbing","floor":23,"turns":6},{"damage":2,"enemies":"Slavers","floor":25,"turns":4},{"damage":0,"enemies":"Shell Parasite","floor":28,"turns":3},{"damage":0,"enemies":"Sentry and Sphere","floor":29,"turns":4},{"damage":5,"enemies":"Book of Stabbing","floor":30,"turns":5},{"damage":16,"enemies":"Snake Plant","floor":31,"turns":4},{"damage":0,"enemies":"Champ","floor":33,"turns":9},{"damage":2,"enemies":"Orb Walker","floor":35,"turns":3},{"damage":2,"enemies":"3 Shapes","floor":36,"turns":2},{"damage":0,"enemies":"Sphere and 2 Shapes","floor":38,"turns":3},{"damage":0,"enemies":"Maw","floor":39,"turns":6},{"damage":0,"enemies":"Reptomancer","floor":40,"turns":9},{"damage":27,"enemies":"Nemesis","floor":42,"turns":9},{"damage":2,"enemies":"Spire Growth","floor":45,"turns":3},{"damage":0,"enemies":"Writhing Mass","floor":46,"turns":4},{"damage":0,"enemies":"Sphere and 2 Shapes","floor":48,"turns":2},{"damage":25,"enemies":"Donu and Deca","floor":50,"turns":7},{"damage":4,"enemies":"Awakened One","floor":51,"turns":11},{"damage":13,"enemies":"Shield and Spear","floor":55,"turns":5},{"damage":26,"enemies":"The Heart","floor":56,"turns":10}],"seed_played":"2984940714603071818","potions_obtained":[{"floor":2,"key":"DistilledChaos"},{"floor":6,"key":"FearPotion"},{"floor":12,"key":"PowerPotion"},{"floor":16,"key":"Weak Potion"},{"floor":23,"key":"BlessingOfTheForge"},{"floor":28,"key":"CunningPotion"},{"floor":33,"key":"GhostInAJar"}],"is_trial":false,"path_per_floor":["M","M","?","?","T","E","M","R","T","M","$","E","?","$","R","B",null,"M","?","?","?","?","E","R","E","T","?","M","M","E","M","R","B",null,"M","M","?","M","M","E","R","E","T","$","M","M","R","M","R","B","B",null,"R","$","E","B",null],"character_chosen":"THE_SILENT","items_purchased":["Backstab","Reflex","Footwork","Cloak And Dagger","Calculated Gamble","Orrery"],"campfire_rested":1,"item_purchase_floors":[11,11,14,44,44,44],"current_hp_per_floor":[59,59,48,53,63,63,61,61,61,59,59,54,54,54,54,54,74,67,67,40,40,31,9,22,20,20,55,55,55,50,36,36,40,51,53,51,51,53,55,55,55,28,28,28,28,32,32,36,36,15,17,46,46,46,37,17],"gold":67,"neow_bonus":"THREE_ENEMY_KILL","is_daily":false,"chose_seed":false,"campfire_upgraded":6,"win_rate":0.0,"timestamp":1608787377,"path_taken":["M","M","?","?","?","E","?","R","T","M","$","E","?","$","R","BOSS","M","?","?","?","?","E","R","E","T","?","M","?","E","M","R","BOSS","M","M","?","M","M","E","R","E","T","$","M","M","R","?","R","BOSS","BOSS","R","$","E","BOSS"],"items_purchased_type":["Card","Card","Card","Card","Card","Relic"],"build_version":"2020-12-22","purchased_purges":3,"victory":true,"max_hp_per_floor":[66,66,66,71,81,81,81,81,81,81,81,81,81,81,81,81,81,81,81,40,40,45,45,45,45,45,55,55,55,55,55,55,55,55,55,55,55,55,55,55,55,55,55,55,55,55,55,55,55,55,55,55,55,52,52,52],"card_choices":[{"not_picked":["Bane","Catalyst"],"picked":"Blade Dance","floor":1},{"not_picked":["Slice","Outmaneuver","Deadly Poison"],"picked":"SKIP","floor":2},{"not_picked":["Backflip","Prepared"],"picked":"Adrenaline","floor":6},{"not_picked":["Setup","Eviscerate"],"picked":"Dagger Throw","floor":7},{"not_picked":["Choke","Quick Slash"],"picked":"Backflip","floor":10},{"not_picked":["Bane","Deflect","Deadly Poison"],"picked":"SKIP","floor":12},{"not_picked":["Riddle With Holes","Deadly Poison","Sucker Punch"],"picked":"SKIP","floor":18},{"not_picked":["Slice","Backstab+1"],"picked":"Acrobatics+1","floor":23},{"not_picked":["Masterful Stab","Dash"],"picked":"Blade Dance","floor":25},{"not_picked":["Slice","Underhanded Strike","Bane"],"picked":"SKIP","floor":28},{"not_picked":["Quick Slash","Poisoned Stab+1","Blade Dance"],"picked":"SKIP","floor":29},{"not_picked":["Slice","Backstab","Backflip"],"picked":"SKIP","floor":30},{"not_picked":["Slice","Backstab","Backflip"],"picked":"SKIP","floor":30},{"not_picked":["Catalyst","Dash"],"picked":"Footwork","floor":31},{"not_picked":["Tools of the Trade","Envenom"],"picked":"Wraith Form v2","floor":33},{"not_picked":["Catalyst","Blade Dance"],"picked":"Finisher+1","floor":35},{"not_picked":["Dash","Heel Hook+1","Deadly Poison+1"],"picked":"SKIP","floor":36},{"not_picked":["Flying Knee","Expertise","Setup"],"picked":"SKIP","floor":38},{"not_picked":["Flechettes","Flying Knee+1","Endless Agony+1"],"picked":"SKIP","floor":39},{"not_picked":["Endless Agony","Acrobatics"],"picked":"Concentrate+1","floor":40},{"not_picked":["Underhanded Strike","Blade Dance"],"picked":"Terror","floor":42},{"not_picked":["Deflect","Underhanded Strike"],"picked":"Tactician+1","floor":44},{"not_picked":["Grand Finale","Deflect"],"picked":"Acrobatics+1","floor":44},{"not_picked":["Sucker Punch+1","Acrobatics"],"picked":"Malaise","floor":45},{"not_picked":["Dagger Spray","Outmaneuver","Cloak And Dagger"],"picked":"SKIP","floor":46},{"not_picked":["Dagger Throw","Bane","Skewer"],"picked":"SKIP","floor":48},{"not_picked":["Caltrops","Dash"],"picked":"PiercingWail","floor":55}],"player_experience":998864,"relics_obtained":[{"floor":5,"key":"Pear"},{"floor":6,"key":"Paper Crane"},{"floor":9,"key":"Shuriken"},{"floor":12,"key":"Mummified Hand"},{"floor":23,"key":"Whetstone"},{"floor":25,"key":"Bird Faced Urn"},{"floor":26,"key":"Ornamental Fan"},{"floor":30,"key":"Incense Burner"},{"floor":40,"key":"Happy Flower"},{"floor":42,"key":"Snake Skull"},{"floor":55,"key":"Bottled Lightning"}],"event_choices":[{"damage_healed":0,"gold_gain":75,"player_choice":"Gather Gold","damage_taken":11,"max_hp_gain":0,"max_hp_loss":0,"event_name":"World of Goop","floor":3,"gold_loss":0},{"damage_healed":0,"gold_gain":0,"player_choice":"Donut","damage_taken":0,"max_hp_gain":5,"max_hp_loss":0,"event_name":"Big Fish","floor":4,"gold_loss":0},{"damage_healed":0,"gold_gain":0,"player_choice":"Got Potions","damage_taken":0,"max_hp_gain":0,"max_hp_loss":0,"event_name":"Lab","floor":13,"gold_loss":0},{"damage_healed":0,"gold_gain":0,"player_choice":"Ignored","damage_taken":0,"max_hp_gain":0,"max_hp_loss":0,"event_name":"Vampires","floor":19,"gold_loss":0},{"damage_healed":0,"gold_gain":0,"player_choice":"Became a Ghost","damage_taken":0,"max_hp_gain":0,"max_hp_loss":41,"event_name":"Ghosts","floor":20,"gold_loss":0,"cards_obtained":["Ghostly","Ghostly","Ghostly"]},{"damage_healed":0,"gold_gain":0,"cards_transformed":["Flying Knee","Predator"],"player_choice":"Became Test Subject","damage_taken":0,"max_hp_gain":0,"max_hp_loss":0,"event_name":"Drug Dealer","floor":21,"gold_loss":0,"cards_obtained":["Slice","Deflect"]},{"damage_healed":0,"gold_gain":0,"player_choice":"Shed Blood","damage_taken":14,"max_hp_gain":5,"max_hp_loss":0,"event_name":"Forgotten Altar","floor":22,"gold_loss":0},{"cards_removed":["A Thousand Cuts"],"damage_healed":25,"gold_gain":0,"player_choice":"Offered Rare","damage_taken":0,"max_hp_gain":10,"max_hp_loss":0,"event_name":"Bonfire Elementals","floor":27,"gold_loss":0},{"damage_healed":0,"gold_gain":0,"player_choice":"Upgraded","damage_taken":0,"max_hp_gain":0,"max_hp_loss":0,"event_name":"Upgrade Shrine","floor":37,"gold_loss":0,"cards_upgraded":["Wraith Form v2"]}],"is_beta":false,"boss_relics":[{"not_picked":["Ring of the Serpent","Tiny House"],"picked":"Pandora\u0027s Box"},{"not_picked":["Velvet Choker","Fusion Hammer"],"picked":"Sozu"}],"items_purged_floors":[11,44,54],"is_endless":false,"potions_floor_spawned":[2,6,12,16,23,28,33,38,42,45,46],"ascension_level":20}}