{"host":"5qewjvycy34u7aeo","time":1608771142,"event":{"mods":["Act Like it!","Aspiration","BaseMod","Conspire","Downfall","GifTheSpireLib","Hubris","Infinite Spire","Minty Spire (QoL Compilation)","Permanent Neow","Replay The Spire","Shop Mod","StSLib","Stuff the Spire"],"gold_per_floor":[99,110,110,128,128,53,121,131,131,141,66,79,79,113,130,230,230,155,174,185,285,353,370,370,620,633,698,698,711,745,763,777,777,777,777],"floor_reached":33,"playtime":2563,"items_purged":[],"score":350,"play_id":"607db10d-61b4-4394-a2c3-e8f21d29ad39","local_time":"20201223165222","is_ascension_mode":false,"campfire_choices":[{"floor":1,"key":"RECALL"},{"data":"hexamod:GhostflameBarrier","floor":6,"key":"SMITH"},{"data":"hexamod:ThermalTransfer","floor":11,"key":"SMITH"},{"data":"ReplayTheSpireMod:Black Plague","floor":13,"key":"SMITH"},{"data":"hexamod:ThermalTransfer","floor":18,"key":"SMITH"},{"data":"hexamod:ThermalTransfer","floor":28,"key":"SMITH"}],"circlet_count":0,"master_deck":["hexamod:Strike","hexamod:Strike","hexamod:Strike","hexamod:Defend","hexamod:Defend","hexamod:Sear","hexamod:WildfireWeapon","hexamod:ThermalTransfer+1","Backflip","Dodge and Roll","Deadly Poison","hexamod:GhostflameBarrier+1","hexamod:ThermalTransfer+1","ReplayTheSpireMod:Black Plague+1","hexamod:BurningTouch","hexamod:ShieldOfDarkness","hexamod:BurningTouch","hexamod:TimeOfNeed","hexamod:ThermalTransfer+1","hexamod:ThirdSeal","hexamod:HeatShield+1","hexamod:EmpoweringStance","hexamod:BurningTouch","hexamod:ThermalTransfer","hexamod:ChargedBarrage","hexamod:BurningTouch+1","hexamod:NightmareGuise"],"relics":["hexamod:SpiritBrand","downfall:HeartBlessingRed","downfall:HeartBlessingBlue","Replay:Accelerometer","conspire:RoyalGoblet","downfall:HeartBlessingGreen","downfall:CloakOfManyFaces","CultistMask","FaceOfCleric","NlothsMask","GremlinMask","SsserpentHead","infinitespire:BottledMercury"],"acts_visited":["Exordium","TheCity"],"potions_floor_usage":[10,27],"damage_taken":[{"damage":12,"enemies":"Cultist","floor":2,"turns":6},{"damage":1,"enemies":"Small Slimes","floor":4,"turns":4},{"damage":3,"enemies":"2 Louse","floor":8,"turns":3},{"damage":0,"enemies":"Gremlin Gang","floor":10,"turns":5},{"damage":2,"enemies":"Large Slime","floor":12,"turns":6},{"damage":7,"enemies":"3 Sentries","floor":14,"turns":10},{"damage":0,"enemies":"2 Fungi Beasts","floor":15,"turns":4},{"damage":1,"enemies":"downfall:Watcher","floor":16,"turns":7},{"damage":0,"enemies":"Chosen","floor":19,"turns":3},{"damage":2,"enemies":"conspire:HollyBat","floor":20,"turns":8},{"damage":3,"enemies":"downfall:FaceTrader","floor":21,"turns":7},{"damage":7,"enemies":"Snake Plant","floor":22,"turns":4},{"damage":10,"enemies":"Snecko","floor":23,"turns":5},{"damage":0,"enemies":"conspire:HollyBat","floor":26,"turns":7},{"damage":27,"enemies":"Cultist and Chosen","floor":27,"turns":8},{"damage":0,"enemies":"Centurion and Healer","floor":29,"turns":6},{"damage":17,"enemies":"Replay:Snechameleon","floor":30,"turns":6},{"damage":9,"enemies":"Sentry and Sphere","floor":31,"turns":7},{"damage":0,"enemies":"Chosen and Byrds","floor":32,"turns":5},{"damage":22,"enemies":"downfall:Defect","floor":33,"turns":9}],"seed_played":"3832943848781085650","potions_obtained":[{"floor":2,"key":"Explosive Potion"},{"floor":14,"key":"hexamod:DoubleChargePotion"},{"floor":15,"key":"Explosive Potion"},{"floor":20,"key":"Milkshake"},{"floor":26,"key":"Fire Potion"},{"floor":31,"key":"Dexterity Potion"},{"floor":32,"key":"BlessingOfTheForge"}],"is_trial":false,"path_per_floor":["R","M","?","M","?","R","T","M","?","M","R","M","R","E","M","B",null,"R","M","M","?","M","M","T","?","M","M","R","M","E","M","M","B"],"character_chosen":"THE_SPIRIT","items_purchased":[],"campfire_rested":0,"item_purchase_floors":[],"current_hp_per_floor":[70,58,58,57,57,57,57,54,36,36,46,44,44,37,37,36,80,80,80,78,75,69,60,60,60,61,35,35,36,20,12,13,0,0,0],"gold":777,"neow_bonus":"ONE_RANDOM_RARE_CARD","is_daily":false,"chose_seed":false,"campfire_upgraded":5,"win_rate":0.0,"timestamp":1608771142,"path_taken":["R","M","?","M","?","R","T","M","?","M","R","M","R","E","M","BOSS","R","M","M","?","?","M","T","?","M","?","R","M","E","M","M","BOSS"],"items_purchased_type":[],"build_version":"2020-12-22","purchased_purges":0,"victory":false,"max_hp_per_floor":[70,70,70,70,70,70,70,70,70,70,80,80,80,80,80,80,80,80,80,80,80,81,82,82,82,83,84,84,85,86,87,88,88,88,88],"card_choices":[{"not_picked":["hexamod:BurningTouch","hexamod:FastForward"],"picked":"hexamod:ThermalTransfer","floor":2},{"not_picked":["hexamod:GhostLash","hexamod:Haunt"],"picked":"hexamod:GhostflameBarrier","floor":4},{"not_picked":["hexamod:SpectersWail","hexamod:SwordOfDarkness"],"picked":"hexamod:ThermalTransfer","floor":8},{"not_picked":["ReplayTheSpireMod:Chaos Vortex","infinitespire:FinalStrike"],"picked":"ReplayTheSpireMod:Black Plague","floor":9},{"not_picked":["hexamod:GhostLash","hexamod:NightmareStrike"],"picked":"hexamod:BurningTouch","floor":10},{"not_picked":["hexamod:Rewind","hexamod:CrushingStance","hexamod:GhostShield"],"picked":"SKIP","floor":12},{"not_picked":["hexamod:AdvancingGuard","hexamod:BurningTouch"],"picked":"hexamod:ShieldOfDarkness","floor":14},{"not_picked":["hexamod:GhostflameBarrier","hexamod:BurningTouch","hexamod:BacktrackSmack"],"picked":"SKIP","floor":15},{"not_picked":["hexamod:GhostflameBarrier","hexamod:BacktrackSmack"],"picked":"hexamod:BurningTouch","floor":15},{"not_picked":["hexamod:TimeWarp","hexamod:TurnItUp"],"picked":"hexamod:TimeOfNeed","floor":16},{"not_picked":["hexamod:Again","hexamod:RetreatToShadows+1","hexamod:GhostLash"],"picked":"SKIP","floor":19},{"not_picked":["hexamod:NecessarySacrifice+1","hexamod:InspiringFlames"],"picked":"hexamod:ThermalTransfer","floor":20},{"not_picked":["hexamod:NecessarySacrifice+1","hexamod:DynamicBlow"],"picked":"hexamod:ThirdSeal","floor":21},{"not_picked":["hexamod:NightmareGuise","hexamod:GhostShield","hexamod:SpectersWail"],"picked":"SKIP","floor":22},{"not_picked":["hexamod:GhostShield+1","hexamod:GhostflameBarrier"],"picked":"hexamod:HeatShield+1","floor":23},{"not_picked":["hexamod:NightmareStrike+1","hexamod:CatchUp","hexamod:SkipABeat"],"picked":"SKIP","floor":23},{"not_picked":["hexamod:NightmareStrike","hexamod:BacktrackSmack+1"],"picked":"hexamod:EmpoweringStance","floor":26},{"not_picked":["hexamod:RainOfEmbers+1","hexamod:RecurringNightmare"],"picked":"hexamod:BurningTouch","floor":26},{"not_picked":["hexamod:DynamicBlow","hexamod:Rewind","hexamod:Hexaguard"],"picked":"SKIP","floor":27},{"not_picked":["hexamod:Firestarter","hexamod:GhostLash","hexamod:BacktrackSmack"],"picked":"SKIP","floor":27},{"not_picked":["hexamod:RainOfEmbers+1","hexamod:UnleashSpirits"],"picked":"hexamod:ThermalTransfer","floor":29},{"not_picked":["hexamod:SwordOfDarkness","hexamod:Firestarter","hexamod:HauntingEcho"],"picked":"SKIP","floor":29},{"not_picked":["hexamod:CatchUp","hexamod:SpectralAdrenaline+1"],"picked":"hexamod:ChargedBarrage","floor":30},{"not_picked":["hexamod:GhostShield","hexamod:Hexaguard"],"picked":"hexamod:BurningTouch+1","floor":30},{"not_picked":["hexamod:BurningTouch","hexamod:Firestarter"],"picked":"hexamod:NightmareGuise","floor":31},{"not_picked":["hexamod:NightmareStrike+1","hexamod:SkipABeat","hexamod:Rewind"],"picked":"SKIP","floor":31},{"not_picked":["hexamod:RainOfEmbers","hexamod:NightmareStrike","hexamod:ParanormalForm"],"picked":"SKIP","floor":32},{"not_picked":["hexamod:RetreatToShadows+1","hexamod:AdvancingGuard","hexamod:GhostLash"],"picked":"SKIP","floor":32}],"player_experience":403720,"relics_obtained":[{"floor":14,"key":"Replay:Accelerometer"},{"floor":21,"key":"downfall:CloakOfManyFaces"},{"floor":30,"key":"infinitespire:BottledMercury"}],"event_choices":[{"cards_removed":["hexamod:Strike"],"damage_healed":0,"gold_gain":0,"player_choice":"Card Removal","damage_taken":0,"max_hp_gain":0,"max_hp_loss":0,"event_name":"The Cleric","floor":5,"gold_loss":0}],"is_beta":false,"boss_relics":[{"not_picked":["hubris:HollowSoul","Honey Jar"],"picked":"conspire:RoyalGoblet"}],"items_purged_floors":[],"is_endless":false,"potions_floor_spawned":[2,14,15,20,23,26,31,32],"killed_by":"downfall:Defect","ascension_level":0}}