{"host":"17j25xn3vk5d1e3v","time":1608769888,"event":{"mods":["AchievementEnabler","Act Like it!","BaseMod","GifTheSpireLib","Hermit","HexUI Lib","Hubris","Minty Spire (QoL Compilation)","Replay The Spire","StSLib"],"gold_per_floor":[110,110,110,131,131,131,171,171,171,192,232,232,275,291,291,417,417,433,433,433,451,64,97,97,120,197,230,230,249,267,267,267,390,390,405,428,179,179,203,238,257,257,280,295,295,331,92,110,110,110],"floor_reached":51,"playtime":3116,"items_purged":["hermit:Strike_Hermit","hermit:Strike_Hermit"],"score":1015,"play_id":"0ece7c47-3279-4184-99d2-6a0a1e0de692","local_time":"20201224013128","is_ascension_mode":false,"campfire_choices":[{"data":"Survey Options","floor":6,"key":"SMITH"},{"data":"hermit:Manifest","floor":8,"key":"SMITH"},{"data":"hermit:ShadowCloak","floor":15,"key":"SMITH"},{"floor":24,"key":"REST"},{"floor":45,"key":"REST"}],"circlet_count":0,"master_deck":["hermit:Defend_Hermit","hermit:Defend_Hermit","hermit:Defend_Hermit","hermit:Defend_Hermit","hermit:Snapshot","hermit:Covet","Survey Options+1","hermit:Headshot","hermit:Misfire","Languid","hermit:Manifest+1","hermit:HighCaliber","hermit:Manifest+1","hermit:Quickdraw","hermit:ShadowCloak+1","hermit:Magnum+1","hermit:Shortfuse+1","hermit:TakeCover+1","Apotheosis+1","hermit:FinalCanter","hermit:BlackWind","hermit:Headshot","hermit:NoHoldsBarred+1","hermit:Determination","hermit:Deadeye","hermit:CursedWeapon","hermit:FatalDesire+1","hermit:SprayPray+1","hermit:EternalForm","hermit:ItchyTrigger","hermit:CalledShot"],"relics":["hermit:Momento","Golden Idol","ReplayTheSpireMod:Ring of Challenge","Ring of Misfortune","Bottled Lightning","HornCleat","Toxic Egg 2","hubris:Towel","Replay:WaspNest","hermit:BartenderGlass","Torii","Matryoshka","hubris:SlimyHat","Oddly Smooth Stone","Bronze Scales","ReplayTheSpireMod:TigerMarble","Regal Pillow","Mummified Hand"],"acts_visited":["Exordium","TheCity","TheBeyond"],"potions_floor_usage":[23,23,27,27,29,29,30,30,35,36,36,40,40,44,46,46,46,48,50,50,50,50,50],"damage_taken":[{"damage":0,"enemies":"2 Louse","floor":1,"turns":3},{"damage":11,"enemies":"Jaw Worm","floor":4,"turns":4},{"damage":0,"enemies":"Gremlin Nob","floor":7,"turns":3},{"damage":0,"enemies":"Cultist","floor":10,"turns":3},{"damage":0,"enemies":"3 Sentries","floor":11,"turns":9},{"damage":5,"enemies":"Gremlin Nob","floor":13,"turns":5},{"damage":0,"enemies":"Large Slime","floor":14,"turns":4},{"damage":13,"enemies":"Slime Boss","floor":16,"turns":15},{"damage":10,"enemies":"Shell Parasite","floor":18,"turns":6},{"damage":0,"enemies":"3 Byrds","floor":21,"turns":7},{"damage":20,"enemies":"Slavers","floor":23,"turns":3},{"damage":8,"enemies":"Sentry and Sphere","floor":25,"turns":6},{"damage":1,"enemies":"Gremlin Leader","floor":27,"turns":6},{"damage":9,"enemies":"Centurion and Healer","floor":29,"turns":3},{"damage":0,"enemies":"Snake Plant","floor":30,"turns":4},{"damage":17,"enemies":"Pondfish","floor":33,"turns":9},{"damage":2,"enemies":"3 Shapes","floor":35,"turns":2},{"damage":0,"enemies":"Orb Walker","floor":36,"turns":2},{"damage":9,"enemies":"3 Darklings","floor":39,"turns":7},{"damage":0,"enemies":"Reptomancer","floor":40,"turns":3},{"damage":2,"enemies":"Maw","floor":41,"turns":7},{"damage":54,"enemies":"Spire Growth","floor":44,"turns":5},{"damage":0,"enemies":"Giant Head","floor":46,"turns":6},{"damage":0,"enemies":"3 Darklings","floor":48,"turns":4},{"damage":55,"enemies":"Awakened One","floor":50,"turns":14}],"seed_played":"-7041557027052043998","potions_obtained":[{"floor":4,"key":"Milkshake"},{"floor":7,"key":"ColorlessPotion"},{"floor":16,"key":"Cursed Concoction"},{"floor":21,"key":"Doom Potion"}],"is_trial":false,"path_per_floor":["M","?","?","M","?","R","E","R","T","M","E","?","E","M","R","B",null,"M","?","?","M","$","E","R","M","T","E","?","M","M","?","R","B",null,"M","M","$","?","M","E","M","?","T","M","R","E","$","M","R","B",null],"character_chosen":"HERMIT","items_purchased":["Apotheosis+1","hermit:FinalCanter","Oddly Smooth Stone","Mummified Hand"],"campfire_rested":2,"item_purchase_floors":[22,22,37,47],"current_hp_per_floor":[75,75,57,46,46,46,46,46,46,46,46,46,41,41,41,28,75,65,65,65,65,65,45,67,59,59,58,58,49,49,74,74,57,75,73,73,73,73,64,64,62,62,62,8,30,30,30,30,67,12],"gold":110,"neow_bonus":"RANDOM_COLORLESS","is_daily":false,"chose_seed":false,"campfire_upgraded":3,"win_rate":0.0,"timestamp":1608769888,"path_taken":["M","?","?","M","?","R","E","R","T","M","E","?","E","M","R","BOSS","M","?","?","M","$","E","R","?","T","E","?","M","?","?","R","BOSS","M","M","$","?","?","E","M","?","T","M","R","E","$","M","R","BOSS"],"items_purchased_type":["Card","Card","Relic","Relic"],"build_version":"2020-12-22","purchased_purges":2,"victory":true,"max_hp_per_floor":[75,75,75,75,75,75,75,75,75,75,75,75,75,75,75,75,75,75,75,75,75,75,75,75,75,75,75,75,75,75,75,75,75,75,75,75,75,75,75,75,75,75,75,75,75,75,75,75,75,75],"card_choices":[{"not_picked":["ReplayTheSpireMod:Private Reserves","Purity"],"picked":"Survey Options","floor":0},{"not_picked":["hermit:Coalescence","hermit:CalledShot"],"picked":"hermit:Headshot","floor":1},{"not_picked":["hermit:WideOpen","hermit:PistolWhip"],"picked":"hermit:Misfire","floor":4},{"not_picked":["hermit:EyeOfTheStorm","hermit:Snipe"],"picked":"hermit:Manifest","floor":7},{"not_picked":["hermit:CalledShot","hermit:Ricochet"],"picked":"hermit:HighCaliber","floor":10},{"not_picked":["hermit:CalledShot","hermit:SprayPray"],"picked":"hermit:Manifest+1","floor":11},{"not_picked":["hermit:Cheat+1","hermit:Manifest+1"],"picked":"hermit:Quickdraw","floor":13},{"not_picked":["hermit:Misfire","hermit:TrackingShot"],"picked":"hermit:ShadowCloak","floor":14},{"not_picked":["hermit:Gambit+1","hermit:Roughhouse"],"picked":"hermit:Magnum","floor":16},{"not_picked":["hermit:ItchyTrigger+1","hermit:Roulette+1"],"picked":"hermit:Shortfuse","floor":18},{"not_picked":["hermit:Ricochet","hermit:Misfire+1"],"picked":"hermit:TakeCover+1","floor":21},{"not_picked":["hermit:HoleUp+1","hermit:FromBeyond+1"],"picked":"hermit:BlackWind","floor":23},{"not_picked":["hermit:Cheat+1","hermit:BodyArmor+1"],"picked":"hermit:Headshot","floor":25},{"not_picked":["hermit:Roughhouse","hermit:EyeOfTheStorm+1"],"picked":"hermit:NoHoldsBarred+1","floor":27},{"not_picked":["hermit:Scavenge+1","hermit:FlashPowder+1"],"picked":"hermit:Determination","floor":29},{"not_picked":["hermit:Spite","hermit:Vantage+1"],"picked":"hermit:Deadeye","floor":30},{"not_picked":["hermit:Gambit+1","hermit:Magnum"],"picked":"hermit:FatalDesire","floor":33},{"not_picked":["hermit:Midnight+1","hermit:Cheat+1"],"picked":"hermit:CursedWeapon","floor":35},{"not_picked":["hermit:Scavenge+1","hermit:Misfire","hermit:Snipe+1"],"picked":"SKIP","floor":36},{"not_picked":["hermit:Feint+1","hermit:TakeCover+1"],"picked":"hermit:SprayPray+1","floor":39},{"not_picked":["hermit:CursedWeapon","hermit:Desperado+1","hermit:HighCaliber"],"picked":"SKIP","floor":40},{"not_picked":["hermit:Manifest+1","hermit:LowProfile+1"],"picked":"hermit:EternalForm","floor":41},{"not_picked":["hermit:EternalForm","hermit:Quickdraw"],"picked":"hermit:ItchyTrigger","floor":44},{"not_picked":["hermit:TakeCover+1","hermit:Coalescence+1","hermit:LuckOfTheDraw+1"],"picked":"SKIP","floor":46},{"not_picked":["hermit:HoleUp+1","hermit:Desperado+1"],"picked":"hermit:CalledShot","floor":48}],"player_experience":196891,"relics_obtained":[{"floor":5,"key":"ReplayTheSpireMod:Ring of Challenge"},{"floor":5,"key":"Ring of Misfortune"},{"floor":7,"key":"Bottled Lightning"},{"floor":9,"key":"HornCleat"},{"floor":11,"key":"Toxic Egg 2"},{"floor":13,"key":"Replay:WaspNest"},{"floor":23,"key":"Torii"},{"floor":26,"key":"Matryoshka"},{"floor":27,"key":"hubris:SlimyHat"},{"floor":40,"key":"Bronze Scales"},{"floor":43,"key":"ReplayTheSpireMod:TigerMarble"},{"floor":46,"key":"Regal Pillow"}],"event_choices":[{"damage_healed":0,"gold_gain":0,"player_choice":"Leave","damage_taken":0,"max_hp_gain":0,"max_hp_loss":0,"event_name":"The Cleric","floor":2,"gold_loss":0},{"damage_healed":0,"gold_gain":0,"player_choice":"Take Damage","damage_taken":18,"relics_obtained":["Golden Idol"],"max_hp_gain":0,"max_hp_loss":0,"event_name":"Golden Idol","floor":3,"gold_loss":0},{"damage_healed":0,"gold_gain":0,"player_choice":"Upgraded","damage_taken":0,"max_hp_gain":0,"max_hp_loss":0,"event_name":"Upgrade Shrine","floor":20,"gold_loss":0,"cards_upgraded":["hermit:Shortfuse"]},{"cards_removed":["hermit:Strike_Hermit"],"damage_healed":0,"gold_gain":0,"player_choice":"Purged","damage_taken":0,"max_hp_gain":0,"max_hp_loss":0,"event_name":"Purifier","floor":28,"gold_loss":0},{"damage_healed":25,"gold_gain":0,"player_choice":"Heal","damage_taken":0,"max_hp_gain":0,"max_hp_loss":0,"event_name":"The Library","floor":31,"gold_loss":0},{"cards_removed":["hermit:CursedWeapon"],"damage_healed":0,"gold_gain":0,"player_choice":"Purged","damage_taken":0,"max_hp_gain":0,"max_hp_loss":0,"event_name":"Purifier","floor":38,"gold_loss":0},{"damage_healed":0,"gold_gain":0,"player_choice":"Ignored","damage_taken":0,"max_hp_gain":0,"max_hp_loss":0,"event_name":"SecretPortal","floor":42,"gold_loss":0}],"is_beta":false,"boss_relics":[{"not_picked":["Coffee Dripper","Replay:Drink Me"],"picked":"hermit:BartenderGlass"},{"not_picked":["Philosopher\u0027s Stone","Replay:Wanted Poster","Honey Jar"]}],"items_purged_floors":[22,37],"is_endless":false,"potions_floor_spawned":[4,7,16,18,21,27,35,36,40],"ascension_level":0}}