{"host":"TheHustler","time":1608795884,"event":{"mods":["BaseMod","Block Reminder","Colored Map","Colored Powertips","Minty Spire (QoL Compilation)","Quick Restart","StSLib","SuperFastMode","Unceasing Turn Reminder"],"gold_per_floor":[114,289,9,24,99,129,129,144,144,159,189,189,204,219,219,319,319,334,134,149,164,44,44,74,104,154,154,169,169,184,199,199,199,199],"floor_reached":33,"playtime":1022,"items_purged":["Doubt"],"score":449,"play_id":"022231a9-4f64-42ee-8d89-cb85a634735f","local_time":"20201224084444","daily_mods":["Insanity","Purple Cards","DeadlyEvents"],"is_ascension_mode":false,"campfire_choices":[{"data":"Crescendo","floor":7,"key":"SMITH"},{"floor":12,"key":"REST"},{"data":"Adaptation","floor":15,"key":"SMITH"},{"floor":23,"key":"REST"},{"floor":27,"key":"REST"},{"data":"ForeignInfluence","floor":32,"key":"SMITH"}],"circlet_count":0,"master_deck":["Outmaneuver","Quick Slash","Slice","Meditate","Halt","Concentrate","Finisher","Cloak And Dagger","MentalFortress","WheelKick","FlyingSleeves","FollowUp","Crescendo","Prepared","TalkToTheHand","FlurryOfBlows","Slice","Crescendo+1","PiercingWail","ThirdEye","Deadly Poison","TalkToTheHand","Well Laid Plans","FlurryOfBlows","Sucker Punch","Meditate","Outmaneuver","EmptyMind","CrushJoints","SignatureMove","Conclude","FollowUp","Riddle With Holes","FlurryOfBlows","Dodge and Roll","FlyingSleeves","FlurryOfBlows","ForeignInfluence+1","Evaluate","Quick Slash","BowlingBash","Conclude","Evaluate","Dagger Throw","Evaluate","Setup","Blade Dance","TalkToTheHand","FlyingSleeves","Tantrum","Noxious Fumes","Adaptation+1","Sanctity","Evaluate","FlurryOfBlows","Indignation","Acrobatics","Bullet Time","EmptyBody","Backflip+1","JustLucky+1","Panacea","Footwork+1","InnerPeace","Setup+1","Evaluate+1"],"relics":["Ring of the Snake","Membership Card","Vajra","MealTicket","Matryoshka","Boot","Black Star","Bottled Tornado","Bag of Preparation","ClockworkSouvenir","Thread and Needle","Potion Belt","Blood Vial","Dead Branch","Smiling Mask","PreservedInsect"],"acts_visited":["Exordium","TheCity"],"potions_floor_usage":[11,20,24,24,24,33],"damage_taken":[{"damage":0,"enemies":"Small Slimes","floor":1,"turns":1},{"damage":1,"enemies":"Jaw Worm","floor":4,"turns":2},{"damage":6,"enemies":"Gremlin Nob","floor":6,"turns":3},{"damage":0,"enemies":"Cultist","floor":8,"turns":2},{"damage":10,"enemies":"Lots of Slimes","floor":10,"turns":2},{"damage":16,"enemies":"Lagavulin","floor":11,"turns":3},{"damage":0,"enemies":"2 Fungi Beasts","floor":13,"turns":2},{"damage":10,"enemies":"3 Louse","floor":14,"turns":3},{"damage":0,"enemies":"Slime Boss","floor":16,"turns":4},{"damage":24,"enemies":"Spheric Guardian","floor":18,"turns":4},{"damage":10,"enemies":"3 Byrds","floor":20,"turns":3},{"damage":38,"enemies":"Snecko","floor":21,"turns":4},{"damage":19,"enemies":"Book of Stabbing","floor":24,"turns":4},{"damage":18,"enemies":"Gremlin Leader","floor":25,"turns":5},{"damage":0,"enemies":"Chosen and Byrds","floor":28,"turns":5},{"damage":3,"enemies":"Shelled Parasite and Fungi","floor":30,"turns":5},{"damage":0,"enemies":"3 Cultists","floor":31,"turns":2},{"damage":72,"enemies":"Automaton","floor":33,"turns":6}],"seed_played":"-4388098555046818604","potions_obtained":[{"floor":4,"key":"SkillPotion"},{"floor":10,"key":"LiquidBronze"},{"floor":13,"key":"Poison Potion"},{"floor":14,"key":"Swift Potion"},{"floor":21,"key":"Energy Potion"},{"floor":24,"key":"Energy Potion"}],"is_trial":false,"path_per_floor":["M","?","$","M","?","E","R","M","T","M","E","R","M","M","R","B",null,"M","$","M","M","$","R","E","E","T","R","M","?","M","M","R","B"],"character_chosen":"THE_SILENT","items_purchased":["Membership Card","Vajra","Noxious Fumes","Bottled Tornado","Bag of Preparation","ClockworkSouvenir","Panacea"],"campfire_rested":3,"item_purchase_floors":[3,3,3,19,19,22,22],"current_hp_per_floor":[70,70,70,69,58,52,52,52,52,42,26,47,47,37,37,37,70,46,61,51,13,28,49,30,12,12,33,35,58,57,59,59,0,0],"gold":199,"neow_bonus":"","is_daily":true,"chose_seed":false,"campfire_upgraded":3,"win_rate":0.0,"timestamp":1608795884,"path_taken":["M","?","$","M","?","E","R","M","T","M","E","R","?","M","R","BOSS","M","?","M","M","$","R","E","?","T","R","M","?","M","M","R","BOSS"],"items_purchased_type":["Relic","Relic","Card","Relic","Relic","Relic","Card"],"build_version":"2020-12-18","purchased_purges":1,"victory":false,"max_hp_per_floor":[70,70,70,70,70,70,70,70,70,70,70,70,70,70,70,70,70,70,70,70,70,70,70,70,70,70,70,70,70,70,70,70,70,70],"card_choices":[{"not_picked":["Bane","WreathOfFlame","Choke"],"picked":"SKIP","floor":1},{"not_picked":["CrushJoints","FollowUp"],"picked":"Adaptation","floor":4},{"not_picked":["Well Laid Plans","FlurryOfBlows"],"picked":"Sanctity","floor":6},{"not_picked":["Study","Quick Slash"],"picked":"Evaluate","floor":8},{"not_picked":["Evaluate","Caltrops"],"picked":"FlurryOfBlows","floor":10},{"not_picked":["Acrobatics","Cloak And Dagger"],"picked":"Indignation","floor":11},{"not_picked":["Terror","Masterful Stab","Flying Knee"],"picked":"SKIP","floor":13},{"not_picked":["Dagger Throw","EmptyFist"],"picked":"Acrobatics","floor":14},{"not_picked":["Die Die Die","Venomology"],"picked":"Bullet Time","floor":16},{"not_picked":["EmptyFist","Acrobatics"],"picked":"EmptyBody","floor":18},{"not_picked":["Expertise","Slice"],"picked":"Backflip+1","floor":20},{"not_picked":["EmptyFist+1","Quick Slash"],"picked":"JustLucky+1","floor":21},{"not_picked":["Pray","Cloak And Dagger+1"],"picked":"Footwork+1","floor":24},{"not_picked":["CarveReality","SignatureMove"],"picked":"InnerPeace","floor":25},{"not_picked":["Acrobatics+1","Dagger Spray"],"picked":"Setup+1","floor":28},{"not_picked":["FlyingSleeves","CutThroughFate"],"picked":"Evaluate+1","floor":30},{"not_picked":["Outmaneuver+1","CutThroughFate","EmptyFist"],"picked":"SKIP","floor":31}],"player_experience":607544,"relics_obtained":[{"floor":6,"key":"MealTicket"},{"floor":9,"key":"Matryoshka"},{"floor":11,"key":"Boot"},{"floor":24,"key":"Thread and Needle"},{"floor":24,"key":"Potion Belt"},{"floor":25,"key":"Blood Vial"},{"floor":25,"key":"Dead Branch"},{"floor":26,"key":"Smiling Mask"},{"floor":26,"key":"PreservedInsect"}],"event_choices":[{"damage_healed":0,"gold_gain":175,"player_choice":"AGREE","damage_taken":0,"max_hp_gain":0,"max_hp_loss":0,"event_name":"Liars Game","floor":2,"gold_loss":0,"cards_obtained":["Doubt"]},{"damage_healed":0,"gold_gain":75,"player_choice":"Gather Gold","damage_taken":11,"max_hp_gain":0,"max_hp_loss":0,"event_name":"World of Goop","floor":5,"gold_loss":0},{"damage_healed":23,"gold_gain":0,"player_choice":"Heal","damage_taken":0,"max_hp_gain":0,"max_hp_loss":0,"event_name":"The Library","floor":29,"gold_loss":0}],"is_beta":true,"boss_relics":[{"not_picked":["Snecko Eye","Calling Bell"],"picked":"Black Star"}],"items_purged_floors":[3],"is_endless":false,"potions_floor_spawned":[4,10,13,14,16,18,21,24],"killed_by":"Automaton","ascension_level":0}}