{"host":"3jpwrwmmgyabjceh","time":1608808493,"event":{"mods":["AchievementEnabler","BaseMod","Colored Map","Colored Powertips","Highlight Path","Minty Spire (QoL Compilation)","Quick Restart","StSLib"],"gold_per_floor":[114,125,300,300,311,311,335,347,347,347,363,363,380,397,397,494,494,511,284,299,214,60,60,74,102,171,206,217,217,72,98,98,198,198,214,232,107,120,133,133,133,149,149,199,199,224,224,244,244,244,244,244,0,33,33,33],"floor_reached":55,"playtime":1905,"items_purged":["Doubt","Strike_B","Multi-Cast+1","Writhe"],"score":829,"play_id":"fd58c0fc-2f1d-4742-8d45-7c0db96960ae","local_time":"20201224141453","is_ascension_mode":true,"campfire_choices":[{"data":"Zap","floor":6.0,"key":"SMITH"},{"data":"Core Surge","floor":10.0,"key":"SMITH"},{"data":"Beam Cell","floor":12.0,"key":"SMITH"},{"data":"Gash","floor":15.0,"key":"SMITH"},{"floor":23.0,"key":"REST"},{"floor":29.0,"key":"REST"},{"data":"Gash","floor":32.0,"key":"SMITH"},{"floor":40.0,"key":"REST"},{"floor":47.0,"key":"RECALL"},{"floor":49.0,"key":"REST"},{"data":"Coolheaded","floor":52.0,"key":"SMITH"}],"circlet_count":0,"master_deck":["Defend_B","Defend_B","Defend_B","Defend_B","Zap+1","Dualcast+1","Beam Cell+1","Coolheaded+1","Core Surge+1","Gash+1","Gash+1","All For One","Go for the Eyes","All For One","Sweeping Beam","Beam Cell","Steam+1","Leap+1","Rebound+1","Hologram+1","Streamline+1","Chaos+1","Beam Cell+1","Steam+1","Gash+1","Gash+1","Gash+1","All For One+1","Hologram+1","Finesse+1","Scrape+1"],"relics":["Cracked Core","Regal Pillow","Bronze Scales","Toxic Egg 2","Nuclear Battery","DollysMirror","Incense Burner","PreservedInsect","Letter Opener","Molten Egg 2","Turnip","Cables","Astrolabe","Unceasing Top","Nunchaku","Pantograph"],"acts_visited":["Exordium","TheCity","TheBeyond","TheEnding"],"potions_floor_usage":[54,55],"damage_taken":[{"damage":0.0,"enemies":"2 Louse","floor":1.0,"turns":2.0},{"damage":0.0,"enemies":"Small Slimes","floor":2.0,"turns":2.0},{"damage":0.0,"enemies":"Jaw Worm","floor":5.0,"turns":1.0},{"damage":2.0,"enemies":"Exordium Thugs","floor":8.0,"turns":3.0},{"damage":6.0,"enemies":"Large Slime","floor":11.0,"turns":4.0},{"damage":0.0,"enemies":"2 Fungi Beasts","floor":13.0,"turns":2.0},{"damage":0.0,"enemies":"Gremlin Gang","floor":14.0,"turns":3.0},{"damage":23.0,"enemies":"Hexaghost","floor":16.0,"turns":7.0},{"damage":25.0,"enemies":"2 Thieves","floor":18.0,"turns":3.0},{"damage":14.0,"enemies":"3 Byrds","floor":20.0,"turns":2.0},{"damage":1.0,"enemies":"Sentry and Sphere","floor":24.0,"turns":3.0},{"damage":12.0,"enemies":"Book of Stabbing","floor":25.0,"turns":2.0},{"damage":20.0,"enemies":"Gremlin Leader","floor":27.0,"turns":4.0},{"damage":0.0,"enemies":"Snake Plant","floor":28.0,"turns":3.0},{"damage":11.0,"enemies":"Book of Stabbing","floor":31.0,"turns":3.0},{"damage":5.0,"enemies":"Automaton","floor":33.0,"turns":6.0},{"damage":30.0,"enemies":"3 Shapes","floor":35.0,"turns":2.0},{"damage":0.0,"enemies":"Orb Walker","floor":36.0,"turns":2.0},{"damage":22.0,"enemies":"Jaw Worm Horde","floor":38.0,"turns":5.0},{"damage":10.0,"enemies":"Writhing Mass","floor":39.0,"turns":5.0},{"damage":0.0,"enemies":"Transient","floor":42.0,"turns":5.0},{"damage":0.0,"enemies":"Mind Bloom Boss Battle","floor":44.0,"turns":3.0},{"damage":21.0,"enemies":"Nemesis","floor":46.0,"turns":3.0},{"damage":0.0,"enemies":"Maw","floor":48.0,"turns":5.0},{"damage":71.0,"enemies":"Time Eater","floor":50.0,"turns":6.0},{"damage":23,"enemies":"Shield and Spear","floor":54,"turns":3},{"damage":75,"enemies":"The Heart","floor":55,"turns":6}],"seed_played":"2045378598460902553","potions_obtained":[{"floor":2.0,"key":"Fire Potion"},{"floor":5.0,"key":"SneckoOil"},{"floor":11.0,"key":"DistilledChaos"},{"floor":13.0,"key":"AttackPotion"},{"floor":20.0,"key":"Regen Potion"},{"floor":27.0,"key":"EntropicBrew"},{"floor":33.0,"key":"LiquidBronze"},{"floor":35.0,"key":"FearPotion"},{"floor":41.0,"key":"LiquidMemories"},{"floor":48.0,"key":"Regen Potion"},{"floor":54,"key":"BlessingOfTheForge"}],"is_trial":false,"path_per_floor":["M","M","?","?","M","R","T","M","T","R","M","R","M","M","R","B",null,"M","$","M","?","$","R","M","E","T","E","M","R","$","E","R","B",null,"M","M","$","M","M","R","?","M","T","?","?","E","R","M","R","B",null,"R","$","E","B"],"character_chosen":"DEFECT","items_purchased":["DollysMirror","PreservedInsect","Hologram+1","Finesse+1"],"campfire_rested":4,"item_purchase_floors":[19,22,30,53],"current_hp_per_floor":[75,75,75,60,60,60,60,58,58,58,52,52,52,52,52,29,75,50,50,36,36,36,73,72,65,65,45,45,75,75,64,64,59,75,45,45,45,23,13,50,50,50,50,50,69,48,48,48,75,18,75,75,75,52,0,0],"gold":33,"neow_bonus":"RANDOM_COMMON_RELIC","is_daily":false,"chose_seed":false,"campfire_upgraded":6,"win_rate":0.0,"timestamp":1608808493,"path_taken":["M","M","?","?","M","R","?","M","T","R","?","R","M","M","R","BOSS","M","$","M","?","$","R","M","E","T","E","M","R","?","E","R","BOSS","M","M","$","M","M","R","?","?","T","?","?","E","R","M","R","BOSS","R","$","E","BOSS"],"items_purchased_type":["Relic","Relic","Card","Card"],"build_version":"2020-12-22","purchased_purges":4,"victory":false,"max_hp_per_floor":[75,75,75,75,75,75,75,75,75,75,75,75,75,75,75,75,75,75,75,75,75,75,75,75,75,75,75,75,75,75,75,75,75,75,75,75,75,75,75,75,75,75,75,75,75,75,75,75,75,75,75,75,75,75,75,75],"card_choices":[{"not_picked":["Ball Lightning","Undo"],"picked":"Beam Cell","floor":1.0},{"not_picked":["Undo","Recycle"],"picked":"Coolheaded","floor":2.0},{"not_picked":["Melter","Steam","Cold Snap"],"picked":"SKIP","floor":5.0},{"not_picked":["Compile Driver","Hello World"],"picked":"Core Surge","floor":8.0},{"not_picked":["Hologram+1","Steam Power+1"],"picked":"Gash","floor":11.0},{"not_picked":["Capacitor","Barrage","Cold Snap"],"picked":"SKIP","floor":13.0},{"not_picked":["Melter","Genetic Algorithm+1"],"picked":"Gash","floor":14.0},{"not_picked":["Rainbow+1","Buffer"],"picked":"All For One","floor":16.0},{"not_picked":["Conserve Battery+1","Cold Snap"],"picked":"Go for the Eyes","floor":18.0},{"not_picked":["Glacier+1","Chill+1"],"picked":"Sweeping Beam","floor":20.0},{"not_picked":["Conserve Battery+1","Turbo+1"],"picked":"Beam Cell","floor":24.0},{"not_picked":["Redo+1","Blizzard"],"picked":"Steam+1","floor":25.0},{"not_picked":["Meteor Strike+1","Defragment+1"],"picked":"Leap+1","floor":27.0},{"not_picked":["Auto Shields+1","Genetic Algorithm+1"],"picked":"Rebound+1","floor":28.0},{"not_picked":["Tempest+1","Compile Driver+1"],"picked":"Streamline+1","floor":31.0},{"not_picked":["Glacier+1","Conserve Battery+1"],"picked":"Steam+1","floor":35.0},{"not_picked":["Fusion+1","Melter+1"],"picked":"Gash+1","floor":36.0},{"not_picked":["Steam Power+1","Cold Snap+1","Turbo+1"],"picked":"SKIP","floor":38.0},{"not_picked":["Steam Power+1","Defragment","Rip and Tear+1"],"picked":"SKIP","floor":39.0},{"not_picked":["Double Energy+1","Leap+1"],"picked":"Gash+1","floor":42.0},{"not_picked":["Hello World+1","Streamline+1"],"picked":"Gash+1","floor":44.0},{"not_picked":["FTL+1","Electrodynamics"],"picked":"All For One+1","floor":46.0},{"not_picked":["Streamline+1","Leap+1"],"picked":"Hologram+1","floor":48.0},{"not_picked":["Storm","Chill+1"],"picked":"Scrape+1","floor":54}],"player_experience":272076,"relics_obtained":[{"floor":7.0,"key":"Bronze Scales"},{"floor":9.0,"key":"Toxic Egg 2"},{"floor":25.0,"key":"Letter Opener"},{"floor":26.0,"key":"Molten Egg 2"},{"floor":27.0,"key":"Turnip"},{"floor":31.0,"key":"Cables"},{"floor":44.0,"key":"Unceasing Top"},{"floor":46.0,"key":"Nunchaku"},{"floor":54,"key":"Pantograph"}],"event_choices":[{"damage_healed":0.0,"max_hp_gain":0.0,"max_hp_loss":0.0,"gold_gain":175.0,"event_name":"Liars Game","player_choice":"AGREE","floor":3.0,"gold_loss":0.0,"damage_taken":0.0,"cards_obtained":["Doubt"]},{"damage_healed":0.0,"max_hp_gain":0.0,"max_hp_loss":0.0,"gold_gain":0.0,"event_name":"Shining Light","player_choice":"Entered Light","floor":4.0,"gold_loss":0.0,"damage_taken":15.0,"cards_upgraded":["Strike_B","Dualcast"]},{"damage_healed":0.0,"max_hp_gain":0.0,"max_hp_loss":0.0,"gold_gain":0.0,"event_name":"Addict","player_choice":"Obtained Relic","floor":21.0,"gold_loss":85.0,"damage_taken":0.0,"relics_obtained":["Incense Burner"]},{"damage_healed":0.0,"max_hp_gain":0.0,"max_hp_loss":0.0,"gold_gain":0.0,"event_name":"Lab","player_choice":"Got Potions","floor":41.0,"gold_loss":0.0,"damage_taken":0.0},{"damage_healed":0.0,"max_hp_gain":0.0,"max_hp_loss":0.0,"gold_gain":0.0,"event_name":"MindBloom","player_choice":"Fight","floor":44.0,"gold_loss":0.0,"damage_taken":0.0},{"damage_healed":19.0,"max_hp_gain":0.0,"max_hp_loss":0.0,"gold_gain":0.0,"event_name":"Winding Halls","player_choice":"Writhe","floor":45.0,"gold_loss":0.0,"damage_taken":0.0,"cards_obtained":["Writhe"]}],"is_beta":false,"boss_relics":[{"not_picked":["Tiny House","Runic Pyramid"],"picked":"Nuclear Battery"},{"not_picked":["Calling Bell","Inserter"],"picked":"Astrolabe"}],"items_purged_floors":[19,30,37,53],"is_endless":false,"potions_floor_spawned":[2,5,11,13,20,27,33,35,48,54],"killed_by":"The Heart","ascension_level":3}}