{"host":"7krnriczr1b2ou5r","time":1608804330,"event":{"mods":["BaseMod","Keyboard Shortcuts","Minty Spire (QoL Compilation)","Relic Stats","StSLib"],"gold_per_floor":[118,135,153,169,187,187,207,207,207,237,253,278,296,315,315,391,391,411,37,87,103,122,122,148,148,171,171,186,202,237,253,253,330,330,346,346,357,62,76,111,131,159,159,159,0,0,30,44,44,44,44,44,44,49,78,78],"floor_reached":57,"playtime":2452,"items_purged":[],"score":3271,"play_id":"9d7c5a03-2669-45ec-a682-6aa8ed884cc9","local_time":"20201224190530","is_ascension_mode":true,"campfire_choices":[{"data":"A Thousand Cuts","floor":6,"key":"SMITH"},{"data":"Blade Dance","floor":8,"key":"SMITH"},{"data":"Acrobatics","floor":15,"key":"SMITH"},{"data":"Accuracy","floor":23,"key":"SMITH"},{"data":"Well Laid Plans","floor":25,"key":"SMITH"},{"data":"Neutralize","floor":32,"key":"SMITH"},{"data":"Eviscerate","floor":44,"key":"SMITH"},{"data":"Survivor","floor":49,"key":"SMITH"},{"data":"Defend_G","floor":53,"key":"SMITH"}],"circlet_count":0,"master_deck":["AscendersBane","Defend_G+1","Survivor+1","Neutralize+1","Acrobatics+1","Eviscerate+1","Blade Dance+1","A Thousand Cuts+1","Backflip+1","Well Laid Plans+1","Reflex+1","PiercingWail+1","Tactician+1","Phantasmal Killer+1","Accuracy+1","Blade Dance+1","Terror+1","Acrobatics+1","Bullet Time+1","After Image+1","Prepared+1"],"relics":["Ring of the Snake","NeowsBlessing","Odd Mushroom","Toxic Egg 2","Pantograph","Letter Opener","WristBlade","FossilizedHelix","Eternal Feather","Dream Catcher","Paper Crane","Busted Crown","StrikeDummy","Sundial","The Courier","Gambling Chip","Art of War","Red Mask","Snake Skull","Tingsha","Bag of Marbles","Shuriken","HornCleat","Centennial Puzzle"],"acts_visited":["Exordium","TheCity","TheBeyond","TheEnding"],"potions_floor_usage":[4,13,16,22,24,24],"damage_taken":[{"damage":0,"enemies":"Cultist","floor":1,"turns":1},{"damage":0,"enemies":"Jaw Worm","floor":2,"turns":1},{"damage":0,"enemies":"Small Slimes","floor":3,"turns":1},{"damage":7,"enemies":"3 Louse","floor":4,"turns":3},{"damage":11,"enemies":"Red Slaver","floor":5,"turns":3},{"damage":19,"enemies":"The Mushroom Lair","floor":7,"turns":3},{"damage":17,"enemies":"Gremlin Nob","floor":10,"turns":4},{"damage":7,"enemies":"Exordium Wildlife","floor":11,"turns":5},{"damage":12,"enemies":"Lagavulin","floor":12,"turns":7},{"damage":0,"enemies":"Large Slime","floor":13,"turns":4},{"damage":4,"enemies":"Exordium Thugs","floor":14,"turns":2},{"damage":21,"enemies":"The Guardian","floor":16,"turns":13},{"damage":0,"enemies":"3 Byrds","floor":18,"turns":2},{"damage":0,"enemies":"2 Thieves","floor":21,"turns":4},{"damage":15,"enemies":"Cultist and Chosen","floor":22,"turns":5},{"damage":0,"enemies":"Gremlin Leader","floor":24,"turns":4},{"damage":16,"enemies":"Snake Plant","floor":28,"turns":3},{"damage":0,"enemies":"Chosen and Byrds","floor":29,"turns":3},{"damage":14,"enemies":"Book of Stabbing","floor":30,"turns":4},{"damage":0,"enemies":"Shelled Parasite and Fungi","floor":31,"turns":2},{"damage":14,"enemies":"Champ","floor":33,"turns":6},{"damage":0,"enemies":"Orb Walker","floor":35,"turns":2},{"damage":0,"enemies":"3 Shapes","floor":37,"turns":2},{"damage":0,"enemies":"3 Darklings","floor":39,"turns":1},{"damage":0,"enemies":"Reptomancer","floor":40,"turns":1},{"damage":0,"enemies":"Jaw Worm Horde","floor":41,"turns":2},{"damage":0,"enemies":"Nemesis","floor":42,"turns":3},{"damage":0,"enemies":"Giant Head","floor":47,"turns":1},{"damage":0,"enemies":"4 Shapes","floor":48,"turns":1},{"damage":0,"enemies":"Awakened One","floor":50,"turns":2},{"damage":0,"enemies":"Time Eater","floor":51,"turns":3},{"damage":5,"enemies":"Shield and Spear","floor":55,"turns":3},{"damage":23,"enemies":"The Heart","floor":56,"turns":5}],"seed_played":"-1086893664154366578","potions_obtained":[{"floor":2,"key":"Explosive Potion"},{"floor":7,"key":"Swift Potion"},{"floor":10,"key":"LiquidBronze"},{"floor":12,"key":"CunningPotion"},{"floor":13,"key":"Weak Potion"},{"floor":16,"key":"ColorlessPotion"},{"floor":22,"key":"PowerPotion"},{"floor":30,"key":"Energy Potion"},{"floor":31,"key":"Energy Potion"}],"is_trial":false,"path_per_floor":["M","M","M","M","M","R","?","R","T","E","M","E","M","M","R","B",null,"M","$","?","M","M","R","E","R","T","?","M","M","E","M","R","B",null,"M","T","M","$","M","E","M","E","T","R","?","?","E","M","R","B","B",null,"R","$","E","B",null],"character_chosen":"THE_SILENT","items_purchased":["Accuracy","FossilizedHelix","Sundial","Prepared+1","Tingsha","Bag of Marbles","Shuriken","HornCleat"],"campfire_rested":0,"item_purchase_floors":[19,19,38,38,54,54,54,54],"current_hp_per_floor":[59,59,59,52,41,41,52,52,52,35,28,16,16,42,42,45,61,61,61,61,61,46,46,46,55,55,55,39,39,25,25,37,48,62,62,62,62,62,62,62,62,62,62,66,66,66,66,66,66,66,66,66,66,66,61,43],"gold":78,"neow_bonus":"THREE_ENEMY_KILL","is_daily":false,"chose_seed":false,"campfire_upgraded":9,"win_rate":0.0,"timestamp":1608804330,"path_taken":["M","?","M","?","M","R","?","R","T","E","M","E","M","M","R","BOSS","M","$","?","M","M","R","E","R","T","?","M","M","E","M","R","BOSS","M","?","M","$","M","E","M","E","T","R","?","?","E","M","R","BOSS","BOSS","R","$","E","BOSS"],"items_purchased_type":["Card","Relic","Relic","Card","Relic","Relic","Relic","Relic"],"build_version":"2020-12-22","purchased_purges":0,"victory":true,"max_hp_per_floor":[66,66,66,66,66,66,66,66,66,66,66,66,66,66,66,66,66,66,66,66,66,66,66,66,66,66,66,66,66,66,66,66,66,66,66,66,66,66,66,66,66,66,66,66,66,66,66,66,66,66,66,66,66,66,66,66],"relic_stats":{"counters":[33,106],"Eternal Feather":25,"Tingsha":[69],"Snake Skull":[0],"Letter Opener":[433],"Dream Catcher":0,"Centennial Puzzle":[1],"Busted Crown":18,"Sundial":[6],"Shuriken":[9],"Pantograph":54,"Gambling Chip":[16],"Art of War":[1],"obtain_stats":[{"NeowsBlessing":0,"Eternal Feather":24,"Tingsha":54,"The Courier":40,"Snake Skull":47,"Letter Opener":12,"Odd Mushroom":7,"Paper Crane":30,"Dream Catcher":26,"Centennial Puzzle":55,"Busted Crown":34,"HornCleat":54,"WristBlade":17,"Sundial":38,"Shuriken":54,"Pantograph":10,"Gambling Chip":42,"Art of War":43,"Red Mask":45,"Bag of Marbles":54,"Toxic Egg 2":9,"StrikeDummy":36,"FossilizedHelix":19,"Ring of the Snake":0},{"NeowsBlessing":0,"Eternal Feather":16,"Tingsha":31,"The Courier":25,"Snake Skull":28,"Letter Opener":9,"Odd Mushroom":6,"Paper Crane":19,"Dream Catcher":16,"Centennial Puzzle":32,"Busted Crown":21,"HornCleat":31,"WristBlade":12,"Sundial":23,"Shuriken":31,"Pantograph":7,"Gambling Chip":27,"Art of War":27,"Red Mask":27,"Bag of Marbles":31,"Toxic Egg 2":6,"StrikeDummy":22,"FossilizedHelix":13,"Ring of the Snake":0},{"NeowsBlessing":0,"Eternal Feather":62,"Tingsha":98,"The Courier":86,"Snake Skull":92,"Letter Opener":28,"Odd Mushroom":12,"Paper Crane":72,"Dream Catcher":62,"Centennial Puzzle":101,"Busted Crown":80,"HornCleat":98,"WristBlade":47,"Sundial":84,"Shuriken":98,"Pantograph":16,"Gambling Chip":91,"Art of War":91,"Red Mask":91,"Bag of Marbles":98,"Toxic Egg 2":12,"StrikeDummy":82,"FossilizedHelix":49,"Ring of the Snake":0}],"Ring of the Snake":[66]},"card_choices":[{"not_picked":["Caltrops","Backflip"],"picked":"Acrobatics","floor":1},{"not_picked":["Prepared","PiercingWail"],"picked":"Eviscerate","floor":2},{"not_picked":["Cloak And Dagger","Deflect"],"picked":"Blade Dance","floor":3},{"not_picked":["Flying Knee","Footwork"],"picked":"A Thousand Cuts","floor":4},{"not_picked":["Slice","Cloak And Dagger","Well Laid Plans"],"picked":"SKIP","floor":5},{"not_picked":["Blur+1","Dodge and Roll+1"],"picked":"Backflip+1","floor":10},{"not_picked":["Catalyst+1","Eviscerate"],"picked":"Well Laid Plans","floor":11},{"not_picked":["Skewer","Glass Knife"],"picked":"Reflex+1","floor":12},{"not_picked":["Reflex+1","Deadly Poison+1"],"picked":"PiercingWail+1","floor":13},{"not_picked":["Finisher","Footwork","Cloak And Dagger+1"],"picked":"SKIP","floor":14},{"not_picked":["Storm of Steel+1","Tools of the Trade"],"picked":"Phantasmal Killer+1","floor":16},{"not_picked":["Slice","Catalyst+1","PiercingWail+1"],"picked":"SKIP","floor":18},{"not_picked":["Underhanded Strike","Quick Slash","Eviscerate"],"picked":"SKIP","floor":21},{"not_picked":["Noxious Fumes","PiercingWail+1","Slice"],"picked":"SKIP","floor":22},{"not_picked":["Choke","Outmaneuver+1","Riddle With Holes"],"picked":"SKIP","floor":24},{"not_picked":["Deadly Poison+1","Terror+1","Bane"],"picked":"SKIP","floor":28},{"not_picked":["Deadly Poison+1","Bane"],"picked":"Terror+1","floor":28},{"not_picked":["Distraction+1","PiercingWail+1"],"picked":"Acrobatics+1","floor":29},{"not_picked":["Dash","Finisher"],"picked":"Bullet Time+1","floor":30},{"not_picked":["Dodge and Roll+1","Bane+1","Poisoned Stab"],"picked":"SKIP","floor":31},{"not_picked":["Slice"],"picked":"SKIP","floor":35},{"not_picked":["Endless Agony"],"picked":"SKIP","floor":37},{"not_picked":["Poisoned Stab+1"],"picked":"SKIP","floor":39},{"not_picked":["Dagger Throw"],"picked":"SKIP","floor":40},{"not_picked":["Slice"],"picked":"SKIP","floor":41},{"not_picked":["Distraction+1"],"picked":"SKIP","floor":42},{"not_picked":["Underhanded Strike"],"picked":"SKIP","floor":47},{"not_picked":["Cloak And Dagger+1"],"picked":"SKIP","floor":48},{"not_picked":["All Out Attack"],"picked":"SKIP","floor":55}],"player_experience":1044903,"relics_obtained":[{"floor":7,"key":"Odd Mushroom"},{"floor":9,"key":"Toxic Egg 2"},{"floor":10,"key":"Pantograph"},{"floor":12,"key":"Letter Opener"},{"floor":24,"key":"Eternal Feather"},{"floor":26,"key":"Dream Catcher"},{"floor":30,"key":"Paper Crane"},{"floor":36,"key":"StrikeDummy"},{"floor":40,"key":"The Courier"},{"floor":42,"key":"Gambling Chip"},{"floor":43,"key":"Art of War"},{"floor":47,"key":"Snake Skull"},{"floor":55,"key":"Centennial Puzzle"}],"event_choices":[{"damage_healed":0,"gold_gain":0,"player_choice":"Fought Mushrooms","damage_taken":0,"max_hp_gain":0,"max_hp_loss":0,"event_name":"Mushrooms","floor":7,"gold_loss":0},{"damage_healed":0,"gold_gain":50,"player_choice":"Stole From Cult","damage_taken":0,"max_hp_gain":0,"max_hp_loss":0,"event_name":"Nest","floor":20,"gold_loss":0},{"damage_healed":0,"gold_gain":0,"player_choice":"Copied","damage_taken":0,"max_hp_gain":0,"max_hp_loss":0,"event_name":"Duplicator","floor":27,"gold_loss":0,"cards_obtained":["Blade Dance"]},{"damage_healed":0,"gold_gain":0,"player_choice":"Paid","damage_taken":0,"relics_obtained":["Red Mask"],"max_hp_gain":0,"max_hp_loss":0,"event_name":"Tomb of Lord Red Mask","floor":45,"gold_loss":159},{"cards_removed":["Strike_G"],"damage_healed":0,"gold_gain":0,"player_choice":"Removed Attack","damage_taken":0,"max_hp_gain":0,"max_hp_loss":0,"event_name":"Falling","floor":46,"gold_loss":0}],"is_beta":false,"boss_relics":[{"not_picked":["Runic Dome","SacredBark"],"picked":"WristBlade"},{"not_picked":["Sozu","Calling Bell"],"picked":"Busted Crown"}],"items_purged_floors":[],"is_endless":false,"potions_floor_spawned":[2,7,10,12,13,16,22,30,31,33,35,39,41,47],"ascension_level":20}}