{"host":"99ad87xtd5ypi7ii","time":1608810078,"event":{"mods":["BaseMod","Hermit","Highlight Path","Marisa????????","Minty Spire (QoL Compilation)","Robot Space Explorer","StSLib","The Bladedancer","The Construct","The Cursed","The Disciple","The Gatherer","The Hierophant","The Runesmith","The Servant 0.9.4","TheVacant"],"gold_per_floor":[115,128,142,142,158,158,158,170,170,170,345,345,381,381,381,381,381],"floor_reached":16,"playtime":587,"items_purged":[],"score":145,"play_id":"2f54796b-68f4-423c-a269-1cb613068357","local_time":"20201224124118","is_ascension_mode":true,"campfire_choices":[{"data":"RobotSpaceExplorer:MiniBoosters","floor":6,"key":"SMITH"},{"floor":12,"key":"REST"},{"floor":15,"key":"REST"}],"circlet_count":0,"master_deck":["RobotSpaceExplorer:Strike","RobotSpaceExplorer:Strike","RobotSpaceExplorer:Strike","RobotSpaceExplorer:Strike","RobotSpaceExplorer:Defend","RobotSpaceExplorer:Defend","RobotSpaceExplorer:Defend","RobotSpaceExplorer:Defend","RobotSpaceExplorer:Scan","RobotSpaceExplorer:MiniLasers","RobotSpaceExplorer:MetalStrike","RobotSpaceExplorer:Jetpack","RobotSpaceExplorer:MiniBoosters+1","RobotSpaceExplorer:ScrapMissile","RobotSpaceExplorer:SwiftStep","Injury","Doubt","RobotSpaceExplorer:ShockMissile"],"relics":["RobotSpaceExplorer:RoboCore","WarpedTongs","CultistMask","Runesmith:Nanobots","Golden Idol","Blood Vial"],"acts_visited":["Exordium"],"potions_floor_usage":[13,13,13,16],"damage_taken":[{"damage":0,"enemies":"Small Slimes","floor":1,"turns":3},{"damage":0,"enemies":"Cultist","floor":2,"turns":3},{"damage":1,"enemies":"Jaw Worm","floor":3,"turns":5},{"damage":20,"enemies":"Large Slime","floor":5,"turns":6},{"damage":14,"enemies":"3 Louse","floor":8,"turns":4},{"damage":20,"enemies":"Lagavulin","floor":13,"turns":7},{"damage":0,"enemies":"Slime Boss","floor":16,"turns":3}],"seed_played":"1502735653370304624","potions_obtained":[{"floor":3,"key":"LiquidMemories"},{"floor":5,"key":"SneckoOil"},{"floor":8,"key":"RobotSpaceExplorer:PlasmaFlask"},{"floor":13,"key":"ColorlessPotion"}],"is_trial":false,"path_per_floor":["M","M","M","?","M","R","?","M","T","?","?","R","E","?","R","B"],"character_chosen":"RobotSpaceExplorer","items_purchased":[],"campfire_rested":2,"item_purchase_floors":[],"current_hp_per_floor":[68,68,67,67,47,47,47,33,33,33,33,55,35,28,50,52,52],"gold":381,"neow_bonus":"THREE_CARDS","is_daily":false,"chose_seed":false,"campfire_upgraded":1,"win_rate":0.0,"timestamp":1608810078,"path_taken":["M","M","M","?","?","R","?","?","T","?","?","R","E","?","R","BOSS"],"items_purchased_type":[],"build_version":"2020-12-22","purchased_purges":0,"victory":false,"max_hp_per_floor":[75,75,75,75,75,75,75,75,75,75,75,75,75,75,75,75,75],"card_choices":[{"not_picked":["RobotSpaceExplorer:FrostMissile","RobotSpaceExplorer:Counterblock"],"picked":"RobotSpaceExplorer:MetalStrike","floor":0},{"not_picked":["RobotSpaceExplorer:Pulsar","RobotSpaceExplorer:SlimeMissile"],"picked":"RobotSpaceExplorer:Jetpack","floor":1},{"not_picked":["RobotSpaceExplorer:Electropulse","RobotSpaceExplorer:FrostMissile"],"picked":"RobotSpaceExplorer:MiniBoosters","floor":2},{"not_picked":["RobotSpaceExplorer:FrostMissile","RobotSpaceExplorer:FranticSearch"],"picked":"RobotSpaceExplorer:ScrapMissile","floor":3},{"not_picked":["RobotSpaceExplorer:Wormhole","RobotSpaceExplorer:SurgingStrike"],"picked":"RobotSpaceExplorer:SwiftStep","floor":5},{"not_picked":["RobotSpaceExplorer:FranticSearch","RobotSpaceExplorer:Counterblock","RobotSpaceExplorer:ShovelStrike"],"picked":"SKIP","floor":8},{"not_picked":["RobotSpaceExplorer:PlasmaMissile","RobotSpaceExplorer:SlimeMissile"],"picked":"RobotSpaceExplorer:ShockMissile","floor":13}],"player_experience":839030,"relics_obtained":[{"floor":9,"key":"Runesmith:Nanobots"},{"floor":13,"key":"Blood Vial"}],"event_choices":[{"damage_healed":0,"gold_gain":0,"player_choice":"Rummage","damage_taken":0,"relics_obtained":["WarpedTongs"],"max_hp_gain":0,"max_hp_loss":0,"event_name":"Accursed Blacksmith","floor":4,"gold_loss":0,"cards_obtained":["Pain"]},{"damage_healed":0,"gold_gain":0,"player_choice":"Trade","damage_taken":0,"relics_obtained":["CultistMask"],"max_hp_gain":0,"max_hp_loss":0,"event_name":"FaceTrader","floor":7,"gold_loss":0},{"damage_healed":0,"gold_gain":0,"player_choice":"Take Wound","damage_taken":0,"relics_obtained":["Golden Idol"],"max_hp_gain":0,"max_hp_loss":0,"event_name":"Golden Idol","floor":10,"gold_loss":0,"cards_obtained":["Injury"]},{"damage_healed":0,"gold_gain":175,"player_choice":"AGREE","damage_taken":0,"max_hp_gain":0,"max_hp_loss":0,"event_name":"Liars Game","floor":11,"gold_loss":0,"cards_obtained":["Doubt"]},{"cards_removed":["Pain"],"damage_healed":0,"gold_gain":0,"player_choice":"Card Removal","damage_taken":7,"max_hp_gain":0,"max_hp_loss":0,"event_name":"Golden Wing","floor":14,"gold_loss":0}],"is_beta":false,"boss_relics":[],"items_purged_floors":[],"is_endless":false,"potions_floor_spawned":[3,5,8,13],"killed_by":"Slime Boss","ascension_level":9}}