{"host":"Jackie","time":1608780016,"event":{"mods":["BaseMod","Highlight Path","Minty Spire (QoL Compilation)","Relic Stats","Slay the Relics Exporter","StSLib","Twitch Decklist"],"gold_per_floor":[114,114,132,57,82,82,116,141,141,161,161,191,5,5,5,82,82,101,120,120,134,34,64,78,78,78],"floor_reached":25,"playtime":2782,"items_purged":["Strike_R","Strike_R"],"score":508,"play_id":"8336f1c3-b619-4a2a-b0ca-6c0e2efc109f","local_time":"20201223192016","is_ascension_mode":true,"campfire_choices":[{"data":"Bash","floor":6.0,"key":"SMITH"},{"data":"Blood for Blood","floor":11.0,"key":"SMITH"},{"data":"Clothesline","floor":15,"key":"SMITH"}],"circlet_count":0,"master_deck":["AscendersBane","Strike_R","Defend_R","Defend_R","Defend_R","Defend_R","Bash+1","Clothesline+1","Wild Strike","Blood for Blood+1","Twin Strike","Whirlwind","Corruption","Shrug It Off","Disarm","Feel No Pain"],"relics":["Burning Blood","NeowsBlessing","Calipers","Thread and Needle","Odd Mushroom","Magic Flower","Gambling Chip","Coffee Dripper","Anchor"],"acts_visited":["Exordium","TheCity"],"potions_floor_usage":[12,16,23,25],"damage_taken":[{"damage":0.0,"enemies":"Cultist","floor":1.0,"turns":1.0},{"damage":0.0,"enemies":"Jaw Worm","floor":3.0,"turns":1.0},{"damage":0.0,"enemies":"Gremlin Nob","floor":7.0,"turns":1.0},{"damage":21.0,"enemies":"The Mushroom Lair","floor":8.0,"turns":7.0},{"damage":8.0,"enemies":"Small Slimes","floor":10.0,"turns":4.0},{"damage":20,"enemies":"3 Sentries","floor":12,"turns":8},{"damage":12,"enemies":"The Guardian","floor":16,"turns":11},{"damage":6,"enemies":"Chosen","floor":18,"turns":4},{"damage":0,"enemies":"3 Byrds","floor":19,"turns":3},{"damage":0,"enemies":"Snecko","floor":21,"turns":5},{"damage":21,"enemies":"Book of Stabbing","floor":23,"turns":6},{"damage":16,"enemies":"Chosen and Byrds","floor":24,"turns":9},{"damage":54,"enemies":"Slavers","floor":25,"turns":5}],"seed_played":"8943817628272661546","potions_obtained":[{"floor":1.0,"key":"Weak Potion"},{"floor":3.0,"key":"Block Potion"},{"floor":16,"key":"PowerPotion"},{"floor":18,"key":"Block Potion"}],"is_trial":false,"path_per_floor":["M","?","M","?","T","R","E","?","T","M","R","E","$","?","R","B",null,"M","M","?","M","$","E","M","E"],"character_chosen":"IRONCLAD","items_purchased":["CultistPotion"],"campfire_rested":0,"item_purchase_floors":[13],"current_hp_per_floor":[74,69,75,75,75,75,75,60,60,61,61,50,50,43,43,40,66,69,75,54,63,63,51,44,0,0],"gold":78,"neow_bonus":"THREE_ENEMY_KILL","is_daily":false,"chose_seed":false,"campfire_upgraded":3,"win_rate":0.0,"timestamp":1608780016,"path_taken":["M","?","M","?","?","R","E","?","T","M","R","E","$","?","R","BOSS","M","M","?","M","$","E","M","E"],"items_purchased_type":["Potion"],"build_version":"2020-12-18","purchased_purges":2,"victory":false,"max_hp_per_floor":[75,75,75,75,75,75,75,75,75,75,75,75,75,75,75,75,75,75,75,80,80,80,80,80,80,80],"relic_stats":{"counters":[13,65],"Gambling Chip":[32],"Magic Flower":[21],"obtain_stats":[{"Anchor":23,"Calipers":2,"NeowsBlessing":0,"Gambling Chip":12,"Magic Flower":9,"Thread and Needle":7,"Coffee Dripper":17,"Odd Mushroom":8,"Burning Blood":0},{"Anchor":11,"Calipers":1,"NeowsBlessing":0,"Gambling Chip":6,"Magic Flower":4,"Thread and Needle":3,"Coffee Dripper":7,"Odd Mushroom":4,"Burning Blood":0},{"Anchor":51,"Calipers":1,"NeowsBlessing":0,"Gambling Chip":22,"Magic Flower":10,"Thread and Needle":3,"Coffee Dripper":33,"Odd Mushroom":10,"Burning Blood":0}],"Burning Blood":87},"card_choices":[{"not_picked":["Intimidate","Reckless Charge"],"picked":"Clothesline","floor":1.0},{"not_picked":["Perfected Strike","Clash"],"picked":"Wild Strike","floor":3.0},{"not_picked":["Pommel Strike","Double Tap"],"picked":"Blood for Blood","floor":7.0},{"not_picked":["Pommel Strike","Reckless Charge"],"picked":"Twin Strike","floor":10.0},{"not_picked":["Thunderclap","Perfected Strike"],"picked":"Whirlwind","floor":12},{"not_picked":["Immolate","Exhume"],"picked":"Corruption","floor":16},{"not_picked":["Reckless Charge","Pummel","Havoc"],"picked":"SKIP","floor":18},{"not_picked":["Wild Strike","Heavy Blade"],"picked":"Shrug It Off","floor":19},{"not_picked":["Thunderclap","Sword Boomerang+1"],"picked":"Disarm","floor":21},{"not_picked":["Blood for Blood+1","Power Through","Wild Strike"],"picked":"SKIP","floor":23},{"not_picked":["Clothesline","Heavy Blade"],"picked":"Feel No Pain","floor":24}],"player_experience":2132673,"relics_obtained":[{"floor":7.0,"key":"Thread and Needle"},{"floor":8.0,"key":"Odd Mushroom"},{"floor":9.0,"key":"Magic Flower"},{"floor":12,"key":"Gambling Chip"},{"floor":23,"key":"Anchor"}],"event_choices":[{"damage_healed":0.0,"max_hp_gain":0.0,"max_hp_loss":0.0,"gold_gain":0.0,"event_name":"Scrap Ooze","player_choice":"Success","floor":2.0,"gold_loss":0.0,"damage_taken":5.0,"relics_obtained":["Calipers"]},{"cards_removed":["Strike_R"],"damage_healed":0.0,"max_hp_gain":0.0,"max_hp_loss":0.0,"gold_gain":0.0,"event_name":"The Cleric","player_choice":"Card Removal","floor":4.0,"gold_loss":75.0,"damage_taken":0.0},{"damage_healed":0.0,"max_hp_gain":0.0,"max_hp_loss":0.0,"gold_gain":0.0,"event_name":"Mushrooms","player_choice":"Fought Mushrooms","floor":8.0,"gold_loss":0.0,"damage_taken":0.0},{"cards_removed":["Strike_R"],"damage_healed":0,"gold_gain":0,"player_choice":"Card Removal","damage_taken":7,"max_hp_gain":0,"max_hp_loss":0,"event_name":"Golden Wing","floor":14,"gold_loss":0},{"damage_healed":0,"gold_gain":0,"player_choice":"Shed Blood","damage_taken":26,"max_hp_gain":5,"max_hp_loss":0,"event_name":"Forgotten Altar","floor":20,"gold_loss":0}],"is_beta":true,"boss_relics":[{"not_picked":["Cursed Key","Calling Bell"],"picked":"Coffee Dripper"}],"items_purged_floors":[13,22],"is_endless":false,"potions_floor_spawned":[1,3,16,18],"killed_by":"Slavers","ascension_level":20}}