{"host":"diy71vlueofrnn1o","time":1608801610,"event":{"mods":["2.2 Compatiblity","AchievementEnabler","BaseMod","Best Route Mod","Colored Map","Curses Come First","DeckTracker","Minty Spire (QoL Compilation)","Quick Restart","Rare Cards Sparkle","StSLib","SuperFastMode"],"gold_per_floor":[116,127,146,321,331,360,376,390,390,421,433,444,472,246,246,354,404,427,216,216,315,339,339,339],"floor_reached":23,"playtime":927,"items_purged":["Doubt"],"score":290,"play_id":"078bab2e-7412-47dc-94e3-b8dab99bfe2f","local_time":"20201224102010","is_ascension_mode":true,"campfire_choices":[{"floor":15,"key":"RECALL"}],"circlet_count":0,"master_deck":["Strike_G","Strike_G","Strike_G","Strike_G","Strike_G+1","Defend_G","Defend_G","Defend_G","Defend_G","Defend_G","Survivor","Neutralize","Backstab","Terror","Skewer","Dagger Spray","Dash","Quick Slash","Flying Knee","Prepared","Footwork","Storm of Steel","Distraction+1","Accuracy","Dramatic Entrance","Tactician+1"],"relics":["Fusion Hammer","Kunai","Potion Belt","Sundial","CeramicFish","Lee\u0027s Waffle","Tiny House","Tiny Chest"],"acts_visited":["TheCity"],"potions_floor_usage":[8,10,11,13,13,18,18,23],"damage_taken":[{"damage":0,"enemies":"Jaw Worm","floor":1,"turns":4},{"damage":1,"enemies":"Small Slimes","floor":2,"turns":3},{"damage":0,"enemies":"Cultist","floor":3,"turns":2},{"damage":1,"enemies":"2 Fungi Beasts","floor":5,"turns":3},{"damage":18,"enemies":"Gremlin Nob","floor":6,"turns":3},{"damage":1,"enemies":"Looter","floor":7,"turns":2},{"damage":1,"enemies":"Blue Slaver","floor":8,"turns":2},{"damage":4,"enemies":"Lagavulin","floor":10,"turns":5},{"damage":17,"enemies":"Gremlin Gang","floor":11,"turns":4},{"damage":4,"enemies":"Looter","floor":12,"turns":3},{"damage":1,"enemies":"3 Sentries","floor":13,"turns":4},{"damage":46,"enemies":"The Guardian","floor":16,"turns":11},{"damage":5,"enemies":"3 Byrds","floor":18,"turns":5},{"damage":12,"enemies":"2 Thieves","floor":22,"turns":3},{"damage":54,"enemies":"Book of Stabbing","floor":23,"turns":5}],"seed_played":"-8366509607427991787","potions_obtained":[{"floor":1,"key":"Ancient Potion"},{"floor":6,"key":"SkillPotion"},{"floor":7,"key":"LiquidMemories"},{"floor":10,"key":"LiquidMemories"},{"floor":11,"key":"BlessingOfTheForge"},{"floor":12,"key":"Ancient Potion"},{"floor":16,"key":"Weak Potion"},{"floor":17,"key":"SkillPotion"},{"floor":18,"key":"Regen Potion"}],"is_trial":false,"path_per_floor":["M","M","M","?","M","E","M","M","T","E","M","M","E","$","R","B",null,"M","$","?","?","M","E"],"character_chosen":"THE_SILENT","items_purchased":["Lee\u0027s Waffle","Tiny Chest","Accuracy"],"campfire_rested":0,"item_purchase_floors":[14,19,19],"current_hp_per_floor":[63,62,62,62,61,43,42,41,41,37,20,16,15,77,77,31,71,66,66,66,48,36,0,0],"gold":339,"neow_bonus":"BOSS_RELIC","is_daily":false,"chose_seed":false,"campfire_upgraded":0,"win_rate":0.0,"timestamp":1608801610,"path_taken":["M","M","M","?","M","E","M","M","T","E","M","M","E","$","R","BOSS","M","$","?","?","M","E"],"items_purchased_type":["Relic","Relic","Card"],"build_version":"2020-12-22","purchased_purges":1,"victory":false,"max_hp_per_floor":[70,70,70,70,70,70,70,70,70,70,70,70,70,77,77,77,82,82,82,82,82,82,82,82],"card_choices":[{"not_picked":["Sucker Punch","Acrobatics"],"picked":"Backstab","floor":1},{"not_picked":["Dagger Spray","Prepared"],"picked":"Terror","floor":2},{"not_picked":["Flechettes","Setup"],"picked":"Skewer","floor":3},{"not_picked":["Bane","PiercingWail"],"picked":"Dagger Spray","floor":5},{"not_picked":["Quick Slash","Skewer"],"picked":"Dash","floor":6},{"not_picked":["Poisoned Stab","Caltrops"],"picked":"Quick Slash","floor":7},{"not_picked":["Dagger Spray","Corpse Explosion"],"picked":"Flying Knee","floor":8},{"not_picked":["Accuracy","Caltrops","Noxious Fumes"],"picked":"SKIP","floor":10},{"not_picked":["Dodge and Roll","Cloak And Dagger"],"picked":"Prepared","floor":11},{"not_picked":["Poisoned Stab","Bane"],"picked":"Footwork","floor":12},{"not_picked":["Backflip","Dagger Throw","Terror"],"picked":"SKIP","floor":13},{"not_picked":["Bullet Time","Corpse Explosion"],"picked":"Storm of Steel","floor":16},{"not_picked":["All Out Attack","Acrobatics"],"picked":"Distraction+1","floor":18},{"not_picked":["Bane","Accuracy+1"],"picked":"Tactician+1","floor":22}],"player_experience":389283,"relics_obtained":[{"floor":6,"key":"Kunai"},{"floor":9,"key":"Potion Belt"},{"floor":10,"key":"Sundial"},{"floor":13,"key":"CeramicFish"}],"event_choices":[{"damage_healed":0,"gold_gain":175,"player_choice":"AGREE","damage_taken":0,"max_hp_gain":0,"max_hp_loss":0,"event_name":"Liars Game","floor":4,"gold_loss":0,"cards_obtained":["Doubt"]},{"damage_healed":0,"gold_gain":0,"player_choice":"Ignored","damage_taken":0,"max_hp_gain":0,"max_hp_loss":0,"event_name":"Ghosts","floor":20,"gold_loss":0},{"damage_healed":0,"gold_gain":90,"player_choice":"GOLD CARD ","damage_taken":18,"max_hp_gain":0,"max_hp_loss":0,"event_name":"Knowing Skull","floor":21,"potions_obtained":[],"gold_loss":0,"cards_obtained":["Dramatic Entrance"]},{"damage_healed":0,"gold_gain":90,"player_choice":"GOLD CARD ","damage_taken":18,"max_hp_gain":0,"max_hp_loss":0,"event_name":"Knowing Skull","floor":21,"potions_obtained":[],"gold_loss":0,"cards_obtained":["Dramatic Entrance"]}],"is_beta":false,"boss_relics":[{"not_picked":["Snecko Eye","Runic Dome"],"picked":"Tiny House"}],"items_purged_floors":[14],"is_endless":false,"potions_floor_spawned":[1,6,7,10,11,12,16,18],"killed_by":"Book of Stabbing","ascension_level":7}}