{"host":"m6aaltr68g9tvoay","time":1608801609,"event":{"mods":["AchievementEnabler","BaseMod","Colored Map","Minty Spire (QoL Compilation)","StSLib"],"gold_per_floor":[119,169,181,196,39,39,39,39,86,104,84,84,117,133,133,208,208,220,60,60,60,60,60,73,73,73],"floor_reached":25,"playtime":922,"items_purged":[],"score":392,"play_id":"e13efa7b-de5c-4ffe-b5fd-6e10942c80b3","local_time":"20201224012009","is_ascension_mode":true,"campfire_choices":[{"data":"Creative AI","floor":6,"key":"SMITH"},{"data":"White Noise","floor":8,"key":"SMITH"},{"floor":12,"key":"REST"},{"floor":15,"key":"REST"},{"data":"RitualDagger","floor":23,"key":"SMITH"}],"circlet_count":0,"master_deck":["AscendersBane","Strike_B","Strike_B","Strike_B","Defend_B","Defend_B+1","Defend_B","Defend_B","Zap","Dualcast","Creative AI+1","Glacier","White Noise+1","Conserve Battery+1","Static Discharge","Ball Lightning","Redo","Amplify","Gash","RitualDagger+1","Steam Power","Chill"],"relics":["Cracked Core","Toy Ornithopter","War Paint","HornCleat","Inserter","Lee\u0027s Waffle","MutagenicStrength"],"acts_visited":["Exordium","TheCity"],"potions_floor_usage":[11,24,25],"damage_taken":[{"damage":2,"enemies":"Jaw Worm","floor":1,"turns":4},{"damage":1,"enemies":"Cultist","floor":3,"turns":3},{"damage":0,"enemies":"Small Slimes","floor":4,"turns":3},{"damage":23,"enemies":"3 Louse","floor":10,"turns":4},{"damage":10,"enemies":"Exordium Thugs","floor":11,"turns":4},{"damage":50,"enemies":"Gremlin Nob","floor":13,"turns":5},{"damage":0,"enemies":"Blue Slaver","floor":14,"turns":4},{"damage":32,"enemies":"The Guardian","floor":16,"turns":15},{"damage":30,"enemies":"2 Thieves","floor":18,"turns":5},{"damage":15,"enemies":"3 Byrds","floor":24,"turns":5},{"damage":67,"enemies":"Book of Stabbing","floor":25,"turns":7}],"seed_played":"-5136813248828849936","potions_obtained":[{"floor":1,"key":"SteroidPotion"},{"floor":4,"key":"Regen Potion"},{"floor":16,"key":"GamblersBrew"},{"floor":18,"key":"Block Potion"},{"floor":24,"key":"Energy Potion"}],"is_trial":false,"path_per_floor":["M","?","M","M","$","R","$","R","T","M","M","R","E","M","R","B",null,"M","$","?","?","?","R","M","E"],"character_chosen":"DEFECT","items_purchased":["Toy Ornithopter","Lee\u0027s Waffle"],"campfire_rested":2,"item_purchase_floors":[5,19],"current_hp_per_floor":[62,62,61,61,61,61,61,61,61,38,47,68,18,18,39,7,55,25,78,78,72,72,72,62,0,0],"gold":73,"neow_bonus":"ONE_RANDOM_RARE_CARD","is_daily":false,"chose_seed":false,"campfire_upgraded":3,"win_rate":0.0,"timestamp":1608801609,"path_taken":["M","?","M","M","$","R","$","R","T","M","M","R","E","M","R","BOSS","M","$","?","?","?","R","M","E"],"items_purchased_type":["Relic","Relic"],"build_version":"2020-12-22","purchased_purges":0,"victory":false,"max_hp_per_floor":[71,71,71,71,71,71,71,71,71,71,71,71,71,71,71,71,71,71,78,78,78,78,78,78,78,78],"card_choices":[{"not_picked":["Scrape","Fusion"],"picked":"Glacier","floor":1},{"not_picked":["Conserve Battery","Steam"],"picked":"White Noise","floor":3},{"not_picked":["Beam Cell","Go for the Eyes"],"picked":"Conserve Battery","floor":4},{"not_picked":["Hologram","Fission"],"picked":"Static Discharge","floor":10},{"not_picked":["Steam","Blizzard"],"picked":"Ball Lightning","floor":11},{"not_picked":["Biased Cognition","Coolheaded"],"picked":"Redo","floor":13},{"not_picked":["FTL","Stack","Turbo"],"picked":"SKIP","floor":14},{"not_picked":["Rainbow","Meteor Strike"],"picked":"Amplify","floor":16},{"not_picked":["Compile Driver","Double Energy"],"picked":"Gash","floor":18},{"not_picked":["Ball Lightning","Rip and Tear"],"picked":"Chill","floor":24}],"player_experience":1306871,"relics_obtained":[{"floor":9,"key":"War Paint"},{"floor":13,"key":"HornCleat"}],"event_choices":[{"damage_healed":0,"gold_gain":50,"player_choice":"Pray","damage_taken":0,"max_hp_gain":0,"max_hp_loss":0,"event_name":"Golden Shrine","floor":2,"gold_loss":0},{"damage_healed":0,"gold_gain":0,"player_choice":"Inject Mutagens","damage_taken":0,"relics_obtained":["MutagenicStrength"],"max_hp_gain":0,"max_hp_loss":0,"event_name":"Drug Dealer","floor":20,"gold_loss":0},{"damage_healed":0,"gold_gain":0,"player_choice":"Joined the Cult","damage_taken":6,"max_hp_gain":0,"max_hp_loss":0,"event_name":"Nest","floor":21,"gold_loss":0,"cards_obtained":["RitualDagger"]},{"damage_healed":0,"gold_gain":0,"cards_transformed":["Strike_B"],"player_choice":"Transformed","damage_taken":0,"max_hp_gain":0,"max_hp_loss":0,"event_name":"Transmorgrifier","floor":22,"gold_loss":0,"cards_obtained":["Steam Power"]}],"is_beta":false,"boss_relics":[{"not_picked":["Black Star","Pandora\u0027s Box"],"picked":"Inserter"}],"items_purged_floors":[],"is_endless":false,"potions_floor_spawned":[1,4,16,18,24],"killed_by":"Book of Stabbing","ascension_level":19}}