{"host":"p6y17sixyu8q9v1f","time":1608815311,"event":{"mods":["BaseMod","Colored Map","Minty Spire (QoL Compilation)"],"gold_per_floor":[113,188,201,476,108,140,152,176,188,200,242,270,295,332,344,356,356],"floor_reached":16,"playtime":930,"items_purged":["Regret"],"score":174,"play_id":"8825076e-c3ef-47d4-a9da-ab857c13fbb2","local_time":"20201224070831","is_ascension_mode":true,"campfire_choices":[{"data":"Eruption","floor":7,"key":"SMITH"},{"data":"WreathOfFlame","floor":10,"key":"SMITH"},{"floor":15,"key":"REST"}],"circlet_count":0,"master_deck":["Strike_P","Strike_P","Strike_P","Strike_P","Defend_P","Defend_P","Defend_P","Defend_P","Eruption+1","Vigilance","PathToVictory","Prostrate","WreathOfFlame+1","Prostrate","PathToVictory","Swivel+1","BowlingBash","FlyingSleeves"],"relics":["PureWater","NeowsBlessing","Bottled Lightning","MawBank","Mercury Hourglass","Toxic Egg 2","Nunchaku"],"acts_visited":["Exordium"],"potions_floor_usage":[16],"damage_taken":[{"damage":0,"enemies":"Jaw Worm","floor":1,"turns":1},{"damage":0,"enemies":"Small Slimes","floor":3,"turns":1},{"damage":0,"enemies":"Gremlin Nob","floor":6,"turns":1},{"damage":0,"enemies":"Cultist","floor":8,"turns":3},{"damage":46,"enemies":"Lagavulin","floor":11,"turns":8},{"damage":2,"enemies":"Looter","floor":12,"turns":3},{"damage":0,"enemies":"Gremlin Gang","floor":13,"turns":4},{"damage":5,"enemies":"3 Sentries","floor":14,"turns":7},{"damage":44,"enemies":"The Guardian","floor":16,"turns":4}],"seed_played":"-2510989137185908950","potions_obtained":[{"floor":6,"key":"BlessingOfTheForge"},{"floor":8,"key":"BlessingOfTheForge"},{"floor":12,"key":"Ancient Potion"},{"floor":13,"key":"DistilledChaos"}],"is_trial":false,"path_per_floor":["M","?","M","?","$","E","R","M","T","R","E","M","M","E","R","B"],"character_chosen":"WATCHER","items_purchased":["WreathOfFlame","Bottled Lightning"],"campfire_rested":1,"item_purchase_floors":[5,5],"current_hp_per_floor":[72,61,61,61,61,61,61,61,61,61,15,13,13,8,29,0,0],"gold":356,"neow_bonus":"THREE_ENEMY_KILL","is_daily":false,"chose_seed":false,"campfire_upgraded":2,"win_rate":0.0,"timestamp":1608815311,"path_taken":["M","?","M","?","$","E","R","M","T","R","E","?","M","E","R","BOSS"],"items_purchased_type":["Card","Relic"],"build_version":"2020-12-22","purchased_purges":1,"victory":false,"max_hp_per_floor":[72,72,72,72,72,72,72,72,72,72,72,72,72,72,72,72,72],"card_choices":[{"not_picked":["CrushJoints","ClearTheMind"],"picked":"PathToVictory","floor":1},{"not_picked":["InnerPeace","FlyingSleeves"],"picked":"Prostrate","floor":3},{"not_picked":["ClearTheMind","Weave"],"picked":"Prostrate","floor":6},{"not_picked":["Evaluate","Vengeance"],"picked":"PathToVictory","floor":8},{"not_picked":["FlurryOfBlows","SpiritShield+1"],"picked":"Swivel+1","floor":11},{"not_picked":["Crescendo+1","Evaluate+1"],"picked":"BowlingBash","floor":12},{"not_picked":["DeceiveReality+1","Nirvana","FearNoEvil"],"picked":"SKIP","floor":13},{"not_picked":["EmptyFist","Vengeance+1"],"picked":"FlyingSleeves","floor":14}],"player_experience":789783,"relics_obtained":[{"floor":6,"key":"MawBank"},{"floor":9,"key":"Mercury Hourglass"},{"floor":11,"key":"Toxic Egg 2"},{"floor":14,"key":"Nunchaku"}],"event_choices":[{"damage_healed":0,"gold_gain":75,"player_choice":"Gather Gold","damage_taken":11,"max_hp_gain":0,"max_hp_loss":0,"event_name":"World of Goop","floor":2,"gold_loss":0},{"damage_healed":0,"gold_gain":275,"player_choice":"Desecrate","damage_taken":0,"max_hp_gain":0,"max_hp_loss":0,"event_name":"Golden Shrine","floor":4,"gold_loss":0,"cards_obtained":["Regret"]}],"is_beta":false,"boss_relics":[],"items_purged_floors":[5],"is_endless":false,"potions_floor_spawned":[6,8,12,13],"killed_by":"The Guardian","ascension_level":4}}