{"host":"6a06qhlf17v5rcww","time":1608780650,"event":{"mods":["BaseMod","Beaked The Cultist","Better Altar","Better Match","Better Note","Better Sensory Stone","Better Skull","Better Third Choice","BetterRewards","Downfall","Hermit","Minty Spire (QoL Compilation)","Rare Cards Sparkle","Replay The Spire","StSLib","The Cursed","The Witch"],"gold_per_floor":[99,99,129,129,61,161,161,86,86,26,45,45,62,24,39,141,141,141,156,171,171,121,153,153,153,153,166,166,58,58,68,68,68,68],"floor_reached":32,"playtime":3828,"items_purged":[],"score":224,"play_id":"3b04e020-215d-4e5d-bf5b-9ef0a6480f4d","local_time":"20201223223050","is_ascension_mode":false,"campfire_choices":[{"floor":1.0,"key":"DIG"},{"data":"champ:Taunt","floor":8.0,"key":"SMITH"},{"data":"champ:GladiatorStyle","floor":12.0,"key":"SMITH"},{"data":"champ:CrookedStrike","floor":18.0,"key":"SMITH"},{"floor":26.0,"key":"REST"}],"circlet_count":0,"master_deck":["champ:Strike","champ:Strike","champ:Strike","champ:Strike","champ:Defend","champ:Defend","champ:Defend","champ:Defend","champ:Execute","champ:Taunt+1","champ:GladiatorStyle+1","champ:Haymaker","champ:DeathBlow","champ:CrownThrow","Scrawl+1","champ:StanceDance","champ:GladiatorsShout","champ:Riposte","champ:Duel","champ:FanOfKnives","champ:CrookedStrike+1","champ:CheapShot","champ:Backstep","champ:GladiatorStyle+1","champ:Taunt","champ:GutPunch+1","champ:CalledShot","champ:Circumvent","champ:BringItOn+1","champ:SkillfulDodge","champ:AdrenalArmor","champ:PreciseThrust","Scrawl+1","champ:FlashCut"],"relics":["champ:ChampionCrown","downfall:HeartsMalice","ReplayFunnel","Omamori","Champion Belt","downfall:HeartBlessingBlue","SlaversCollar","Red Mask","Chameleon Ring","Nloth\u0027s Gift","Replay:Arrowhead"],"acts_visited":["Exordium","TheCity"],"potions_floor_usage":[],"damage_taken":[{"damage":0.0,"enemies":"Jaw Worm","floor":2.0,"turns":1.0},{"damage":0.0,"enemies":"downfall:FleeingMerchant","floor":5.0,"turns":1.0},{"damage":0.0,"enemies":"downfall:FleeingMerchant","floor":6.0,"turns":1.0},{"damage":5.0,"enemies":"downfall:FleeingMerchant","floor":10.0,"turns":4.0},{"damage":2.0,"enemies":"2 Louse","floor":11.0,"turns":3.0},{"damage":9.0,"enemies":"Small Slimes","floor":13.0,"turns":3.0},{"damage":17.0,"enemies":"downfall:FleeingMerchant","floor":14.0,"turns":4.0},{"damage":3.0,"enemies":"Blue Slaver","floor":15.0,"turns":4.0},{"damage":22.0,"enemies":"downfall:Silent","floor":16.0,"turns":9.0},{"damage":16.0,"enemies":"3 Byrds","floor":19.0,"turns":4.0},{"damage":54.0,"enemies":"Chosen","floor":20.0,"turns":7.0},{"damage":10.0,"enemies":"downfall:FleeingMerchant","floor":22.0,"turns":4.0},{"damage":58.0,"enemies":"Masked Bandits","floor":23.0,"turns":5.0},{"damage":31.0,"enemies":"Centurion and Healer","floor":27.0,"turns":6.0},{"damage":10.0,"enemies":"downfall:FleeingMerchant","floor":29.0,"turns":5.0},{"damage":22,"enemies":"Snake Plant","floor":31,"turns":5},{"damage":41,"enemies":"Shelled Parasite and Fungi","floor":32,"turns":5}],"seed_played":"5654866684037135093","potions_obtained":[{"floor":6.0,"key":"champ:OpenerPotion"},{"floor":11.0,"key":"Ancient Potion"},{"floor":13.0,"key":"GamblersBrew"},{"floor":23.0,"key":"SpeedPotion"},{"floor":27.0,"key":"LiquidBronze"},{"floor":31,"key":"champ:TechniquePotion"}],"is_trial":false,"path_per_floor":["R","M","?","?","$","?","T","R","?","$","M","R","M","$","M","B",null,"R","M","M","?","$","?","T","?","R","M","T","$","?","M","M"],"character_chosen":"THE_CHAMP","items_purchased":["champ:DeathBlow","champ:GladiatorsShout","champ:FanOfKnives","champ:CalledShot","champ:AdrenalArmor","champ:PreciseThrust"],"campfire_rested":1,"item_purchase_floors":[5,10,14,22,29,29],"current_hp_per_floor":[90,90,90,90,90,90,90,100,77,77,75,75,66,59,56,34,100,100,100,59,59,59,21,21,21,51,30,30,30,30,22,0,0,0],"gold":68,"neow_bonus":"THREE_ENEMY_KILL","is_daily":false,"chose_seed":false,"campfire_upgraded":3,"win_rate":0.0,"timestamp":1608780650,"path_taken":["R","M","?","?","$","?","T","R","?","$","?","R","M","?","M","BOSS","R","M","M","?","$","?","T","?","R","?","?","$","?","M","M"],"items_purchased_type":["Card","Card","Card","Card","Card","Card"],"build_version":"2020-12-22","purchased_purges":0,"victory":false,"max_hp_per_floor":[90,90,90,90,90,90,90,100,100,100,100,100,100,100,100,100,100,100,100,100,100,100,100,100,100,100,100,100,100,100,100,100,100,100],"card_choices":[{"not_picked":["champ:Haymaker","champ:BringItOn"],"picked":"champ:GladiatorStyle","floor":2.0},{"not_picked":["champ:FocusedBerserking","champ:GutPunch"],"picked":"champ:Haymaker","floor":5.0},{"not_picked":["champ:TornadoPunch","champ:FlashCut"],"picked":"champ:CrownThrow","floor":6.0},{"not_picked":["champ:GutPunch","champ:DefensiveStyle"],"picked":"champ:StanceDance","floor":10.0},{"not_picked":["champ:GladiatorsShout","champ:EndlessRage","champ:Circumvent"],"picked":"SKIP","floor":11.0},{"not_picked":["champ:TornadoPunch","champ:SkillfulDodge"],"picked":"champ:Riposte","floor":13.0},{"not_picked":["champ:Circumvent","champ:Haymaker"],"picked":"champ:Duel","floor":14.0},{"not_picked":["champ:StanceDance","champ:Haymaker"],"picked":"champ:CrookedStrike","floor":15.0},{"not_picked":["champ:SwordThrow","champ:Devastate"],"picked":"champ:CheapShot","floor":16.0},{"not_picked":["champ:CrookedStrike","champ:RapidStrikes"],"picked":"champ:Backstep","floor":19.0},{"not_picked":["champ:BringItOn","champ:CrookedStrike"],"picked":"champ:GladiatorStyle+1","floor":20.0},{"not_picked":["champ:CrookedStrike","champ:VampiricStrike"],"picked":"champ:GutPunch+1","floor":22.0},{"not_picked":["champ:Haymaker","champ:Riposte"],"picked":"champ:Circumvent","floor":23.0},{"not_picked":["champ:EnGarde","champ:CrownThrow"],"picked":"champ:BringItOn+1","floor":27.0},{"not_picked":["champ:FocusedGladiator","champ:DefensiveShout"],"picked":"champ:SkillfulDodge","floor":29.0},{"not_picked":["champ:StanceDance","champ:GutPunch"],"picked":"champ:FlashCut","floor":31}],"player_experience":704342,"relics_obtained":[{"floor":1.0,"key":"ReplayFunnel"},{"floor":6.0,"key":"Champion Belt"},{"floor":23.0,"key":"Red Mask"},{"floor":24.0,"key":"Chameleon Ring"},{"floor":28.0,"key":"Replay:Arrowhead"}],"event_choices":[{"cards_removed":["champ:Taunt"],"damage_healed":0.0,"max_hp_gain":0.0,"max_hp_loss":0.0,"gold_gain":0.0,"event_name":"betterNote:BetterNote","player_choice":"Take \u0026 Give","floor":21.0,"gold_loss":0.0,"damage_taken":0.0,"cards_obtained":["champ:Taunt"]},{"damage_healed":0.0,"max_hp_gain":0.0,"max_hp_loss":0.0,"gold_gain":0.0,"event_name":"Masked Bandits","player_choice":"Fought Bandits","floor":23.0,"gold_loss":0.0,"damage_taken":0.0},{"damage_healed":0.0,"max_hp_gain":0.0,"max_hp_loss":0.0,"gold_gain":0.0,"event_name":"Duplicator","player_choice":"Copied","floor":30.0,"gold_loss":0.0,"damage_taken":0.0,"cards_obtained":["Scrawl"]}],"is_beta":false,"boss_relics":[{"not_picked":["Replay:Ancient Bell","Calling Bell"],"picked":"SlaversCollar"}],"items_purged_floors":[],"is_endless":false,"potions_floor_spawned":[6,11,13,23,27,31],"killed_by":"Shelled Parasite and Fungi","ascension_level":0}}