{"host":"15ff3ltgpietarej","time":1608834673,"event":{"mods":["BaseMod","Downfall","Highlight Path","Minty Spire (QoL Compilation)","StSLib"],"gold_per_floor":[118,138,152,152,162,162,5,32,32,52,52,83,83,116,116,214,264,281,247,267,279,279,314,314,332,332,360,24,35,70,88,88,183,183,199,209,219,235,247,272,272,300,300,300,300],"floor_reached":44,"playtime":2728,"items_purged":[],"score":773,"play_id":"fcccd4e5-da7d-4e27-89e5-16ae34080b44","local_time":"20201224193113","is_ascension_mode":true,"campfire_choices":[{"data":"Conserve Battery","floor":6,"key":"SMITH"},{"floor":11,"key":"REST"},{"data":"Self Repair","floor":13,"key":"SMITH"},{"data":"Rainbow","floor":15,"key":"SMITH"},{"data":"Echo Form","floor":24,"key":"SMITH"},{"data":"expansioncontent:StudyTheSpire","floor":32,"key":"SMITH"},{"data":"Doom and Gloom","floor":41,"key":"SMITH"}],"circlet_count":0,"master_deck":["Strike_B","Strike_B","Strike_B+1","Strike_B","Defend_B","Defend_B","Defend_B","Zap","Dualcast","Conserve Battery+1","Melter","Ball Lightning","Streamline","Storm","Self Repair+1","Rainbow+1","Echo Form+1","Streamline","Doom and Gloom+1","Consume","Heatsinks+1","expansioncontent:StudyTheSpire+1","Heatsinks","Thunder Strike","Lockon+1","Heatsinks+1"],"relics":["Snecko Eye","DataDisk","StrikeDummy","Guardian:GemstoneGun","Du-Vu Doll","Pantograph","Tiny House","Toy Ornithopter","WingedGreaves","ClockworkSouvenir","White Beast Statue","SacredBark","Bag of Preparation","Omamori","Smiling Mask"],"acts_visited":["Exordium","TheCity","TheBeyond"],"potions_floor_usage":[8,23,23,27,27,30,31,33,33,35,38,40,40,42,42,44],"damage_taken":[{"damage":1,"enemies":"Small Slimes","floor":1,"turns":3},{"damage":0,"enemies":"Cultist","floor":2,"turns":4},{"damage":0,"enemies":"2 Louse","floor":3,"turns":4},{"damage":0,"enemies":"Gremlin Gang","floor":5,"turns":3},{"damage":15,"enemies":"Lagavulin","floor":8,"turns":5},{"damage":0,"enemies":"Blue Slaver","floor":10,"turns":2},{"damage":21,"enemies":"Gremlin Nob","floor":12,"turns":4},{"damage":20,"enemies":"Lagavulin","floor":14,"turns":3},{"damage":13,"enemies":"The Guardian","floor":16,"turns":8},{"damage":8,"enemies":"3 Byrds","floor":18,"turns":3},{"damage":0,"enemies":"Spheric Guardian","floor":20,"turns":3},{"damage":12,"enemies":"Cultist and Chosen","floor":21,"turns":5},{"damage":12,"enemies":"Book of Stabbing","floor":23,"turns":4},{"damage":10,"enemies":"Snecko","floor":25,"turns":4},{"damage":43,"enemies":"Slavers","floor":27,"turns":3},{"damage":0,"enemies":"3 Cultists","floor":29,"turns":3},{"damage":40,"enemies":"Book of Stabbing","floor":30,"turns":5},{"damage":23,"enemies":"Chosen and Byrds","floor":31,"turns":5},{"damage":23,"enemies":"Champ","floor":33,"turns":8},{"damage":9,"enemies":"3 Darklings","floor":35,"turns":5},{"damage":13,"enemies":"Orb Walker","floor":36,"turns":3},{"damage":28,"enemies":"Spire Growth","floor":37,"turns":5},{"damage":6,"enemies":"Jaw Worm Horde","floor":38,"turns":4},{"damage":32,"enemies":"3 Darklings","floor":39,"turns":5},{"damage":19,"enemies":"Giant Head","floor":40,"turns":6},{"damage":43,"enemies":"Nemesis","floor":42,"turns":5},{"damage":99,"enemies":"Giant Head","floor":44,"turns":8}],"seed_played":"-7423402574275068744","potions_obtained":[{"floor":2,"key":"EssenceOfDarkness"},{"floor":5,"key":"SmokeBomb"},{"floor":8,"key":"ColorlessPotion"},{"floor":10,"key":"Slimebound:ThreeZeroPotion"},{"floor":17,"key":"Block Potion"},{"floor":23,"key":"SkillPotion"},{"floor":25,"key":"DistilledChaos"},{"floor":27,"key":"Energy Potion"},{"floor":30,"key":"DistilledChaos"},{"floor":31,"key":"Block Potion"},{"floor":33,"key":"Slimebound:ThreeZeroPotion"},{"floor":35,"key":"sneckomod:MuddlingPotion"},{"floor":36,"key":"Energy Potion"},{"floor":37,"key":"LiquidMemories"},{"floor":38,"key":"Swift Potion"},{"floor":40,"key":"champ:CounterPotion"},{"floor":42,"key":"Regen Potion"}],"is_trial":false,"path_per_floor":["M","M","M","?","M","R","$","E","T","M","R","E","R","E","R","B",null,"M","$","M","M","?","E","R","M","T","E","$","M","E","M","R","B",null,"M","M","M","M","M","E","R","E","T","E"],"character_chosen":"DEFECT","items_purchased":["DataDisk","Doom and Gloom","ClockworkSouvenir","expansioncontent:StudyTheSpire"],"campfire_rested":1,"item_purchase_floors":[7,19,28,28],"current_hp_per_floor":[67,67,67,67,67,67,67,52,52,52,74,53,53,33,33,55,75,77,77,80,78,80,68,68,78,78,55,55,65,40,32,32,54,74,70,67,49,58,46,47,47,34,34,0,0],"gold":300,"neow_bonus":"BOSS_RELIC","is_daily":false,"chose_seed":false,"campfire_upgraded":6,"win_rate":0.0,"timestamp":1608834673,"path_taken":["M","M","M","?","M","R","?","E","T","M","R","E","R","E","R","BOSS","M","?","M","?","?","E","R","M","T","E","$","M","E","M","R","BOSS","M","M","M","?","M","E","R","E","T","E"],"items_purchased_type":["Relic","Card","Relic","Card"],"build_version":"2020-12-22","purchased_purges":0,"victory":false,"max_hp_per_floor":[75,75,75,75,75,75,75,75,75,75,75,75,75,75,75,75,80,80,80,80,80,80,80,80,80,80,80,80,80,80,80,80,80,80,80,80,80,80,80,80,80,80,80,80,80],"card_choices":[{"not_picked":["Go for the Eyes","Gash","Barrage"],"picked":"SKIP","floor":1},{"not_picked":["Leap","Turbo"],"picked":"Conserve Battery","floor":2},{"not_picked":["Beam Cell","Stack"],"picked":"Melter","floor":3},{"not_picked":["Static Discharge","Turbo"],"picked":"Ball Lightning","floor":5},{"not_picked":["Scrape","All For One"],"picked":"Streamline","floor":8},{"not_picked":["Steam","Steam Power"],"picked":"Storm","floor":10},{"not_picked":["Conserve Battery","Steam"],"picked":"Self Repair","floor":12},{"not_picked":["Go for the Eyes","Streamline"],"picked":"Rainbow","floor":14},{"not_picked":["Electrodynamics","Thunder Strike"],"picked":"Echo Form","floor":16},{"not_picked":["Turbo","Hello World"],"picked":"Streamline","floor":17},{"not_picked":["Streamline","Stack","Blizzard"],"picked":"SKIP","floor":18},{"not_picked":["Sweeping Beam","Beam Cell","Blizzard"],"picked":"SKIP","floor":20},{"not_picked":["Hyperbeam","Reprogram"],"picked":"Self Repair","floor":21},{"not_picked":["Reinforced Body","Leap","Sweeping Beam"],"picked":"SKIP","floor":23},{"not_picked":["Sweeping Beam+1","Hello World+1"],"picked":"Consume","floor":25},{"not_picked":["Barrage+1","Amplify"],"picked":"Heatsinks+1","floor":27},{"not_picked":["Rebound","Stack","Barrage"],"picked":"SKIP","floor":29},{"not_picked":["Hologram","Barrage"],"picked":"Heatsinks","floor":30},{"not_picked":["Go for the Eyes","Conserve Battery","White Noise"],"picked":"SKIP","floor":31},{"not_picked":["Seek","Reboot"],"picked":"Thunder Strike","floor":33},{"not_picked":["Redo","Double Energy+1","Compile Driver"],"picked":"SKIP","floor":35},{"not_picked":["Turbo","Beam Cell","Stack+1"],"picked":"SKIP","floor":36},{"not_picked":["Cold Snap","Go for the Eyes"],"picked":"Lockon+1","floor":37},{"not_picked":["Redo+1","Steam Power+1","Leap+1"],"picked":"SKIP","floor":38},{"not_picked":["Static Discharge","Scrape"],"picked":"Heatsinks+1","floor":39},{"not_picked":["Biased Cognition","Gash","Double Energy+1"],"picked":"SKIP","floor":40},{"not_picked":["Scrape+1","Sweeping Beam+1","Biased Cognition"],"picked":"SKIP","floor":42}],"player_experience":409982,"relics_obtained":[{"floor":8,"key":"StrikeDummy"},{"floor":9,"key":"Guardian:GemstoneGun"},{"floor":12,"key":"Du-Vu Doll"},{"floor":14,"key":"Pantograph"},{"floor":23,"key":"Toy Ornithopter"},{"floor":27,"key":"WingedGreaves"},{"floor":30,"key":"White Beast Statue"},{"floor":40,"key":"Bag of Preparation"},{"floor":42,"key":"Omamori"},{"floor":43,"key":"Smiling Mask"}],"event_choices":[{"cards_removed":["Defend_B"],"damage_healed":0,"gold_gain":0,"player_choice":"Card Removal","damage_taken":0,"max_hp_gain":0,"max_hp_loss":0,"event_name":"Wheel of Change","floor":4,"gold_loss":0},{"cards_removed":["Self Repair"],"damage_healed":2,"gold_gain":0,"player_choice":"Offered Uncommon","damage_taken":0,"max_hp_gain":0,"max_hp_loss":0,"event_name":"Bonfire Elementals","floor":22,"gold_loss":0}],"is_beta":false,"boss_relics":[{"not_picked":["Ectoplasm","Runic Pyramid"],"picked":"Tiny House"},{"not_picked":["SlaversCollar","Philosopher\u0027s Stone"],"picked":"SacredBark"}],"items_purged_floors":[],"is_endless":false,"potions_floor_spawned":[2,5,8,10,23,25,27,30,31,33,35,36,37,38,39,40,42],"killed_by":"Giant Head","ascension_level":8}}