{"host":"9b7hrp48q3pna783","time":1608807346,"event":{"mods":["BaseMod","Colored Map","Colored Powertips","Highlight Path","Minty Spire (QoL Compilation)","Relic Stats"],"gold_per_floor":[109,129,129,143,158,158,158,158],"floor_reached":7,"playtime":613,"items_purged":[],"score":43,"play_id":"6ee737a6-06b3-49a8-858f-a20762c596c5","local_time":"20201224055546","is_ascension_mode":false,"campfire_choices":[{"data":"Armaments","floor":6,"key":"SMITH"}],"circlet_count":0,"master_deck":["Strike_R","Strike_R","Strike_R","Strike_R","Defend_R","Defend_R","Defend_R","Defend_R","Bash","Thunderclap","Armaments+1","Power Through","Heavy Blade","Pommel Strike"],"relics":["Burning Blood"],"acts_visited":["Exordium"],"potions_floor_usage":[7],"damage_taken":[{"damage":11,"enemies":"Jaw Worm","floor":1,"turns":4},{"damage":9,"enemies":"Cultist","floor":2,"turns":4},{"damage":6,"enemies":"2 Louse","floor":4,"turns":4},{"damage":19,"enemies":"Red Slaver","floor":5,"turns":5},{"damage":65,"enemies":"Gremlin Nob","floor":7,"turns":6}],"seed_played":"-6471862224281171921","potions_obtained":[{"floor":5,"key":"Block Potion"}],"is_trial":false,"path_per_floor":["M","M","?","M","M","R","E"],"character_chosen":"IRONCLAD","items_purchased":[],"campfire_rested":0,"item_purchase_floors":[],"current_hp_per_floor":[75,72,72,72,59,59,0,0],"gold":158,"neow_bonus":"THREE_CARDS","is_daily":false,"chose_seed":false,"campfire_upgraded":1,"win_rate":0.0,"timestamp":1608807346,"path_taken":["M","M","?","M","M","R","E"],"items_purchased_type":[],"build_version":"2020-12-22","purchased_purges":0,"victory":false,"max_hp_per_floor":[80,80,80,80,80,80,80,80],"relic_stats":{"counters":[5,23],"obtain_stats":[{"Burning Blood":0},{"Burning Blood":0},{"Burning Blood":0}],"Burning Blood":24},"card_choices":[{"not_picked":["Intimidate","Body Slam"],"picked":"Thunderclap","floor":0},{"not_picked":["Heavy Blade","Shrug It Off"],"picked":"Armaments","floor":1},{"not_picked":["Rupture","Cleave"],"picked":"Power Through","floor":2},{"not_picked":["Intimidate","Perfected Strike"],"picked":"Heavy Blade","floor":4},{"not_picked":["Perfected Strike","Headbutt"],"picked":"Pommel Strike","floor":5}],"player_experience":34464,"relics_obtained":[],"event_choices":[{"cards_removed":["Strike_R"],"damage_healed":0,"gold_gain":0,"player_choice":"Forget","damage_taken":0,"max_hp_gain":0,"max_hp_loss":0,"event_name":"Living Wall","floor":3,"gold_loss":0}],"is_beta":false,"boss_relics":[],"items_purged_floors":[],"is_endless":false,"potions_floor_spawned":[5],"killed_by":"Gremlin Nob","ascension_level":0}}