{"host":"08nxni9rwzvm98vp","time":1608796340,"event":{"mods":["AchievementEnabler","BaseMod","Card Forge","Colored Powertips","Googly Eyes","Highlight Path","Marisa£¨Ùöéë¡¡Øª×âÞÞ£©","Minty Spire (QoL Compilation)","Quick Restart","Rare Cards Sparkle","StSLib","SuperFastMode"],"gold_per_floor":[117,127,127,52,66,66,97,172,172,187,187,187,64,95,95,95,95],"floor_reached":16,"playtime":671,"items_purged":["Strike_MRS","OrrerysSun"],"score":105,"play_id":"a645328e-fc3a-4ece-82f7-6bccc0b0a827","local_time":"20201224165220","is_ascension_mode":true,"campfire_choices":[{"data":"DoubleSpark","floor":6,"key":"SMITH"},{"floor":11,"key":"REST"},{"data":"FairyDestructionRay","floor":15,"key":"SMITH"}],"circlet_count":0,"master_deck":["Strike_MRS","Strike_MRS","Strike_MRS","Defend_MRS+1","Defend_MRS","Defend_MRS","Defend_MRS","MasterSpark+1","UpSweep","DoubleSpark+1","Acceleration","FairyDestructionRay+1","WitchOfGreed"],"relics":["Hammer of Thor","Seething Fire","Anvil of the Gods","Busted Crown","Pear","Dream Catcher","Ancient Tea Set"],"acts_visited":["Exordium"],"potions_floor_usage":[7,16,16,16],"damage_taken":[{"damage":0,"enemies":"Small Slimes","floor":1,"turns":3},{"damage":2,"enemies":"Jaw Worm","floor":2,"turns":3},{"damage":0,"enemies":"2 Louse","floor":5,"turns":2},{"damage":19,"enemies":"Lagavulin","floor":7,"turns":8},{"damage":0,"enemies":"Looter","floor":10,"turns":3},{"damage":2,"enemies":"Blue Slaver","floor":14,"turns":2},{"damage":47,"enemies":"The Guardian","floor":16,"turns":11}],"seed_played":"-3790847404474198875","potions_obtained":[{"floor":1,"key":"SkillPotion"},{"floor":5,"key":"SpeedPotion"},{"floor":10,"key":"Swift Potion"},{"floor":14,"key":"Block Potion"}],"is_trial":false,"path_per_floor":["M","M","?","$","M","R","E","?","T","M","R","?","$","M","R","B"],"character_chosen":"MARISA","items_purchased":["WitchOfGreed"],"campfire_rested":1,"item_purchase_floors":[13],"current_hp_per_floor":[75,73,58,58,58,58,49,38,38,38,63,45,45,43,43,0,0],"gold":95,"neow_bonus":"BOSS_RELIC","is_daily":false,"chose_seed":false,"campfire_upgraded":2,"win_rate":0.0,"timestamp":1608796340,"path_taken":["M","M","?","$","M","R","E","?","T","M","R","?","$","M","R","BOSS"],"items_purchased_type":["Card"],"build_version":"2020-12-22","purchased_purges":2,"victory":false,"max_hp_per_floor":[75,75,75,75,75,75,85,85,85,85,85,85,85,85,85,85,85],"card_choices":[{"not_picked":[],"picked":"OrrerysSun","floor":1},{"not_picked":[],"picked":"DoubleSpark","floor":2},{"not_picked":["MysteriousBeam"],"picked":"SKIP","floor":5},{"not_picked":["OneTimeOff"],"picked":"SKIP","floor":7},{"not_picked":[],"picked":"Acceleration","floor":10},{"not_picked":[],"picked":"FairyDestructionRay","floor":11},{"not_picked":["MysteriousBeam"],"picked":"SKIP","floor":14}],"player_experience":638081,"relics_obtained":[{"floor":7,"key":"Pear"},{"floor":9,"key":"Dream Catcher"}],"event_choices":[{"damage_healed":0,"gold_gain":0,"player_choice":"Entered Light","damage_taken":15,"max_hp_gain":0,"max_hp_loss":0,"event_name":"Shining Light","floor":3,"gold_loss":0,"cards_upgraded":["Defend_MRS","MasterSpark"]},{"damage_healed":0,"gold_gain":75,"player_choice":"Gather Gold","damage_taken":11,"max_hp_gain":0,"max_hp_loss":0,"event_name":"World of Goop","floor":8,"gold_loss":0},{"damage_healed":0,"gold_gain":0,"player_choice":"Success","damage_taken":18,"relics_obtained":["Ancient Tea Set"],"max_hp_gain":0,"max_hp_loss":0,"event_name":"Scrap Ooze","floor":12,"gold_loss":0}],"is_beta":false,"boss_relics":[],"items_purged_floors":[4,13],"is_endless":false,"potions_floor_spawned":[1,5,10],"killed_by":"The Guardian","ascension_level":1}}