{"host":"951sez6ulsv0fw1i","time":1608836193,"event":{"mods":["2.2 Compatiblity","Aspiration","BaseMod","Better Third Choice","BetterRewards","CCEM","CapriCore","Conspire","Downfall","Googly Eyes","Hermit","Infinite Spire","JesterMod","Luminous","Marisa????????","Minty Spire (QoL Compilation)","Potionbrewer","Reimu??????","StSLib","The Cursed","The Immortal","The Runesmith","The Servant 0.9.4"],"gold_per_floor":[10,10,10,10,0,31,84,117,117,143,43,43,81,109,109,256,256,299,299,299,353,61,88,88,148,148,199,209,119,153,169,169,284,284,300,333,333,333],"floor_reached":36,"playtime":1982,"items_purged":["MokouMod:Defend"],"score":564,"play_id":"caf0386d-f6fa-4648-a26d-68e0110793de","local_time":"20201224195633","is_ascension_mode":true,"campfire_choices":[{"data":"infinitespire:SevenWalls","floor":12.0,"key":"SMITH"},{"data":"MokouMod:InfernalWave","floor":15.0,"key":"SMITH"},{"data":"MokouMod:Extinguish","floor":24.0,"key":"SMITH"},{"data":"MokouMod:InfernalWave","floor":32.0,"key":"SMITH"}],"circlet_count":0,"master_deck":["MokouMod:Strike","MokouMod:Strike","MokouMod:Defend","MokouMod:Defend","MokouMod:HeatSpark+1","MokouMod:Ember","Venomology","Unload","Slice","infinitespire:SevenWalls+1","MokouMod:ControlledCombustion","MokouMod:InfernalWave+1","MokouMod:Geothermal","conspire:SpireCoStock","conspire:SpireCoStock","MokouMod:InfernalWave+1","MokouMod:Sear","MokouMod:Extinguish+1","MokouMod:IndiscriminateIgnition+1","infinitespire:FutureSight","MokouMod:PhoenixFeathers+1","MokouMod:Rebirth","MokouMod:BlazingComet","MokouMod:ResonanceReactor","MokouMod:IndiscriminateIgnition+1","MokouMod:PhoenixFeathers+1","MokouMod:Stoke","MokouMod:PhoenixForm","MokouMod:Sear+1"],"relics":["MokouMod:PhoenixFeather","aspiration:AnachronicSnailShell","betterThird:SlimedRelic","aspiration:FrozenJewel","potionbrewer:RamsHorn","RuthlessExorcism:ReiMu","Juzu Bracelet","Matryoshka","Philosopher\u0027s Stone","conspire:TopHat","conspire:SpecialSausage","aspiration:Stabinomicon","Centennial Puzzle","potionbrewer:AlchemistFlask","CCEMRelics:TinyMinotavrHorn","CCEMRelics:OverlyComfyChair","CrazyTorch:ReiMu","White Beast Statue","Thread and Needle","Oddly Smooth Stone","infinitespire:Satchel","CCEMRelics:OldTooth","Black Star"],"acts_visited":["Exordium","TheCity","TheBeyond"],"potions_floor_usage":[36,36,36],"damage_taken":[{"damage":1.0,"enemies":"Cultist","floor":1.0,"turns":4.0},{"damage":9.0,"enemies":"Lagavulin","floor":6.0,"turns":5.0},{"damage":24.0,"enemies":"3 Sentries","floor":8.0,"turns":13.0},{"damage":0.0,"enemies":"Gremlin Nob","floor":10.0,"turns":3.0},{"damage":0.0,"enemies":"3 Sentries","floor":13.0,"turns":8.0},{"damage":0.0,"enemies":"Small Slimes","floor":14.0,"turns":2.0},{"damage":17.0,"enemies":"Slime Boss","floor":16.0,"turns":8.0},{"damage":0.0,"enemies":"Spheric Guardian","floor":18.0,"turns":3.0},{"damage":10.0,"enemies":"conspire:MimicChest","floor":21.0,"turns":4.0},{"damage":0.0,"enemies":"Gremlin Leader","floor":23.0,"turns":1.0},{"damage":15.0,"enemies":"Book of Stabbing","floor":25.0,"turns":4.0},{"damage":28.0,"enemies":"Gremlin Leader","floor":27.0,"turns":9.0},{"damage":11.0,"enemies":"Shell Parasite","floor":28.0,"turns":4.0},{"damage":7.0,"enemies":"Book of Stabbing","floor":30.0,"turns":4.0},{"damage":0.0,"enemies":"3 Cultists","floor":31.0,"turns":4.0},{"damage":6.0,"enemies":"Collector","floor":33.0,"turns":9.0},{"damage":0,"enemies":"Orb Walker","floor":35,"turns":2},{"damage":252,"enemies":"Orin","floor":36,"turns":15}],"seed_played":"-1857216181026929482","potions_obtained":[{"floor":1.0,"key":"SteroidPotion"},{"floor":8.0,"key":"sneckomod:MuddlingPotion"},{"floor":13.0,"key":"DistilledChaos"},{"floor":18.0,"key":"Explosive Potion"},{"floor":25.0,"key":"ZuzhouPotion:ReiMu"},{"floor":27.0,"key":"DistilledChaos"},{"floor":28.0,"key":"MagicPotion:ReiMu"},{"floor":31.0,"key":"potionbrewer:BoundlessPotion"}],"is_trial":false,"path_per_floor":["M","?","$","?","?","E","?","E","T","E","?","R","E","M","R","B",null,"M","AVR","?","?","$","E","R","E","T","E","M","?","E","M","R","B",null,"M","?"],"character_chosen":"MKU","items_purchased":["potionbrewer:AlchemistFlask"],"campfire_rested":0,"item_purchase_floors":[22],"current_hp_per_floor":[74,74,74,56,45,36,36,27,27,27,27,27,27,27,27,10,75,75,75,59,49,49,49,49,41,41,13,2,2,16,16,16,10,75,75,0,0,0],"gold":333,"neow_bonus":"ONE_RARE_RELIC","is_daily":false,"chose_seed":false,"campfire_upgraded":4,"win_rate":0.0,"timestamp":1608836193,"path_taken":["M","?","$","?","?","E","?","E","T","E","?","R","E","M","R","BOSS","M","AVR","?","?","?","E","R","E","T","E","M","?","E","M","R","BOSS","M","?"],"items_purchased_type":["Relic"],"build_version":"2020-12-22","purchased_purges":1,"victory":false,"max_hp_per_floor":[75,75,75,75,75,75,75,75,75,75,75,75,75,75,75,75,75,75,75,75,75,75,75,75,75,75,75,75,75,75,75,75,75,75,75,75,75,75],"card_choices":[{"not_picked":["MokouMod:UncontrollableSolarReaction","MokouMod:RetainTemperature"],"picked":"MokouMod:Ember","floor":1.0},{"not_picked":["infinitespire:DeathsTouch","infinitespire:NeuralNetwork"],"picked":"infinitespire:SevenWalls","floor":4.0},{"not_picked":["MokouMod:Afterburner","MokouMod:ShiftIgnition"],"picked":"MokouMod:ControlledCombustion","floor":6.0},{"not_picked":["MokouMod:ScorchingColumn","MokouMod:Ember"],"picked":"MokouMod:InfernalWave","floor":8.0},{"not_picked":["MokouMod:AdaptivePyromancy","MokouMod:UncontrollableSolarReaction"],"picked":"MokouMod:Geothermal","floor":10.0},{"not_picked":["MokouMod:ImperishableFlame","MokouMod:AdaptivePyromancy"],"picked":"MokouMod:InfernalWave","floor":13.0},{"not_picked":["MokouMod:ControlledCombustion","MokouMod:TemporalFireSeal"],"picked":"MokouMod:Sear","floor":14.0},{"not_picked":["MokouMod:EnchantingBambooForest","MokouMod:RadiantBlade"],"picked":"MokouMod:Extinguish","floor":16.0},{"not_picked":["MokouMod:TemporalFireSeal","MokouMod:ResoluteFlare"],"picked":"MokouMod:IndiscriminateIgnition+1","floor":18.0},{"not_picked":["MokouMod:Scorch+1","MokouMod:BurningDraft"],"picked":"MokouMod:PhoenixFeathers+1","floor":21.0},{"not_picked":["MokouMod:UncontrollableSolarReaction","MokouMod:SearingShot"],"picked":"MokouMod:Rebirth","floor":23.0},{"not_picked":["MokouMod:EternalBurstReactor","MokouMod:IllusoryBattlefield+1"],"picked":"MokouMod:BlazingComet","floor":25.0},{"not_picked":["MokouMod:Overheat","MokouMod:BurningDraft"],"picked":"MokouMod:ResonanceReactor","floor":27.0},{"not_picked":["MokouMod:EternalBurstReactor","MokouMod:BlazingComet+1"],"picked":"MokouMod:IndiscriminateIgnition+1","floor":28.0},{"not_picked":["MokouMod:HeartofFire","MokouMod:ShiftIgnition"],"picked":"MokouMod:PhoenixFeathers+1","floor":30.0},{"not_picked":["MokouMod:ResoluteFlare+1","MokouMod:EternalBurstReactor"],"picked":"MokouMod:Stoke","floor":31.0},{"not_picked":["MokouMod:RadiantBlade","MokouMod:Extinguish"],"picked":"MokouMod:PhoenixForm","floor":33.0},{"not_picked":["MokouMod:FlickeringFlame+1","MokouMod:Cataclysm+1"],"picked":"MokouMod:Sear+1","floor":35}],"player_experience":523202,"relics_obtained":[{"floor":6.0,"key":"aspiration:FrozenJewel"},{"floor":8.0,"key":"potionbrewer:RamsHorn"},{"floor":9.0,"key":"RuthlessExorcism:ReiMu"},{"floor":10.0,"key":"Juzu Bracelet"},{"floor":13.0,"key":"Matryoshka"},{"floor":20.0,"key":"aspiration:Stabinomicon"},{"floor":21.0,"key":"Centennial Puzzle"},{"floor":23.0,"key":"CCEMRelics:TinyMinotavrHorn"},{"floor":25.0,"key":"CCEMRelics:OverlyComfyChair"},{"floor":26.0,"key":"CrazyTorch:ReiMu"},{"floor":26.0,"key":"White Beast Statue"},{"floor":27.0,"key":"Thread and Needle"},{"floor":27.0,"key":"Oddly Smooth Stone"},{"floor":30.0,"key":"infinitespire:Satchel"},{"floor":33.0,"key":"CCEMRelics:OldTooth"}],"event_choices":[{"damage_healed":0.0,"max_hp_gain":0.0,"max_hp_loss":0.0,"gold_gain":0.0,"event_name":"betterThird:BetterGoop","player_choice":"Slimed","floor":5.0,"gold_loss":10.0,"damage_taken":11.0},{"damage_healed":0.0,"max_hp_gain":0.0,"max_hp_loss":0.0,"gold_gain":53.0,"event_name":"Golden Wing","player_choice":"Gained Gold","floor":7.0,"gold_loss":0.0,"damage_taken":0.0},{"damage_healed":0.0,"max_hp_gain":0.0,"max_hp_loss":0.0,"gold_gain":0.0,"event_name":"conspire:Investor","player_choice":"Invest 2","floor":11.0,"gold_loss":0.0,"damage_taken":0.0},{"damage_healed":0.0,"max_hp_gain":0.0,"max_hp_loss":0.0,"gold_gain":0.0,"event_name":"Cursed Tome","player_choice":"Obtained Book","floor":20.0,"gold_loss":0.0,"damage_taken":16.0},{"cards_removed":["MokouMod:Strike"],"damage_healed":0.0,"max_hp_gain":0.0,"max_hp_loss":0.0,"gold_gain":0.0,"event_name":"Designer","player_choice":"Upgrade and Remove","floor":29.0,"gold_loss":90.0,"damage_taken":0.0,"cards_upgraded":["MokouMod:HeatSpark"]},{"damage_healed":0,"gold_gain":0,"player_choice":"Fight","damage_taken":0,"max_hp_gain":0,"max_hp_loss":0,"event_name":"OrinTheCat","floor":36,"gold_loss":0}],"is_beta":false,"boss_relics":[{"not_picked":["Tiny House","CCEMRelics:GreenEgg"],"picked":"Philosopher\u0027s Stone"},{"not_picked":["RedLine:ReiMu","aspiration:SilentSkillbook"],"picked":"Black Star"}],"items_purged_floors":[19],"is_endless":false,"potions_floor_spawned":[1,8,13,18,25,27,28,30,31,33,35],"killed_by":"Orin","ascension_level":1}}