{"host":"r53pw7z744tg3fxg","time":1608842459,"event":{"mods":["AchievementEnabler","BaseMod","Colored Map","Colored Powertips","Highlight Path","Minty Spire (QoL Compilation)","Quick Restart","Transform Curses"],"gold_per_floor":[112,124,134,153,167,167,202,202,202,235,253,267,267,10,10,113,113,126,126,142,142,142],"floor_reached":21,"playtime":1350,"items_purged":[],"score":280,"play_id":"95cc4184-fece-4559-9965-ab2958972318","local_time":"20201224134059","is_ascension_mode":true,"campfire_choices":[{"floor":6,"key":"REST"},{"data":"Eruption","floor":8,"key":"SMITH"},{"floor":13,"key":"REST"},{"data":"Devotion","floor":15,"key":"SMITH"}],"circlet_count":0,"master_deck":["Strike_P","Strike_P","Strike_P","Strike_P","Defend_P","Defend_P","Defend_P","Defend_P","Eruption+1","Vigilance","FollowUp","BowlingBash","Wallop","ThirdEye","Evaluate","ClearTheMind","Devotion+1","Tantrum","Consecrate","PathToVictory","ConjureBlade","CarveReality","RitualDagger","JustLucky+1"],"relics":["PureWater","Strawberry","CaptainsWheel","StoneCalendar","Dead Branch","Membership Card","Anchor","VioletLotus"],"acts_visited":["Exordium","TheCity"],"potions_floor_usage":[10,12,18,21,21],"damage_taken":[{"damage":0.0,"enemies":"Cultist","floor":1.0,"turns":2.0},{"damage":7.0,"enemies":"Small Slimes","floor":2.0,"turns":4.0},{"damage":8.0,"enemies":"Jaw Worm","floor":3.0,"turns":5.0},{"damage":0,"enemies":"Exordium Wildlife","floor":4,"turns":2},{"damage":7,"enemies":"3 Louse","floor":5,"turns":4},{"damage":17,"enemies":"Lagavulin","floor":7,"turns":5},{"damage":2,"enemies":"3 Sentries","floor":10,"turns":6},{"damage":0,"enemies":"Blue Slaver","floor":11,"turns":2},{"damage":0,"enemies":"Red Slaver","floor":12,"turns":2},{"damage":9,"enemies":"The Guardian","floor":16,"turns":8},{"damage":34,"enemies":"Spheric Guardian","floor":18,"turns":7},{"damage":17,"enemies":"Shell Parasite","floor":20,"turns":5},{"damage":19,"enemies":"Snake Plant","floor":21,"turns":2}],"seed_played":"7637943226198970355","potions_obtained":[{"floor":1.0,"key":"CultistPotion"},{"floor":3.0,"key":"LiquidMemories"},{"floor":7,"key":"Fire Potion"},{"floor":10,"key":"BlessingOfTheForge"},{"floor":16,"key":"Swift Potion"},{"floor":20,"key":"FearPotion"}],"is_trial":false,"path_per_floor":["M","M","M","M","M","R","E","R","T","E","M","M","R","$","R","B",null,"M","?","M","M"],"character_chosen":"WATCHER","items_purchased":["Membership Card","Anchor","Consecrate","PathToVictory"],"campfire_rested":2,"item_purchase_floors":[14,14,14,14],"current_hp_per_floor":[72,65,57,57,50,73,56,56,56,54,54,54,77,77,77,68,76,42,36,19,0,0],"gold":142,"neow_bonus":"RANDOM_COMMON_RELIC","is_daily":false,"chose_seed":false,"campfire_upgraded":2,"win_rate":0.0,"timestamp":1608842459,"path_taken":["M","M","M","M","?","R","E","R","T","E","M","?","R","$","R","BOSS","M","?","M","M"],"items_purchased_type":["Relic","Relic","Card","Card"],"build_version":"2020-12-22","purchased_purges":0,"victory":false,"max_hp_per_floor":[79,79,79,79,79,79,79,79,79,79,79,79,79,79,79,79,79,79,79,79,79,79],"card_choices":[{"not_picked":["Swivel","CrushJoints"],"picked":"FollowUp","floor":1.0},{"not_picked":["Evaluate","FollowUp"],"picked":"BowlingBash","floor":2.0},{"not_picked":["ClearTheMind","Crescendo"],"picked":"Wallop","floor":3.0},{"not_picked":["Wireheading","FollowUp"],"picked":"ThirdEye","floor":4},{"not_picked":["Prostrate","Halt"],"picked":"Evaluate","floor":5},{"not_picked":["EmptyFist","ThirdEye"],"picked":"ClearTheMind","floor":7},{"not_picked":["Fasting2","ClearTheMind","FollowUp"],"picked":"SKIP","floor":10},{"not_picked":["JustLucky","LikeWater"],"picked":"Devotion","floor":11},{"not_picked":["ThirdEye","Adaptation"],"picked":"Tantrum","floor":12},{"not_picked":["Scrawl","Omniscience"],"picked":"ConjureBlade","floor":16},{"not_picked":["Evaluate","CutThroughFate"],"picked":"CarveReality","floor":18},{"not_picked":["ThirdEye+1","Vengeance"],"picked":"JustLucky+1","floor":20}],"player_experience":1144148,"relics_obtained":[{"floor":7,"key":"CaptainsWheel"},{"floor":9,"key":"StoneCalendar"},{"floor":10,"key":"Dead Branch"}],"event_choices":[{"damage_healed":0,"gold_gain":0,"player_choice":"Joined the Cult","damage_taken":6,"max_hp_gain":0,"max_hp_loss":0,"event_name":"Nest","floor":19,"gold_loss":0,"cards_obtained":["RitualDagger"]}],"is_beta":false,"boss_relics":[{"not_picked":["SacredBark","Fusion Hammer"],"picked":"VioletLotus"}],"items_purged_floors":[],"is_endless":false,"potions_floor_spawned":[1,3,7,10,16,20],"killed_by":"Snake Plant","ascension_level":9}}