{"host":"Charlie","time":1608777295,"event":{"mods":["Aspiration","BaseMod","Better Match","Better Skull","Better Third Choice","BetterRewards","ChefMod","Colored Map","Colored Powertips","Conspire","Curses Come First","Downfall","Ekko","Friendly Minions","Halation","Hermit","Hubris","Infinite Spire","Luminous","Melee Mod","Minty Spire (QoL Compilation)","Quick Restart","Rare Cards Sparkle","Relic Stats","Robot Space Explorer","Shade Mod","Spicy Shops","StSLib","SuperFastMode","Synergy Search","The Animator","The Blue Laboratory","The Cursed","The Dragon Tamer","The Factory","The Gatherer","The Jungle","The Marked","The Necromancer","Unceasing Turn Reminder","vexMod"],"gold_per_floor":[109,109,35,35,48,48,80,80,133,148,166,200,200,220,220,320,320,339,339,357,357,357,357,392,392,392,392,405,405,405],"floor_reached":29,"playtime":1280,"items_purged":["Luminous:Dark_Abyssal_Drop"],"score":290,"play_id":"a7f95958-9e11-44d4-b237-d286000c1511","local_time":"20201223183455","is_ascension_mode":true,"campfire_choices":[{"data":"Luminous:Accumulation_Luminous","floor":6,"key":"SMITH"},{"data":"Luminous:Switch_Luminous","floor":13,"key":"SMITH"},{"floor":15,"key":"REST"},{"data":"Luminous:Darks_Surge_Luminous","floor":23,"key":"SMITH"},{"floor":27,"key":"REST"}],"circlet_count":0,"master_deck":["Luminous:Light_Flash_Shower","Luminous:Light_Flash_Shower","Luminous:Light_Flash_Shower","Luminous:Dark_Abyssal_Drop","Luminous:Dark_Abyssal_Drop","Luminous:Defend_Luminous","Luminous:Defend_Luminous","Luminous:Defend_Luminous","Luminous:Defend_Luminous","Luminous:Switch_Luminous+1","Luminous:Accumulation_Luminous+1","Luminous:Lunar_Tide_Luminous+1","Luminous:Dark_Crescendo_Luminous+1","Luminous:Dark_Raid","Luminous:Light_Wash_Luminous+1","Luminous:Date_of_Light_Luminous+1","Luminous:Darks_Surge_Luminous+1","infinitespire:NeuralNetwork+1","Luminous:Darks_Surge_Luminous","infinitespire:Fortify","Luminous:Freud_Wisdom1_Luminous"],"relics":["Luminous:MirrorRelic","NeowsBlessing","hubris:CuriousFeather","Frozen Egg 2","Strawberry","vexMod:FocusSash","Luminous:BlackBlessingRelic","SlaversCollar","MutagenicStrength","hubris:DisguiseKit","vexMod:GildedClover"],"acts_visited":["Exordium","TheCity"],"potions_floor_usage":[11,16,24,28],"damage_taken":[{"damage":0,"enemies":"Jaw Worm","floor":1,"turns":1},{"damage":0,"enemies":"2 Louse","floor":5,"turns":1},{"damage":0,"enemies":"3 Sentries","floor":7,"turns":2},{"damage":1,"enemies":"Cultist","floor":10,"turns":4},{"damage":34,"enemies":"Gremlin Gang","floor":11,"turns":5},{"damage":8,"enemies":"Lagavulin","floor":12,"turns":7},{"damage":11,"enemies":"3 Louse","floor":14,"turns":4},{"damage":21,"enemies":"Hexaghost","floor":16,"turns":9},{"damage":17,"enemies":"Shell Parasite","floor":18,"turns":7},{"damage":8,"enemies":"Spheric Guardian","floor":20,"turns":4},{"damage":19,"enemies":"conspire:SneckoGhost","floor":24,"turns":6},{"damage":37,"enemies":"Chosen and Byrds","floor":28,"turns":7},{"damage":6,"enemies":"Sentry and Sphere","floor":29,"turns":3}],"seed_played":"5045625275111152423","potions_obtained":[{"floor":1,"key":"SteroidPotion"},{"floor":14,"key":"LiquidBronze"},{"floor":16,"key":"Energy Potion"},{"floor":20,"key":"LiquidBronze"},{"floor":24,"key":"blueLaboratory:PhilterOfMotion"}],"is_trial":false,"path_per_floor":["M","?","$","?","M","R","E","?","T","M","M","E","R","M","R","B",null,"M","?","M","?","?","R","E","AVR","T","R","M","M"],"character_chosen":"LuminousClass","items_purchased":["hubris:CuriousFeather"],"campfire_rested":2,"item_purchase_floors":[3],"current_hp_per_floor":[75,75,75,75,75,75,82,82,82,81,47,39,39,28,52,31,82,65,65,57,57,38,38,19,19,19,43,6,0,0],"gold":405,"neow_bonus":"THREE_ENEMY_KILL","is_daily":false,"chose_seed":false,"campfire_upgraded":3,"win_rate":0.0,"timestamp":1608777295,"path_taken":["M","?","$","?","M","R","E","?","T","?","?","E","R","M","R","BOSS","M","?","M","?","?","R","E","AVR","T","R","M","M"],"items_purchased_type":["Relic"],"build_version":"2020-12-18","purchased_purges":1,"victory":false,"max_hp_per_floor":[75,75,75,75,75,75,82,82,82,82,82,82,82,82,82,82,82,82,82,82,82,82,82,82,82,82,82,82,82,82],"relic_stats":{"counters":[13,60],"obtain_stats":[{"SlaversCollar":17,"hubris:DisguiseKit":24,"vexMod:GildedClover":25,"Luminous:BlackBlessingRelic":12,"NeowsBlessing":0,"Strawberry":7,"MutagenicStrength":21,"hubris:CuriousFeather":3,"Luminous:MirrorRelic":0,"vexMod:FocusSash":9,"Frozen Egg 2":4},{"SlaversCollar":8,"hubris:DisguiseKit":11,"vexMod:GildedClover":11,"Luminous:BlackBlessingRelic":6,"NeowsBlessing":0,"Strawberry":3,"MutagenicStrength":10,"hubris:CuriousFeather":1,"Luminous:MirrorRelic":0,"vexMod:FocusSash":3,"Frozen Egg 2":1},{"SlaversCollar":33,"hubris:DisguiseKit":50,"vexMod:GildedClover":50,"Luminous:BlackBlessingRelic":20,"NeowsBlessing":0,"Strawberry":4,"MutagenicStrength":44,"hubris:CuriousFeather":1,"Luminous:MirrorRelic":0,"vexMod:FocusSash":4,"Frozen Egg 2":1}]},"card_choices":[{"not_picked":["Luminous:Light_Sylvan_Lance","Luminous:Light_Wash_Luminous"],"picked":"Luminous:Accumulation_Luminous","floor":1},{"not_picked":["Luminous:Blinding_Pillar_Luminous","Luminous:Light_Disperse","Luminous:Light_Glare"],"picked":"SKIP","floor":5},{"not_picked":["Luminous:Darks_Surge_Luminous","Luminous:Light_Sylvan_Lance"],"picked":"Luminous:Lunar_Tide_Luminous+1","floor":7},{"not_picked":["Luminous:Dark_Raid","Luminous:Dark_Moonlight_Spear"],"picked":"Luminous:Dark_Crescendo_Luminous+1","floor":10},{"not_picked":["Luminous:Accumulation_Luminous","Luminous:Blinding_Pillar_Luminous"],"picked":"Luminous:Dark_Raid","floor":11},{"not_picked":["Luminous:Dark_Pressure_Void","Luminous:Light_Disperse","Luminous:Concentrate_Luminous"],"picked":"SKIP","floor":12},{"not_picked":["Luminous:Light_Reflection","Luminous:Dark_Raid"],"picked":"Luminous:Light_Wash_Luminous+1","floor":14},{"not_picked":["Luminous:Balance_Baptism","Luminous:Armageddon_Luminous"],"picked":"Luminous:Date_of_Light_Luminous","floor":16},{"not_picked":["Luminous:Dark_Raid","Luminous:Light_Glare","Luminous:Light_Disperse+1"],"picked":"SKIP","floor":18},{"not_picked":["Luminous:Dark_Raid+1","Luminous:Light_Spectral_Light"],"picked":"Luminous:Darks_Surge_Luminous","floor":20},{"not_picked":["hubris:InfiniteBlow","infinitespire:Oblivion"],"picked":"infinitespire:NeuralNetwork","floor":22},{"not_picked":["Luminous:Accumulation_Luminous","Luminous:Light_Sylvan_Lance"],"picked":"Luminous:Darks_Surge_Luminous","floor":24},{"not_picked":["Luminous:Equalize_Luminous","Luminous:Erosion_Luminous","Creative AI"],"picked":"Luminous:Freud_Wisdom1_Luminous","floor":28}],"player_experience":437659,"relics_obtained":[{"floor":7,"key":"Strawberry"},{"floor":9,"key":"vexMod:FocusSash"},{"floor":12,"key":"Luminous:BlackBlessingRelic"},{"floor":24,"key":"hubris:DisguiseKit"}],"event_choices":[{"cards_removed":["Injury"],"damage_healed":0,"gold_gain":0,"player_choice":"Removed Curses","damage_taken":0,"max_hp_gain":0,"max_hp_loss":0,"event_name":"Fountain of Cleansing","floor":8,"gold_loss":0},{"damage_healed":0,"gold_gain":0,"player_choice":"Inject Mutagens","damage_taken":0,"relics_obtained":["MutagenicStrength"],"max_hp_gain":0,"max_hp_loss":0,"event_name":"Drug Dealer","floor":21,"gold_loss":0}],"is_beta":true,"boss_relics":[{"not_picked":["vexMod:CursedCompass","Runic Dome"],"picked":"SlaversCollar"}],"items_purged_floors":[25],"is_endless":false,"potions_floor_spawned":[1,14,16,20,24],"killed_by":"Sentry and Sphere","ascension_level":1}}