{"host":"30jsp143e4v19aze","time":1608824017,"event":{"mods":["BaseMod","Colored Map","Colored Powertips","Curses Come First","DeckTracker","Highlight Path","Minty Spire (QoL Compilation)","Quick Restart","Relic Stats","StSLib","everything is the same but u backflip on backflip","slay the spire mod where everything is the same but ironclad has a cowboy hat"],"gold_per_floor":[210,60,60,135,146,146,173,173,173,199,219,219,238,270,270,374,374,374,55,55,55,55,55,55,55,55,55,55,55,55,55,55,55,55,55,55,55,55,55,55,55,55,55,55,55,55,55,55,55,55,55,55,4,4,4,4],"floor_reached":55,"playtime":4335,"items_purged":["Strike_B"],"score":1181,"play_id":"7645d2ef-fd31-49f1-be15-713091810463","local_time":"20201224163337","is_ascension_mode":true,"campfire_choices":[{"data":"Sweeping Beam","floor":6,"key":"SMITH"},{"data":"Defragment","floor":8,"key":"SMITH"},{"data":"Doom and Gloom","floor":12,"key":"SMITH"},{"data":"Seek","floor":15,"key":"SMITH"},{"data":"Loop","floor":25,"key":"SMITH"},{"data":"Genetic Algorithm","floor":30,"key":"SMITH"},{"data":"Strike_B+1","floor":32,"key":"PURGE"},{"data":"Strike_B+1","floor":40,"key":"PURGE"},{"data":"Strike_B+1","floor":42,"key":"PURGE"},{"data":"Hologram","floor":44,"key":"SMITH"},{"floor":46,"key":"RECALL"},{"data":"Parasite","floor":49,"key":"PURGE"},{"data":"Self Repair+1","floor":52,"key":"PURGE"}],"circlet_count":0,"master_deck":["AscendersBane","Defend_B+1","Defend_B+1","Defend_B+1","Defend_B+1","Zap","Dualcast","Barrage+1","Cold Snap+1","Sweeping Beam+1","Cold Snap+1","Defragment+1","Loop+1","Doom and Gloom+1","Seek+1","Echo Form","Coolheaded+1","Amplify+1","Genetic Algorithm+1","Glacier+1","Core Surge","Hologram+1","Recycle+1","Gash"],"relics":["Cracked Core","Eternal Feather","Peace Pipe","Tiny Chest","Regal Pillow","Ectoplasm","Question Card","Bag of Marbles","Thread and Needle","War Paint","Whetstone","Ginger","Kunai","Coffee Dripper","Potion Belt","Akabeko","Shuriken"],"acts_visited":["Exordium","TheCity","TheBeyond","TheEnding"],"potions_floor_usage":[10,11,14,16,16,23,27,29,50,54,55,55],"damage_taken":[{"damage":12,"enemies":"Jaw Worm","floor":1,"turns":3},{"damage":5,"enemies":"Small Slimes","floor":5,"turns":3},{"damage":21,"enemies":"3 Sentries","floor":7,"turns":6},{"damage":7,"enemies":"Lagavulin","floor":10,"turns":7},{"damage":5,"enemies":"2 Louse","floor":11,"turns":2},{"damage":1,"enemies":"2 Fungi Beasts","floor":13,"turns":3},{"damage":9,"enemies":"Gremlin Nob","floor":14,"turns":3},{"damage":7,"enemies":"Slime Boss","floor":16,"turns":7},{"damage":10,"enemies":"3 Byrds","floor":18,"turns":5},{"damage":1,"enemies":"Spheric Guardian","floor":22,"turns":4},{"damage":20,"enemies":"Slavers","floor":23,"turns":4},{"damage":7,"enemies":"Book of Stabbing","floor":27,"turns":5},{"damage":15,"enemies":"Slavers","floor":29,"turns":2},{"damage":6,"enemies":"Gremlin Leader","floor":31,"turns":7},{"damage":37,"enemies":"Collector","floor":33,"turns":9},{"damage":0,"enemies":"3 Shapes","floor":35,"turns":7},{"damage":0,"enemies":"Orb Walker","floor":37,"turns":3},{"damage":7,"enemies":"Spire Growth","floor":38,"turns":5},{"damage":0,"enemies":"Transient","floor":45,"turns":5},{"damage":4,"enemies":"Giant Head","floor":47,"turns":10},{"damage":24,"enemies":"Writhing Mass","floor":48,"turns":7},{"damage":68,"enemies":"Time Eater","floor":50,"turns":10},{"damage":44,"enemies":"Shield and Spear","floor":54,"turns":10},{"damage":31,"enemies":"The Heart","floor":55,"turns":5}],"seed_played":"2114562146101587748","potions_obtained":[{"floor":7,"key":"EntropicBrew"},{"floor":10,"key":"Fruit Juice"},{"floor":11,"key":"FocusPotion"},{"floor":16,"key":"Regen Potion"},{"floor":27,"key":"DuplicationPotion"},{"floor":33,"key":"Explosive Potion"},{"floor":35,"key":"SkillPotion"},{"floor":47,"key":"DuplicationPotion"}],"is_trial":false,"path_per_floor":["M","$","?","?","M","R","E","R","T","E","M","R","M","E","R","B",null,"M","$","?","?","M","E","$","R","T","E","?","E","R","E","R","B",null,"M","T","M","M","$","R","?","R","T","R","M","R","E","M","R","B",null,"R","$","E","B"],"character_chosen":"DEFECT","items_purchased":["Cold Snap","Sweeping Beam","FearPotion","Question Card","FocusPotion"],"campfire_rested":0,"item_purchase_floors":[2,2,2,19,53],"current_hp_per_floor":[56,56,56,45,40,40,19,28,28,21,21,30,29,20,29,22,66,56,56,56,56,55,35,35,47,47,54,54,39,51,55,67,50,73,80,80,80,80,80,80,80,80,80,80,80,80,80,66,77,19,63,75,75,31,0,0],"gold":4,"neow_bonus":"HUNDRED_GOLD","is_daily":false,"chose_seed":false,"campfire_upgraded":7,"win_rate":0.0,"timestamp":1608824017,"path_taken":["M","$","?","?","M","R","E","R","T","E","M","R","M","E","R","BOSS","M","$","?","?","M","E","$","R","T","E","?","E","R","E","R","BOSS","M","?","M","M","?","R","?","R","T","R","?","R","E","M","R","BOSS","R","$","E","BOSS"],"items_purchased_type":["Card","Card","Potion","Relic","Potion"],"build_version":"2020-12-22","purchased_purges":1,"victory":false,"max_hp_per_floor":[75,75,75,75,75,75,75,75,75,75,80,80,80,80,80,80,80,80,80,80,80,80,80,80,80,80,80,80,80,80,80,80,80,80,80,80,80,80,80,80,80,80,80,80,80,80,80,80,77,77,77,77,77,77,77,77],"relic_stats":{"Regal Pillow":0,"counters":[24,132],"Eternal Feather":89,"Whetstone":["Cold Snap","Cold Snap"],"Ginger":[11],"War Paint":["Coolheaded","Amplify"],"Question Card":13,"Peace Pipe":7,"Shuriken":[2],"Tiny Chest":1,"Ectoplasm":634,"Kunai":[18],"obtain_stats":[{"Potion Belt":43,"Regal Pillow":14,"Eternal Feather":7,"Thread and Needle":23,"Whetstone":27,"Ginger":29,"War Paint":26,"Question Card":19,"Akabeko":47,"Peace Pipe":9,"Shuriken":54,"Tiny Chest":10,"Ectoplasm":17,"Bag of Marbles":20,"Coffee Dripper":34,"Kunai":31,"Cracked Core":0},{"Potion Belt":18,"Regal Pillow":7,"Eternal Feather":3,"Thread and Needle":11,"Whetstone":12,"Ginger":13,"War Paint":11,"Question Card":9,"Akabeko":20,"Peace Pipe":3,"Shuriken":23,"Tiny Chest":4,"Ectoplasm":8,"Bag of Marbles":9,"Coffee Dripper":15,"Kunai":14,"Cracked Core":0},{"Potion Belt":85,"Regal Pillow":27,"Eternal Feather":12,"Thread and Needle":47,"Whetstone":52,"Ginger":54,"War Paint":47,"Question Card":39,"Akabeko":100,"Peace Pipe":12,"Shuriken":127,"Tiny Chest":19,"Ectoplasm":34,"Bag of Marbles":39,"Coffee Dripper":70,"Kunai":61,"Cracked Core":0}]},"card_choices":[{"not_picked":["Beam Cell","Aggregate"],"picked":"Barrage","floor":1},{"not_picked":["Fusion","Skim"],"picked":"Cold Snap","floor":5},{"not_picked":["FTL","Gash"],"picked":"Defragment","floor":7},{"not_picked":["Conserve Battery","Chaos"],"picked":"Loop","floor":10},{"not_picked":["Amplify","Lockon"],"picked":"Doom and Gloom","floor":11},{"not_picked":["Compile Driver","Barrage","Aggregate"],"picked":"SKIP","floor":13},{"not_picked":["Static Discharge","Turbo"],"picked":"Seek","floor":14},{"not_picked":["Amplify","Creative AI"],"picked":"Echo Form","floor":16},{"not_picked":["Cold Snap","Undo"],"picked":"Coolheaded","floor":18},{"not_picked":["Double Energy","Sweeping Beam","Barrage"],"picked":"Amplify","floor":22},{"not_picked":["Lockon+1","Steam","Hello World","Conserve Battery+1"],"picked":"SKIP","floor":23},{"not_picked":["Storm","Lockon+1","Electrodynamics"],"picked":"Self Repair+1","floor":27},{"not_picked":["Leap","Streamline+1","Rainbow"],"picked":"Genetic Algorithm","floor":29},{"not_picked":["Steam Power","Loop","Genetic Algorithm"],"picked":"Glacier+1","floor":31},{"not_picked":["Creative AI","Hyperbeam","All For One"],"picked":"Core Surge","floor":33},{"not_picked":["Reinforced Body+1","Reprogram+1","Compile Driver"],"picked":"Hologram","floor":35},{"not_picked":["Hologram","Melter","Barrage+1","Turbo"],"picked":"SKIP","floor":37},{"not_picked":["Gash","Tempest+1","Compile Driver","Turbo+1"],"picked":"SKIP","floor":38},{"not_picked":["Stack+1","Thunder Strike","Glacier","Barrage"],"picked":"SKIP","floor":45},{"not_picked":["Conserve Battery","BootSequence","Leap","FTL"],"picked":"SKIP","floor":47},{"not_picked":["Cold Snap","Self Repair+1","Conserve Battery+1"],"picked":"Recycle+1","floor":48},{"not_picked":["FTL+1","Beam Cell+1","Cold Snap"],"picked":"Gash","floor":54}],"player_experience":3143215,"relics_obtained":[{"floor":7,"key":"Eternal Feather"},{"floor":9,"key":"Peace Pipe"},{"floor":10,"key":"Tiny Chest"},{"floor":14,"key":"Regal Pillow"},{"floor":23,"key":"Thread and Needle"},{"floor":26,"key":"War Paint"},{"floor":27,"key":"Whetstone"},{"floor":29,"key":"Ginger"},{"floor":31,"key":"Kunai"},{"floor":43,"key":"Potion Belt"},{"floor":47,"key":"Akabeko"},{"floor":54,"key":"Shuriken"}],"event_choices":[{"damage_healed":0,"gold_gain":0,"player_choice":"Grow","damage_taken":0,"max_hp_gain":0,"max_hp_loss":0,"event_name":"Living Wall","floor":3,"gold_loss":0,"cards_upgraded":["Barrage"]},{"damage_healed":0,"gold_gain":75,"player_choice":"Gather Gold","damage_taken":11,"max_hp_gain":0,"max_hp_loss":0,"event_name":"World of Goop","floor":4,"gold_loss":0},{"damage_healed":0,"gold_gain":0,"player_choice":"Opened","damage_taken":0,"relics_obtained":["Bag of Marbles"],"max_hp_gain":0,"max_hp_loss":0,"event_name":"The Mausoleum","floor":20,"gold_loss":0},{"damage_healed":0,"gold_gain":0,"player_choice":"Simplicity","damage_taken":0,"max_hp_gain":0,"max_hp_loss":0,"event_name":"Back to Basics","floor":21,"gold_loss":0,"cards_upgraded":["Strike_B","Strike_B","Strike_B","Defend_B","Defend_B","Defend_B","Defend_B"]},{"damage_healed":0,"gold_gain":99,"player_choice":"Stole From Cult","damage_taken":0,"max_hp_gain":0,"max_hp_loss":0,"event_name":"Nest","floor":28,"gold_loss":0},{"damage_healed":0,"gold_gain":0,"player_choice":"0 cards matched","damage_taken":0,"max_hp_gain":0,"max_hp_loss":0,"event_name":"Match and Keep!","floor":41,"gold_loss":0,"cards_obtained":[]}],"is_beta":false,"boss_relics":[{"not_picked":["Tiny House","Velvet Choker"],"picked":"Ectoplasm"},{"not_picked":["Black Star","Busted Crown"],"picked":"Coffee Dripper"}],"items_purged_floors":[19],"is_endless":false,"potions_floor_spawned":[7,10,11,16,18,27,33,35,37,47],"killed_by":"The Heart","ascension_level":11}}