{"host":"hjw1ay65n7jm40lc","time":1608774936,"event":{"mods":["AchievementEnabler","BaseMod","Block Reminder","Colored Map","Colored Powertips","Downfall","Googly Eyes","Highlight Path","Minty Spire (QoL Compilation)","Quick Restart","Relic Stats","StSLib"],"gold_per_floor":[99,109,119,137,152,167,194,206,244,271,283,445,488,500,527,636,648,648,648,648,282,282,282,282,282,282,282,282,282,282,267,267,267,267,267,267,267,267,267,267,267,267,267,8,8,8,8,8,8,8],"floor_reached":48,"playtime":7932,"items_purged":["Pain","Parasite"],"score":579,"play_id":"6468ee73-4534-43cc-8310-047dffac68c3","local_time":"20201223205536","is_ascension_mode":true,"campfire_choices":[{"data":"hexamod:WildfireWeapon","floor":1.0,"key":"SMITH"},{"data":"hexamod:Float","floor":8.0,"key":"SMITH"},{"data":"hexamod:TurnItUp","floor":18.0,"key":"SMITH"},{"floor":26.0,"key":"REST"},{"floor":29.0,"key":"REST"},{"floor":35.0,"key":"RECALL"},{"floor":45,"key":"REST"}],"circlet_count":0,"master_deck":["hexamod:Strike","hexamod:Defend","hexamod:Defend","hexamod:Defend","hexamod:Defend","hexamod:Sear","hexamod:Float+1","hexamod:WildfireWeapon+1","hexamod:HauntingEcho","hexamod:PhantomCloak","hexamod:ThermalTransfer","hexamod:AdvancingGuard","hexamod:Incineration","hexamod:Hexaguard","hexamod:TurnItUp+1","hexamod:SearingWound+1","hexamod:SuperheatedStrike","hexamod:StepThrough","hexamod:SpectralAdrenaline+1","hexamod:SkipABeat+1","hexamod:ExtraCrispy+1","hexamod:EmpoweringStance","hexamod:CrushingStance+1","hexamod:InspiringFlames+1","hexamod:SkipABeat+1","hexamod:HeatShield","hexamod:EtherealExpedition+1","hexamod:TurnItUp"],"relics":["hexamod:SpiritBrand","MawBank","Strawberry","Akabeko","WarpedTongs","downfall:Hecktoplasm","Chemical X","Dream Catcher","Oddly Smooth Stone","Astrolabe","CaptainsWheel","Bag of Marbles","downfall:HeartBlessingRed","MealTicket"],"acts_visited":["Exordium","TheCity","TheBeyond"],"potions_floor_usage":[43],"damage_taken":[{"damage":0.0,"enemies":"Cultist","floor":2.0,"turns":3.0},{"damage":1.0,"enemies":"2 Louse","floor":3.0,"turns":2.0},{"damage":0.0,"enemies":"Small Slimes","floor":4.0,"turns":4.0},{"damage":3.0,"enemies":"Red Slaver","floor":5.0,"turns":3.0},{"damage":2.0,"enemies":"Large Slime","floor":6.0,"turns":6.0},{"damage":15.0,"enemies":"3 Sentries","floor":9.0,"turns":8.0},{"damage":0.0,"enemies":"2 Fungi Beasts","floor":10.0,"turns":3.0},{"damage":22.0,"enemies":"Gremlin Nob","floor":13.0,"turns":4.0},{"damage":16.0,"enemies":"Gremlin Gang","floor":15.0,"turns":5.0},{"damage":10.0,"enemies":"downfall:Ironclad","floor":16.0,"turns":9.0},{"damage":17.0,"enemies":"Shell Parasite","floor":19.0,"turns":6.0},{"damage":1.0,"enemies":"downfall:FleeingMerchant","floor":21.0,"turns":4.0},{"damage":1.0,"enemies":"3 Cultists","floor":22.0,"turns":5.0},{"damage":5.0,"enemies":"Chosen and Byrds","floor":23.0,"turns":6.0},{"damage":33.0,"enemies":"Slavers","floor":25.0,"turns":6.0},{"damage":0.0,"enemies":"Centurion and Healer","floor":27.0,"turns":5.0},{"damage":7.0,"enemies":"Snake Plant","floor":30.0,"turns":3.0},{"damage":0.0,"enemies":"downfall:FleeingMerchant","floor":31.0,"turns":4.0},{"damage":0.0,"enemies":"Snecko","floor":32.0,"turns":3.0},{"damage":16.0,"enemies":"downfall:Silent","floor":33.0,"turns":6.0},{"damage":7.0,"enemies":"Orb Walker","floor":36.0,"turns":4.0},{"damage":8.0,"enemies":"3 Shapes","floor":38.0,"turns":4.0},{"damage":0.0,"enemies":"Writhing Mass","floor":39.0,"turns":4.0},{"damage":23,"enemies":"Spire Growth","floor":40,"turns":5},{"damage":6,"enemies":"Nemesis","floor":42,"turns":7},{"damage":2,"enemies":"4 Shapes","floor":43,"turns":7},{"damage":0,"enemies":"downfall:FleeingMerchant","floor":44,"turns":3},{"damage":1,"enemies":"Giant Head","floor":47,"turns":8},{"damage":78,"enemies":"2 Orb Walkers","floor":48,"turns":6}],"seed_played":"8344764427075658261","potions_obtained":[{"floor":2.0,"key":"Guardian:BlockOnCardUsePotion"},{"floor":5.0,"key":"Dexterity Potion"},{"floor":9.0,"key":"SteroidPotion"},{"floor":10.0,"key":"Swift Potion"},{"floor":15.0,"key":"Fire Potion"},{"floor":16.0,"key":"FairyPotion"},{"floor":23.0,"key":"GamblersBrew"},{"floor":27.0,"key":"BlessingOfTheForge"},{"floor":32.0,"key":"LiquidMemories"},{"floor":36.0,"key":"Ancient Potion"},{"floor":39.0,"key":"ColorlessPotion"},{"floor":40,"key":"DistilledChaos"}],"is_trial":false,"path_per_floor":["R","M","M","M","M","M","T","R","E","M","?","?","E","?","M","B",null,"R","M","?","$","M","M","T","E","R","M","?","R","M","$","M","B",null,"R","M","?","M","M","M","T","E","M","$","R","$","E","?"],"character_chosen":"THE_SPIRIT","items_purchased":["Chemical X","hexamod:SuperheatedStrike","hexamod:StepThrough","hexamod:TurnItUp"],"campfire_rested":3,"item_purchase_floors":[21,21,21,44],"current_hp_per_floor":[63,63,62,62,59,57,57,57,49,49,49,49,27,27,11,1,70,70,53,53,52,51,46,46,13,34,34,34,55,48,48,48,32,70,70,63,63,55,55,32,32,26,24,24,44,44,43,0,0,0],"gold":8,"neow_bonus":"THREE_RARE_CARDS","is_daily":false,"chose_seed":false,"campfire_upgraded":3,"win_rate":0.0,"timestamp":1608774936,"path_taken":["R","M","M","M","?","?","T","R","E","M","?","?","E","?","M","BOSS","R","M","?","$","M","M","T","E","R","M","?","R","M","$","M","BOSS","R","M","?","M","?","?","T","E","M","$","R","$","E","?"],"items_purchased_type":["Relic","Card","Card","Card"],"build_version":"2020-12-22","purchased_purges":2,"victory":false,"max_hp_per_floor":[63,63,63,63,63,63,63,63,70,70,70,70,70,70,70,70,70,70,70,70,70,70,70,70,70,70,70,70,70,70,70,70,70,70,70,70,70,70,70,70,70,70,70,67,67,67,67,67,67,67],"relic_stats":{"Dream Catcher":3,"counters":[29,143],"Astrolabe":["hexamod:CrushingStance","hexamod:InspiringFlames","hexamod:SkipABeat"],"MealTicket":0,"Chemical X":[16],"MawBank":120,"obtain_stats":[{"downfall:HeartBlessingRed":45,"Astrolabe":34,"Oddly Smooth Stone":25,"MawBank":7,"Akabeko":13,"WarpedTongs":14,"Dream Catcher":24,"CaptainsWheel":41,"Strawberry":9,"MealTicket":47,"downfall:Hecktoplasm":17,"Bag of Marbles":42,"Chemical X":21,"hexamod:SpiritBrand":0},{"downfall:HeartBlessingRed":27,"Astrolabe":20,"Oddly Smooth Stone":15,"MawBank":5,"Akabeko":8,"WarpedTongs":8,"Dream Catcher":14,"CaptainsWheel":24,"Strawberry":6,"MealTicket":28,"downfall:Hecktoplasm":10,"Bag of Marbles":25,"Chemical X":12,"hexamod:SpiritBrand":0},{"downfall:HeartBlessingRed":129,"Astrolabe":95,"Oddly Smooth Stone":74,"MawBank":18,"Akabeko":33,"WarpedTongs":33,"Dream Catcher":68,"CaptainsWheel":112,"Strawberry":26,"MealTicket":137,"downfall:Hecktoplasm":47,"Bag of Marbles":119,"Chemical X":57,"hexamod:SpiritBrand":0}],"WarpedTongs":[110]},"card_choices":[{"not_picked":["hexamod:ApocalypticArmor","hexamod:TurnItUp"],"picked":"hexamod:WildfireWeapon","floor":0.0},{"not_picked":["hexamod:SecondSeal","hexamod:SwordOfDarkness"],"picked":"hexamod:HauntingEcho","floor":2.0},{"not_picked":["hexamod:RecurringNightmare","hexamod:Haunt"],"picked":"hexamod:PhantomCloak","floor":3.0},{"not_picked":["hexamod:ThermalTransfer","hexamod:ShieldOfDarkness","hexamod:GhostOfSpireFuture"],"picked":"SKIP","floor":4.0},{"not_picked":["hexamod:ShieldOfDarkness","hexamod:GhostOfSpireFuture"],"picked":"hexamod:ThermalTransfer","floor":4.0},{"not_picked":["hexamod:BacktrackSmack","hexamod:SecondSeal","hexamod:GhostOfSpirePresent"],"picked":"SKIP","floor":5.0},{"not_picked":["hexamod:RainOfEmbers","hexamod:PhantomFireball"],"picked":"hexamod:AdvancingGuard","floor":6.0},{"not_picked":["hexamod:NecessarySacrifice","hexamod:FastForward"],"picked":"hexamod:Incineration","floor":9.0},{"not_picked":["hexamod:SwordOfDarkness","hexamod:GhostOfSpirePast"],"picked":"hexamod:Hexaguard","floor":10.0},{"not_picked":["hexamod:Haunt","hexamod:BurningTouch","hexamod:Firestarter"],"picked":"SKIP","floor":13.0},{"not_picked":["hexamod:SpectersWail","hexamod:GhostOfSpirePresent","hexamod:RainOfEmbers"],"picked":"SKIP","floor":15.0},{"not_picked":["hexamod:FifthSeal","hexamod:SixthSeal"],"picked":"hexamod:TurnItUp","floor":16.0},{"not_picked":["hexamod:BacktrackSmack+1","hexamod:InspiringFlames","hexamod:ThirdSeal"],"picked":"SKIP","floor":19.0},{"not_picked":["hexamod:SpectersWail+1","hexamod:NightmareStrike"],"picked":"hexamod:SearingWound","floor":21.0},{"not_picked":["hexamod:InspiringFlames","hexamod:AdvancingGuard","hexamod:SwordOfDarkness"],"picked":"SKIP","floor":22.0},{"not_picked":["hexamod:SwordOfDarkness+1","hexamod:BacktrackSmack","hexamod:PhantomCloak"],"picked":"SKIP","floor":23.0},{"not_picked":["hexamod:GhostOfSpireFuture","hexamod:HauntingEcho"],"picked":"hexamod:SpectralAdrenaline+1","floor":25.0},{"not_picked":["hexamod:RecurringNightmare","hexamod:ThermalTransfer+1"],"picked":"hexamod:SkipABeat+1","floor":27.0},{"not_picked":["hexamod:InspiringFlames","hexamod:RainOfEmbers","hexamod:Hexaguard"],"picked":"SKIP","floor":30.0},{"not_picked":["hexamod:RainOfEmbers","hexamod:Rewind"],"picked":"hexamod:ExtraCrispy+1","floor":31.0},{"not_picked":["hexamod:Hexaguard","hexamod:ThermalTransfer","hexamod:NightmareStrike"],"picked":"SKIP","floor":32.0},{"not_picked":["hexamod:TurnItUp","hexamod:VolcanoVisage"],"picked":"hexamod:EmpoweringStance","floor":33.0},{"not_picked":["hexamod:Again+1","hexamod:BurningTouch"],"picked":"hexamod:HeatShield","floor":36.0},{"not_picked":["hexamod:AdvancingGuard","hexamod:ShieldOfDarkness+1","hexamod:SpectralAdrenaline"],"picked":"SKIP","floor":38.0},{"not_picked":["hexamod:Rewind+1","hexamod:ShieldOfDarkness","hexamod:GhostOfSpireFuture"],"picked":"SKIP","floor":39.0},{"not_picked":["hexamod:DynamicBlow","hexamod:Haunt+1","hexamod:FastForward+1"],"picked":"SKIP","floor":40},{"not_picked":["hexamod:Hexaguard","hexamod:FirstSeal","hexamod:WildfireWeapon"],"picked":"SKIP","floor":42},{"not_picked":["hexamod:HeatMetal","hexamod:SecondSeal"],"picked":"hexamod:EtherealExpedition+1","floor":43},{"not_picked":["hexamod:ThermalTransfer+1","hexamod:RecurringNightmare+1","hexamod:GhostLash"],"picked":"SKIP","floor":44},{"not_picked":["hexamod:RecurringNightmare+1","hexamod:GhostLash","hexamod:RainOfEmbers"],"picked":"SKIP","floor":47}],"player_experience":524123,"relics_obtained":[{"floor":7.0,"key":"MawBank"},{"floor":9.0,"key":"Strawberry"},{"floor":13.0,"key":"Akabeko"},{"floor":24.0,"key":"Dream Catcher"},{"floor":25.0,"key":"Oddly Smooth Stone"},{"floor":41,"key":"CaptainsWheel"},{"floor":42,"key":"Bag of Marbles"},{"floor":47,"key":"MealTicket"}],"event_choices":[{"damage_healed":0.0,"max_hp_gain":0.0,"max_hp_loss":0.0,"gold_gain":0.0,"event_name":"Accursed Blacksmith","player_choice":"Rummage","floor":14.0,"gold_loss":0.0,"damage_taken":0.0,"relics_obtained":["WarpedTongs"],"cards_obtained":["Pain"]},{"damage_healed":0.0,"max_hp_gain":0.0,"max_hp_loss":0.0,"gold_gain":0.0,"event_name":"Vampires","player_choice":"Ignored","floor":20.0,"gold_loss":0.0,"damage_taken":0.0},{"damage_healed":0.0,"max_hp_gain":0.0,"max_hp_loss":0.0,"gold_gain":0.0,"event_name":"Upgrade Shrine","player_choice":"Upgraded","floor":37.0,"gold_loss":0.0,"damage_taken":0.0,"cards_upgraded":["hexamod:SearingWound"]},{"damage_healed":0,"gold_gain":0,"player_choice":"Fight","damage_taken":0,"max_hp_gain":0,"max_hp_loss":0,"event_name":"Mysterious Sphere","floor":48,"gold_loss":0}],"is_beta":false,"boss_relics":[{"not_picked":["SacredBark","Coffee Dripper"],"picked":"downfall:Hecktoplasm"},{"not_picked":["Calling Bell","SlaversCollar"],"picked":"Astrolabe"}],"items_purged_floors":[21,44],"is_endless":false,"potions_floor_spawned":[2,5,9,10,15,16,23,27,32,36,39,40,42],"killed_by":"2 Orb Walkers","ascension_level":2}}