{"host":"3m7kwbdmvdgbilll","time":1608835863,"event":{"mods":["2.2 Compatiblity","AchievementEnabler","Aspiration","BaseMod","Beaked The Cultist","Better Match","Better Sensory Stone","Better Skull","Better Third Choice","BetterRewards","CCEM","Colored Map","Colored Powertips","Conspire","Custom Start","Downfall","Energized Spire","GifTheSpireLib","Halation","Highlight Path","Hubris","Infinite Spire","Jedi Mod","Marisa????????","Mimic Mod","Minty Spire (QoL Compilation)","Permanent Neow","Quick Restart","Rare Cards Sparkle","Replay The Spire","Shop Mod","Small Relic Pack","Spicy Shops","StSLib","Stuff the Spire","The Construct","The Servant 0.9.4","Unceasing Turn Reminder","Wandering Minibosses"],"gold_per_floor":[111,124,143,161,177,177,189,205,228,228,261,275,308,133,133,233,233,253,253,266,141,157,184,195,220,220,220,246,268,289,302,302,408,408,419,431,122,142,156,156,256,287,287,318,268,299,299,309,309,312],"floor_reached":51,"playtime":2858,"items_purged":["Defend_B","Defend_B","Strike_B","Strike_B","Dualcast+1","Ball Lightning"],"score":1235,"play_id":"4dd44301-5c20-44af-ae70-7191e5291e6b","local_time":"20201224135103","daily_mods":["DeadlyEvents","downfall:ExchangeController"],"is_ascension_mode":false,"campfire_choices":[{"data":"jedi:locknload","floor":6.0,"key":"SMITH"},{"data":"jedi:locknload+1","floor":6.0,"key":"SMITH"},{"data":"jedi:locknload+2","floor":6.0,"key":"SMITH"},{"data":"jedi:locknload+3","floor":6.0,"key":"SMITH"},{"data":"jedi:BurstFrost","floor":10.0,"key":"SMITH"},{"data":"jedi:BurstFrost+1","floor":10.0,"key":"SMITH"},{"data":"Dualcast","floor":10.0,"key":"SMITH"},{"data":"Zap","floor":10.0,"key":"SMITH"},{"data":"Biased Cognition+1","floor":15.0,"key":"SMITH"},{"data":"Biased Cognition+2","floor":15.0,"key":"SMITH"},{"data":"Biased Cognition+3","floor":15.0,"key":"SMITH"},{"data":"Biased Cognition+4","floor":15.0,"key":"SMITH"},{"data":"Defend_B","floor":27.0,"key":"SMITH"},{"data":"Defend_B","floor":27.0,"key":"SMITH"},{"data":"Defend_B+1","floor":27.0,"key":"SMITH"},{"data":"Defend_B+1","floor":27.0,"key":"SMITH"},{"data":"Buffer+1","floor":32.0,"key":"SMITH"},{"data":"Buffer+2","floor":32.0,"key":"SMITH"},{"data":"Buffer+3","floor":32.0,"key":"SMITH"},{"data":"Buffer+4","floor":32.0,"key":"SMITH"},{"data":"Biased Cognition+1","floor":40.0,"key":"SMITH"},{"data":"Biased Cognition+2","floor":40.0,"key":"SMITH"},{"data":"Biased Cognition+3","floor":40.0,"key":"SMITH"},{"data":"Biased Cognition+4","floor":40.0,"key":"SMITH"},{"data":"Biased Cognition+5","floor":49,"key":"SMITH"},{"data":"Biased Cognition+6","floor":49,"key":"SMITH"},{"data":"Biased Cognition+5","floor":49,"key":"SMITH"},{"data":"Biased Cognition+6","floor":49,"key":"SMITH"}],"circlet_count":0,"master_deck":["Strike_B","Strike_B","Defend_B+2","Defend_B+2","Zap+1","Crystallizer+1","jedi:locknload+4","jedi:BurstFrost+2","Biased Cognition+7","infinitespire:Oblivion","Buffer+5","Biased Cognition+7","jedi:blockon","jedi:hex+1","StuffTheSpire:ShieldGenerator+1"],"relics":["Cracked Core","jedi:maincommand","downfall:NeowBlessing_Player","aspiration:MysteriousAuxiliaryCore","Raider\u0027s Mask","jedi:superconductor","m_SpellCore","hubris:SphereOfDissonance","beaked:SacredNecklace","conspire:InfiniteJournal","aspiration:FrozenJewel","Replay:Frozen Program","Frozen Egg 2","FrozenCore","infinitespire:Freezer","aspiration:EnhancedActuators","StuffTheSpire:ColdMirror","aspiration:BursterCore","BewitchedHakkero","hubris:CuriousFeather","StuffTheSpire:DarkSteelAnvil","Golden Egg","infinitespire:Golems Mask","aspiration:IroncladSkillbook","halation:PenCase","Replay:Arrowhead","DataDisk","DataDisk","jedi:laserpointer","SacredBark","Smiling Mask","halation:IllGainedPizza","construct:WeddingRing","CCEMRelics:Icicle","Emotion Chip","Emotion Chip","Toxic Egg 2","CCEMRelics:TechnogenicHelmet","Replay:Rubber Ducky"],"acts_visited":["Exordium","TheCity","TheBeyond"],"potions_floor_usage":[],"damage_taken":[{"damage":0.0,"enemies":"Cultist","floor":1.0,"turns":2.0},{"damage":0.0,"enemies":"Jaw Worm","floor":2.0,"turns":2.0},{"damage":0.0,"enemies":"Small Slimes","floor":3.0,"turns":2.0},{"damage":0.0,"enemies":"2 Fungi Beasts","floor":4.0,"turns":3.0},{"damage":0.0,"enemies":"Exordium Wildlife","floor":5.0,"turns":3.0},{"damage":0.0,"enemies":"Lots of Slimes","floor":7.0,"turns":2.0},{"damage":0.0,"enemies":"Red Slaver","floor":8.0,"turns":1.0},{"damage":0.0,"enemies":"Gremlin Nob","floor":11.0,"turns":2.0},{"damage":0.0,"enemies":"2 Fungi Beasts","floor":12.0,"turns":1.0},{"damage":0.0,"enemies":"3 Sentries","floor":13.0,"turns":4.0},{"damage":0.0,"enemies":"The Guardian","floor":16.0,"turns":2.0},{"damage":0.0,"enemies":"2 Thieves","floor":18.0,"turns":2.0},{"damage":6.0,"enemies":"Shell Parasite","floor":20.0,"turns":2.0},{"damage":0.0,"enemies":"Shelled Parasite and Fungi","floor":22.0,"turns":2.0},{"damage":0.0,"enemies":"Book of Stabbing","floor":23.0,"turns":1.0},{"damage":0.0,"enemies":"Snake Plant","floor":24.0,"turns":1.0},{"damage":5.0,"enemies":"Slavers","floor":25.0,"turns":3.0},{"damage":0.0,"enemies":"Gremlin Leader","floor":28.0,"turns":2.0},{"damage":0.0,"enemies":"Centurion and Healer","floor":29.0,"turns":2.0},{"damage":0.0,"enemies":"3 Cultists","floor":30.0,"turns":3.0},{"damage":0.0,"enemies":"Cultist and Chosen","floor":31.0,"turns":2.0},{"damage":0.0,"enemies":"Pondfish","floor":33.0,"turns":5.0},{"damage":0.0,"enemies":"3 Shapes","floor":35.0,"turns":1.0},{"damage":0.0,"enemies":"Orb Walker","floor":36.0,"turns":1.0},{"damage":0.0,"enemies":"4 Shapes","floor":38.0,"turns":3.0},{"damage":0.0,"enemies":"3 Darklings","floor":39.0,"turns":2.0},{"damage":0.0,"enemies":"Mind Bloom Boss Battle","floor":41.0,"turns":1.0},{"damage":0,"enemies":"conspire:MimicChest","floor":42,"turns":1},{"damage":0,"enemies":"Giant Head","floor":44,"turns":2},{"damage":0,"enemies":"Reptomancer","floor":46,"turns":2},{"damage":0,"enemies":"Maw","floor":48,"turns":2},{"damage":0,"enemies":"conspire:OrnateMirror","floor":50,"turns":4}],"seed_played":"4928353154729382762","potions_obtained":[{"floor":1.0,"key":"Dexterity Potion"},{"floor":4.0,"key":"champ:CounterPotion"},{"floor":5.0,"key":"Energy Potion"},{"floor":8.0,"key":"SkillPotion"},{"floor":16.0,"key":"Strength Potion"},{"floor":18.0,"key":"jedi:StrikingPotion"},{"floor":23.0,"key":"Fire Potion"},{"floor":25.0,"key":"Elixir"},{"floor":28.0,"key":"PotionOfCapacity"},{"floor":31.0,"key":"SpeedPotion"},{"floor":39.0,"key":"Fruit Juice"},{"floor":41,"key":"jedi:coolantleak"},{"floor":41,"key":"jedi:StrikingPotion"},{"floor":44,"key":"sneckomod:MuddlingPotion"}],"is_trial":true,"path_per_floor":["M","M","M","M","M","R","M","M","T","R","E","M","E","$","R","B",null,"M","AVR","M","$","M","E","M","E","T","R","E","M","M","M","R","B",null,"M","M","$","M","M","R","?","?","T","E","$","E","AVR","M","R","B",null],"character_chosen":"DEFECT","items_purchased":["jedi:command_uncommon"],"campfire_rested":0,"item_purchase_floors":[37],"current_hp_per_floor":[175,175,175,175,175,175,175,175,175,175,175,175,175,175,175,175,275,275,275,273,273,275,275,275,274,274,274,275,275,275,275,275,275,375,375,375,375,375,375,375,375,375,375,375,375,375,375,375,375,375],"gold":312,"neow_bonus":"","is_daily":false,"chose_seed":false,"campfire_upgraded":28,"win_rate":0.0,"timestamp":1608835863,"path_taken":["M","M","?","?","M","R","M","M","T","R","E","M","?","$","R","BOSS","M","AVR","M","$","?","E","?","E","T","R","E","M","M","M","R","BOSS","M","M","$","M","?","R","?","?","T","?","$","?","AVR","M","R","BOSS"],"items_purchased_type":["Relic"],"build_version":"2020-12-22","purchased_purges":6,"victory":true,"max_hp_per_floor":[175,175,175,175,175,175,175,175,175,175,175,175,175,175,175,175,275,275,275,275,275,275,275,275,275,275,275,275,275,275,275,275,275,375,375,375,375,375,375,375,375,375,375,375,375,375,375,375,375,375],"card_choices":[{"not_picked":["Beam Cell","Recycle","jedi:markofdeath"],"picked":"Crystallizer+1","floor":1.0},{"not_picked":["BasicCrystalCard","Reckless Charge","Clothesline","StuffTheSpire:Resist+1"],"picked":"SKIP","floor":2.0},{"not_picked":["Doom and Gloom","Dual Wield","Hemokinesis"],"picked":"jedi:locknload","floor":3.0},{"not_picked":["Gash","StuffTheSpire:Plugnplay","Anger","Combust+1"],"picked":"SKIP","floor":4.0},{"not_picked":["Ball Lightning","Pommel Strike","infinitespire:OneForAll"],"picked":"jedi:BurstFrost","floor":5.0},{"not_picked":["Heavy Blade","Power Through","Aggregate","Double Energy"],"picked":"SKIP","floor":7.0},{"not_picked":["StuffTheSpire:SnapShoot","hubris:SharpeningStone","Coolheaded","Time Bomb"],"picked":"SKIP","floor":8.0},{"not_picked":["White Noise","Doom and Gloom","Thunderclap"],"picked":"Biased Cognition+1","floor":11.0},{"not_picked":["ReplayGash","Headbutt","conspire:Rain","Thunderclap"],"picked":"SKIP","floor":12.0},{"not_picked":["Go for the Eyes","Flex","hubris:ReadiedAction","Shrug It Off"],"picked":"SKIP","floor":13.0},{"not_picked":["Aggregate+1","Iron Wave","hubris:SharpeningStone","Doom and Gloom+1"],"picked":"SKIP","floor":18.0},{"not_picked":["ReplayTheSpireMod:GoodbyeWorld+1","BasicCrystalCard","Gash","Blizzard"],"picked":"SKIP","floor":20.0},{"not_picked":["Hologram+1","Inflame+1","Headbutt","Clash"],"picked":"SKIP","floor":22.0},{"not_picked":["BasicCrystalCard","Auto Shields","jedi:sharpshooter","Glacier"],"picked":"SKIP","floor":23.0},{"not_picked":["Compile Driver","Clash+1","Barrage","StuffTheSpire:Plugnplay+1"],"picked":"SKIP","floor":24.0},{"not_picked":["Defragment+1","Burning Pact","hubris:Ukulele","Sweeping Beam"],"picked":"SKIP","floor":25.0},{"not_picked":["Defragment+1","Burning Pact","hubris:Ukulele","Sweeping Beam"],"picked":"SKIP","floor":25.0},{"not_picked":["Thunderclap","Intimidate","Iron Wave","ReplayTheSpireMod:Strike From Hell+1"],"picked":"SKIP","floor":28.0},{"not_picked":["Barrage","StuffTheSpire:Incineration","Massacre","Compile Driver"],"picked":"SKIP","floor":29.0},{"not_picked":["Anger","Body Slam","ReplayTheSpireMod:Limb From Limb+1"],"picked":"Buffer+1","floor":30.0},{"not_picked":["Gash","StuffTheSpire:Slingshot+1","Intimidate","Whirlwind"],"picked":"SKIP","floor":31.0},{"not_picked":["Offering","Echo Form+1","Reboot"],"picked":"Biased Cognition+1","floor":33.0},{"not_picked":["Leap","StuffTheSpire:RockThrow","jedi:hex","Coolheaded"],"picked":"SKIP","floor":35.0},{"not_picked":["Sword Boomerang","Cleave","Shrug It Off+1"],"picked":"jedi:blockon","floor":36.0},{"not_picked":["Replay:Undeath\u0027s Touch+1","Crystallizer+1","Coolheaded","Anger+1"],"picked":"SKIP","floor":38.0},{"not_picked":["Replay:Undeath\u0027s Touch","True Grit","StuffTheSpire:RockThrow+1"],"picked":"jedi:hex+1","floor":39.0},{"not_picked":["StuffTheSpire:NuclearReactor+1","Barrage","Auto Shields"],"picked":"StuffTheSpire:ShieldGenerator+1","floor":41},{"not_picked":["StuffTheSpire:RockThrow+1","Sword Boomerang","Melter"],"picked":"Ball Lightning","floor":44},{"not_picked":["Conserve Battery+1","BasicCrystalCard+1","Zap+1","Panic Button+1"],"picked":"SKIP","floor":46},{"not_picked":["Headbutt","Hologram+1","conspire:Purge+1","Barrage"],"picked":"SKIP","floor":48}],"player_experience":35906,"relics_obtained":[{"floor":9.0,"key":"jedi:command_common"},{"floor":11.0,"key":"jedi:command_common"},{"floor":13.0,"key":"jedi:command_common"},{"floor":25.0,"key":"jedi:command_common"},{"floor":26.0,"key":"jedi:command_common"},{"floor":41,"key":"jedi:command_rare"},{"floor":41,"key":"jedi:command_rare"},{"floor":42,"key":"jedi:command_uncommon"},{"floor":43,"key":"jedi:command_uncommon"},{"floor":44,"key":"jedi:command_common"}],"event_choices":[{"damage_healed":0.0,"max_hp_gain":0.0,"max_hp_loss":0.0,"gold_gain":0.0,"event_name":"MindBloom","player_choice":"Fight","floor":41.0,"gold_loss":0.0,"damage_taken":0.0},{"damage_healed":0,"gold_gain":0,"player_choice":"Fight","damage_taken":0,"max_hp_gain":0,"max_hp_loss":0,"event_name":"MindBloom","floor":41,"gold_loss":0}],"is_beta":false,"boss_relics":[{"not_picked":["jedi:command_boss","jedi:command_boss"],"picked":"jedi:command_boss"},{"not_picked":["jedi:command_boss","jedi:command_boss"],"picked":"jedi:command_boss"}],"items_purged_floors":[14,14,19,21,37,45],"is_endless":false,"potions_floor_spawned":[1,4,5,8,16,18,23,25,28,31,39,41,41,42,44],"ascension_level":0}}