{"host":"6999i8eg5ewbhdiq","time":1608806369,"event":{"mods":["AchievementEnabler","BaseMod","Colored Map","Colored Powertips","Highlight Path","Minty Spire (QoL Compilation)"],"gold_per_floor":[119,137,137,62,79,111,11,11,11,11,30,59,59,74,74,174,224,236,236,111,122,122,122,137,137,216,228,153,180,30,30,30,128,128,158,187,24,34,34,34,34,34,85,85,103,103,135,135,135,135,135],"floor_reached":50,"playtime":2518,"items_purged":["Strike_R","Defend_R","Searing Blow","Defend_R","Defend_R"],"score":571,"play_id":"55bc987b-59d3-4fe5-8d4a-2b6c72fc006d","local_time":"20201224113929","is_ascension_mode":false,"campfire_choices":[{"floor":8.0,"key":"REST"},{"floor":13.0,"key":"REST"},{"data":"Flex","floor":15.0,"key":"SMITH"},{"data":"Exhume","floor":23.0,"key":"SMITH"},{"floor":25.0,"key":"REST"},{"floor":32.0,"key":"REST"},{"floor":40.0,"key":"DIG"},{"data":"Thunderclap","floor":42.0,"key":"SMITH"},{"floor":44.0,"key":"DIG"},{"floor":46.0,"key":"DIG"},{"floor":49,"key":"DIG"}],"circlet_count":0,"master_deck":["Bash+1","Flex+1","Spot Weakness+1","Thunderclap+1","Pummel+1","Pummel+1","Exhume+1","Sword Boomerang+1","Bite+1","Bite+1","Bite+1","Bite+1","Bite+1","Demon Form+1","CurseOfTheBell","Inflame+1","Bandage Up+1","Parasite"],"relics":["Burning Blood","StoneCalendar","Frozen Egg 2","PreservedInsect","Meat on the Bone","Tiny House","Eternal Feather","Matryoshka","Calling Bell","MawBank","Gremlin Horn","Shovel","HornCleat","Bronze Scales","Bag of Preparation","Nunchaku","FossilizedHelix","Whetstone","Mark of the Bloom","Anchor"],"acts_visited":["Exordium","TheCity","TheBeyond"],"potions_floor_usage":[],"damage_taken":[{"damage":5.0,"enemies":"Jaw Worm","floor":1.0,"turns":4.0},{"damage":10.0,"enemies":"Cultist","floor":2.0,"turns":4.0},{"damage":0.0,"enemies":"Small Slimes","floor":5.0,"turns":3.0},{"damage":40.0,"enemies":"Gremlin Nob","floor":6.0,"turns":5.0},{"damage":18.0,"enemies":"Blue Slaver","floor":11.0,"turns":5.0},{"damage":13.0,"enemies":"3 Sentries","floor":12.0,"turns":4.0},{"damage":7.0,"enemies":"2 Fungi Beasts","floor":14.0,"turns":2.0},{"damage":11.0,"enemies":"Slime Boss","floor":16.0,"turns":8.0},{"damage":36.0,"enemies":"3 Byrds","floor":18.0,"turns":5.0},{"damage":22.0,"enemies":"Shell Parasite","floor":21.0,"turns":4.0},{"damage":55.0,"enemies":"3 Cultists","floor":24.0,"turns":5.0},{"damage":34.0,"enemies":"Shelled Parasite and Fungi","floor":27.0,"turns":3.0},{"damage":27.0,"enemies":"Gremlin Leader","floor":29.0,"turns":3.0},{"damage":50.0,"enemies":"Automaton","floor":33.0,"turns":6.0},{"damage":9.0,"enemies":"3 Shapes","floor":35.0,"turns":2.0},{"damage":28.0,"enemies":"Orb Walker","floor":36.0,"turns":3.0},{"damage":9.0,"enemies":"Sphere and 2 Shapes","floor":38.0,"turns":2.0},{"damage":52.0,"enemies":"Writhing Mass","floor":45.0,"turns":6.0},{"damage":0,"enemies":"Reptomancer","floor":47,"turns":4},{"damage":62,"enemies":"Awakened One","floor":50,"turns":6}],"seed_played":"8821409198750532938","potions_obtained":[{"floor":1.0,"key":"BlessingOfTheForge"},{"floor":6.0,"key":"Fire Potion"},{"floor":16.0,"key":"LiquidMemories"},{"floor":17.0,"key":"AttackPotion"},{"floor":27.0,"key":"EntropicBrew"},{"floor":29.0,"key":"Dexterity Potion"},{"floor":31.0,"key":"LiquidMemories"},{"floor":31.0,"key":"Strength Potion"},{"floor":33.0,"key":"Fire Potion"},{"floor":35.0,"key":"Strength Potion"},{"floor":38.0,"key":"ColorlessPotion"}],"is_trial":false,"path_per_floor":["M","M","?","$","M","E","$","R","T","?","M","E","R","M","R","B",null,"M","?","$","M","?","R","M","R","T","M","?","E","$","?","R","B",null,"M","M","$","M","?","R","?","R","T","R","M","R","E","?","R","B"],"character_chosen":"IRONCLAD","items_purchased":[],"campfire_rested":4,"item_purchase_floors":[],"current_hp_per_floor":[88,84,84,84,88,54,54,80,80,73,61,54,80,79,79,74,93,63,63,63,55,55,55,30,49,49,41,41,34,34,34,62,43,65,64,49,49,54,54,63,63,65,65,65,41,50,65,65,65,3,3],"gold":135,"neow_bonus":"TEN_PERCENT_HP_BONUS","is_daily":false,"chose_seed":false,"campfire_upgraded":3,"win_rate":0.0,"timestamp":1608806369,"path_taken":["M","M","?","$","M","E","?","R","T","?","M","E","R","M","R","BOSS","M","?","$","M","?","R","?","R","T","?","?","E","?","?","R","BOSS","M","?","$","M","?","R","?","R","T","R","?","R","E","?","R","BOSS"],"items_purchased_type":[],"build_version":"2020-12-22","purchased_purges":5,"victory":false,"max_hp_per_floor":[88,88,88,88,88,88,88,88,88,88,88,88,88,88,88,88,93,93,65,65,65,65,65,65,65,65,65,65,65,65,65,65,65,65,65,65,65,65,65,65,65,65,65,65,65,65,65,65,65,65,65],"card_choices":[{"not_picked":["Sever Soul","Perfected Strike"],"picked":"Flex","floor":1.0},{"not_picked":["Iron Wave","Pummel"],"picked":"Spot Weakness","floor":2.0},{"not_picked":["Feel No Pain","Clothesline","Rage"],"picked":"SKIP","floor":5.0},{"not_picked":["Iron Wave","Perfected Strike","Havoc"],"picked":"SKIP","floor":6.0},{"not_picked":["True Grit","Body Slam"],"picked":"Thunderclap","floor":11.0},{"not_picked":["Dark Embrace+1","Shockwave"],"picked":"Pummel","floor":12.0},{"not_picked":["Rampage","Anger"],"picked":"Pummel","floor":14.0},{"not_picked":["Impervious","Immolate"],"picked":"Exhume","floor":16.0},{"not_picked":["Wild Strike","Feel No Pain+1"],"picked":"Thunderclap","floor":17.0},{"not_picked":["Ghostly Armor","Twin Strike+1"],"picked":"Sword Boomerang+1","floor":18.0},{"not_picked":["Bloodletting","Clash","Clothesline"],"picked":"SKIP","floor":21.0},{"not_picked":["Dual Wield","Shockwave","Thunderclap"],"picked":"SKIP","floor":24.0},{"not_picked":["Pommel Strike","Iron Wave+1","Perfected Strike"],"picked":"SKIP","floor":27.0},{"not_picked":["Pummel","Heavy Blade+1","Double Tap"],"picked":"SKIP","floor":29.0},{"not_picked":["Clothesline","Sword Boomerang","Dark Embrace+1"],"picked":"SKIP","floor":35.0},{"not_picked":["Twin Strike","Perfected Strike+1","Disarm+1"],"picked":"SKIP","floor":36.0},{"not_picked":["Iron Wave+1","Blood for Blood+1"],"picked":"Inflame+1","floor":38.0},{"not_picked":["Wild Strike","Twin Strike","Perfected Strike"],"picked":"SKIP","floor":45.0},{"not_picked":["Wild Strike+1","Entrench+1","True Grit+1"],"picked":"SKIP","floor":47}],"player_experience":100921,"relics_obtained":[{"floor":6.0,"key":"StoneCalendar"},{"floor":9.0,"key":"Frozen Egg 2"},{"floor":12.0,"key":"Meat on the Bone"},{"floor":26.0,"key":"Eternal Feather"},{"floor":29.0,"key":"Matryoshka"},{"floor":34.0,"key":"MawBank"},{"floor":34.0,"key":"Gremlin Horn"},{"floor":34.0,"key":"Shovel"},{"floor":40.0,"key":"HornCleat"},{"floor":43.0,"key":"Bronze Scales"},{"floor":43.0,"key":"Bag of Preparation"},{"floor":44.0,"key":"Nunchaku"},{"floor":46.0,"key":"FossilizedHelix"},{"floor":47,"key":"Whetstone"},{"floor":49,"key":"Anchor"}],"event_choices":[{"damage_healed":0.0,"max_hp_gain":0.0,"max_hp_loss":0.0,"gold_gain":0.0,"event_name":"Match and Keep!","player_choice":"1 cards matched","floor":3.0,"gold_loss":0.0,"damage_taken":0.0,"cards_obtained":["Searing Blow"]},{"damage_healed":0.0,"max_hp_gain":0.0,"max_hp_loss":0.0,"gold_gain":0.0,"event_name":"Scrap Ooze","player_choice":"Success","floor":10.0,"gold_loss":0.0,"damage_taken":7.0,"relics_obtained":["PreservedInsect"]},{"damage_healed":0.0,"max_hp_gain":0.0,"max_hp_loss":28.0,"gold_gain":0.0,"event_name":"Vampires","player_choice":"Became a vampire","floor":19.0,"gold_loss":0.0,"damage_taken":0.0,"cards_obtained":["Bite","Bite","Bite","Bite","Bite"]},{"damage_healed":0.0,"max_hp_gain":0.0,"max_hp_loss":0.0,"gold_gain":0.0,"event_name":"The Library","player_choice":"Read","floor":22.0,"gold_loss":0.0,"damage_taken":0.0,"cards_obtained":["Demon Form"]},{"cards_removed":["Defend_R"],"damage_healed":0.0,"max_hp_gain":0.0,"max_hp_loss":0.0,"gold_gain":0.0,"event_name":"Beggar","player_choice":"Gave Gold","floor":28.0,"gold_loss":75.0,"damage_taken":0.0},{"damage_healed":0.0,"max_hp_gain":0.0,"max_hp_loss":0.0,"gold_gain":0.0,"event_name":"Lab","player_choice":"Got Potions","floor":31.0,"gold_loss":0.0,"damage_taken":0.0},{"cards_removed":["Thunderclap"],"damage_healed":0.0,"max_hp_gain":0.0,"max_hp_loss":0.0,"gold_gain":0.0,"event_name":"Falling","player_choice":"Removed Attack","floor":39.0,"gold_loss":0.0,"damage_taken":0.0},{"damage_healed":0.0,"max_hp_gain":0.0,"max_hp_loss":0.0,"gold_gain":0.0,"event_name":"Match and Keep!","player_choice":"1 cards matched","floor":41.0,"gold_loss":0.0,"damage_taken":0.0,"cards_obtained":["Bandage Up"]},{"damage_healed":0,"gold_gain":0,"player_choice":"Upgrade","damage_taken":0,"relics_obtained":["Mark of the Bloom"],"max_hp_gain":0,"max_hp_loss":0,"event_name":"MindBloom","floor":48,"gold_loss":0,"cards_upgraded":["Bash","Spot Weakness","Bite","Bite","Bite","Bite","Bandage Up"]}],"is_beta":false,"boss_relics":[{"not_picked":["Mark of Pain","Cursed Key"],"picked":"Tiny House"},{"not_picked":["Empty Cage","Astrolabe"],"picked":"Calling Bell"}],"items_purged_floors":[4,7,20,30,37],"is_endless":false,"potions_floor_spawned":[1,6,16,27,29,33,35,36,38],"killed_by":"Awakened One","ascension_level":0}}