{"host":"htqwg582tjjtn9p7","time":1608834062,"event":{"mods":["2.2 Compatiblity","AchievementEnabler","Act Like it!","Aspiration","BaseMod","Better Third Choice","Colored Map","Conspire","Curses Come First","Displayed Cursed Tome","Energized Spire","Force Act Four","GifTheSpireLib","Hermit","Highlight Path","JesterMod","Mad Scientist","Minty Spire (QoL Compilation)","Pale of the Ancients","Permanent Neow","Random Character Button","Relic Stats","Replay The Spire","Robot Space Explorer","Somnambulant","Spicy Shops","Spikes Relics","StSLib","Stuff the Spire","The Blue Laboratory","The Disciple","The Dragon Tamer","The Forsaken","The Gatherer","The Judge","The Jungle","The Marked","The Runesmith","The Servant 0.9.4"],"gold_per_floor":[116,131,189,226,226,297,56,106,132,149,74,74,109,135,135,212,212,249,249,249,249],"floor_reached":20,"playtime":1026,"items_purged":["Strike_R"],"score":315,"play_id":"a738c85c-bbaa-4e27-839a-440a2deae646","local_time":"20201224192102","is_ascension_mode":true,"campfire_choices":[{"floor":15,"key":"DIG"}],"circlet_count":0,"master_deck":["AscendersBane","Strike_R","Strike_R","Defend_R","Defend_R","Defend_R","Defend_R","Bash","theForsaken:Smite","HandOfGreed","Shrug It Off","Anger","Hemogenesis","Shrug It Off","Twin Strike","Reforge","Hemokinesis","StuffTheSpire:Resist","Demon Form","conspire:Charge"],"relics":["Black Blood","StuffTheSpire:OldFever","Art of War","Pen Nib"],"acts_visited":["Exordium","TheCity"],"potions_floor_usage":[8,14,19],"damage_taken":[{"damage":1,"enemies":"Cultist","floor":1,"turns":3},{"damage":14,"enemies":"Jaw Worm","floor":2,"turns":4},{"damage":7,"enemies":"Small Slimes","floor":3,"turns":4},{"damage":10,"enemies":"2 Fungi Beasts","floor":4,"turns":4},{"damage":5,"enemies":"Gremlin Gang","floor":6,"turns":7},{"damage":10,"enemies":"3 Louse","floor":8,"turns":6},{"damage":10,"enemies":"Red Slaver","floor":10,"turns":4},{"damage":20,"enemies":"Large Slime","floor":13,"turns":9},{"damage":30,"enemies":"Gremlin Nob","floor":14,"turns":4},{"damage":51,"enemies":"Fading Forest","floor":16,"turns":11},{"damage":43,"enemies":"Shell Parasite","floor":18,"turns":7},{"damage":35,"enemies":"Spheric Guardian","floor":19,"turns":7},{"damage":0,"enemies":"Snake Plant","floor":20,"turns":1}],"seed_played":"6400430825244327633","potions_obtained":[{"floor":1,"key":"blueLaboratory:LouseDecoction"},{"floor":4,"key":"FearPotion"},{"floor":10,"key":"SmokeBomb"},{"floor":18,"key":"SpeedPotion"}],"is_trial":false,"path_per_floor":["M","M","M","M","?","M","$","M","T","M","?","?","M","E","R_BF","B",null,"M","M","M"],"character_chosen":"IRONCLAD","items_purchased":["Reforge"],"campfire_rested":0,"item_purchase_floors":[7],"current_hp_per_floor":[73,68,70,73,73,75,75,73,73,72,72,72,75,51,51,31,64,36,21,21,21],"gold":249,"neow_bonus":"RANDOM_COLORLESS_2","is_daily":false,"chose_seed":false,"campfire_upgraded":0,"win_rate":0.0,"timestamp":1608834062,"path_taken":["M","M","?","M","?","M","$","M","T","M","?","?","M","E","R_BF","BOSS","M","?","M"],"items_purchased_type":["Card"],"build_version":"2020-12-22","purchased_purges":1,"victory":false,"max_hp_per_floor":[75,75,75,75,75,75,75,75,75,75,75,75,75,75,75,75,75,75,75,75,75],"relic_stats":{"counters":[13,71],"Black Blood":76,"Pen Nib":[3],"Art of War":[8],"obtain_stats":[{"Black Blood":17,"Pen Nib":15,"Art of War":14,"Burning Blood":0,"StuffTheSpire:OldFever":9},{"Black Blood":10,"Pen Nib":9,"Art of War":9,"Burning Blood":0,"StuffTheSpire:OldFever":6},{"Black Blood":56,"Pen Nib":45,"Art of War":45,"Burning Blood":0,"StuffTheSpire:OldFever":28}]},"card_choices":[{"not_picked":["Secret Weapon","Metamorphosis"],"picked":"HandOfGreed","floor":0},{"not_picked":["StuffTheSpire:Incineration","StuffTheSpire:BloodClot"],"picked":"Shrug It Off","floor":1},{"not_picked":["Body Slam","Wild Strike"],"picked":"Anger","floor":2},{"not_picked":["Intimidate","StuffTheSpire:Slingshot"],"picked":"Hemogenesis","floor":3},{"not_picked":["Warcry","StuffTheSpire:Slingshot"],"picked":"Shrug It Off","floor":4},{"not_picked":["Headbutt","Defy Death"],"picked":"Twin Strike","floor":6},{"not_picked":["Clash","Immolate"],"picked":"Hemokinesis","floor":8},{"not_picked":["Blood for Blood","Whirlwind","Body Slam"],"picked":"SKIP","floor":10},{"not_picked":["Run Through","Shockwave","Body Slam"],"picked":"SKIP","floor":13},{"not_picked":["Shockwave","Replay:Undeath\u0027s Touch","Pommel Strike"],"picked":"SKIP","floor":14},{"not_picked":["Eclipse","Impervious"],"picked":"Demon Form","floor":16},{"not_picked":["Inflame","Headbutt+1"],"picked":"conspire:Charge","floor":18}],"player_experience":1766175,"relics_obtained":[{"floor":9,"key":"StuffTheSpire:OldFever"},{"floor":14,"key":"Art of War"},{"floor":15,"key":"Pen Nib"}],"event_choices":[{"cards_removed":["Strike_R"],"damage_healed":0,"gold_gain":0,"player_choice":"Card Removal","damage_taken":0,"max_hp_gain":0,"max_hp_loss":0,"event_name":"The Cleric","floor":11,"gold_loss":75},{"damage_healed":0,"gold_gain":0,"cards_transformed":["Strike_R"],"player_choice":"Transformed","damage_taken":0,"max_hp_gain":0,"max_hp_loss":0,"event_name":"Transmorgrifier","floor":12,"gold_loss":0,"cards_obtained":["StuffTheSpire:Resist"]}],"is_beta":false,"boss_relics":[{"not_picked":["Painkiller Herb","ChewingGum"],"picked":"Black Blood"}],"items_purged_floors":[7],"is_endless":false,"potions_floor_spawned":[1,4,10,13,18,19],"killed_by":"Snake Plant","ascension_level":15}}