{"host":"3ek78t4i81ecmdy1","time":1608770398,"event":{"mods":["2.2 Compatiblity","AchievementEnabler","BaseMod","Colored Map","DeckTracker","Filter the Spire","Keyboard Shortcuts","Minty Spire (QoL Compilation)","Permanent Neow","Quick Restart","SuperFastMode","everything is the same but u backflip on backflip"],"gold_per_floor":[111,36,36,36,36,69,69,88,88,105,105,70,105,105,105,209,209,226,141,161,161,176,176,205,205,231,231,231],"floor_reached":27,"playtime":787,"items_purged":["Strike_R"],"score":274,"play_id":"01be68d5-9762-4f91-8e9d-3d9920d78918","local_time":"20201224093958","is_ascension_mode":true,"campfire_choices":[{"data":"Bash","floor":7,"key":"SMITH"},{"data":"Armaments","floor":15,"key":"SMITH"},{"data":"Dropkick","floor":23,"key":"SMITH"},{"data":"True Grit","floor":25,"key":"SMITH"}],"circlet_count":0,"master_deck":["Defend_R","Defend_R+1","Defend_R","Defend_R","Bash+1","Anger+1","Heavy Blade","Spot Weakness","Disarm","Dropkick+1","Armaments+1","Reaper","True Grit+1","Heavy Blade+1","Bite","Bite","Bite","Bite","Bite","True Grit+1"],"relics":["Burning Blood","Champion Belt","Darkstone Periapt","Bottled Flame","Ornamental Fan","Ancient Tea Set","Runic Pyramid","Sundial","Regal Pillow","Bronze Scales"],"acts_visited":["Exordium","TheCity"],"potions_floor_usage":[20,24,27],"damage_taken":[{"damage":1.0,"enemies":"Cultist","floor":1.0,"turns":3.0},{"damage":14,"enemies":"Gremlin Nob","floor":6,"turns":4},{"damage":0,"enemies":"Jaw Worm","floor":8,"turns":2},{"damage":1,"enemies":"Small Slimes","floor":10,"turns":3},{"damage":23,"enemies":"Lagavulin","floor":13,"turns":5},{"damage":21,"enemies":"The Guardian","floor":16,"turns":9},{"damage":5,"enemies":"Chosen","floor":18,"turns":4},{"damage":6,"enemies":"Shell Parasite","floor":20,"turns":4},{"damage":17,"enemies":"Centurion and Healer","floor":22,"turns":5},{"damage":61,"enemies":"Slavers","floor":24,"turns":7},{"damage":63,"enemies":"3 Cultists","floor":27,"turns":5}],"seed_played":"-4692708967190079496","potions_obtained":[{"floor":6,"key":"LiquidBronze"},{"floor":8,"key":"Swift Potion"},{"floor":18,"key":"Ancient Potion"},{"floor":20,"key":"DistilledChaos"},{"floor":24,"key":"Fire Potion"}],"is_trial":false,"path_per_floor":["M","$","?","$","?","E","R","M","T","M","?","$","E","?","R","B",null,"M","?","M","?","M","R","E","R","T","M"],"character_chosen":"IRONCLAD","items_purchased":["Dropkick"],"campfire_rested":0,"item_purchase_floors":[12],"current_hp_per_floor":[72,72,58,58,64,56,56,62,62,67,60,60,43,43,43,28,78,78,78,78,54,54,54,31,31,31,0,0],"gold":231,"neow_bonus":"ONE_RARE_RELIC","is_daily":false,"chose_seed":false,"campfire_upgraded":4,"win_rate":0.0,"timestamp":1608770398,"path_taken":["M","?","?","$","?","E","R","M","T","M","?","$","E","?","R","BOSS","M","?","M","?","M","R","E","R","T","M"],"items_purchased_type":["Card"],"build_version":"2020-12-22","purchased_purges":1,"victory":false,"max_hp_per_floor":[72,72,72,72,78,78,78,78,78,78,78,78,78,78,78,78,78,78,78,78,54,54,54,54,54,54,54,54],"card_choices":[{"not_picked":["Havoc","Pommel Strike"],"picked":"Anger","floor":1.0},{"not_picked":["Battle Trance","Body Slam"],"picked":"Heavy Blade","floor":6},{"not_picked":["Clothesline","Havoc"],"picked":"Spot Weakness","floor":8},{"not_picked":["Clothesline","Flame Barrier"],"picked":"Disarm","floor":10},{"not_picked":["Flame Barrier","Heavy Blade"],"picked":"Armaments","floor":13},{"not_picked":["Exhume","Offering"],"picked":"Reaper","floor":16},{"not_picked":["Pommel Strike","Carnage"],"picked":"True Grit","floor":18},{"not_picked":["Blood for Blood","Flex"],"picked":"Heavy Blade+1","floor":20},{"not_picked":["Burning Pact","Searing Blow"],"picked":"True Grit+1","floor":22},{"not_picked":["Headbutt","Cleave","Heavy Blade"],"picked":"SKIP","floor":24}],"player_experience":26858,"relics_obtained":[{"floor":6,"key":"Bottled Flame"},{"floor":9,"key":"Ornamental Fan"},{"floor":13,"key":"Ancient Tea Set"},{"floor":24,"key":"Regal Pillow"},{"floor":26,"key":"Bronze Scales"}],"event_choices":[{"damage_healed":0.0,"max_hp_gain":0.0,"max_hp_loss":0.0,"gold_gain":0.0,"event_name":"Shining Light","player_choice":"Entered Light","floor":3.0,"gold_loss":0.0,"damage_taken":14.0,"cards_upgraded":["Anger","Defend_R"]},{"damage_healed":0.0,"max_hp_gain":0.0,"max_hp_loss":0.0,"gold_gain":0.0,"event_name":"Big Fish","player_choice":"Box","floor":5.0,"gold_loss":0.0,"damage_taken":0.0,"relics_obtained":["Darkstone Periapt"],"cards_obtained":["Regret"]},{"cards_removed":["Regret"],"damage_healed":0,"gold_gain":0,"player_choice":"Card Removal","damage_taken":7,"max_hp_gain":0,"max_hp_loss":0,"event_name":"Golden Wing","floor":11,"gold_loss":0},{"damage_healed":0,"gold_gain":0,"player_choice":"Ignored","damage_taken":0,"max_hp_gain":0,"max_hp_loss":0,"event_name":"Liars Game","floor":14,"gold_loss":0},{"damage_healed":0,"gold_gain":0,"player_choice":"Obtained Relic","damage_taken":0,"relics_obtained":["Sundial"],"max_hp_gain":0,"max_hp_loss":0,"event_name":"Addict","floor":19,"gold_loss":85},{"damage_healed":0,"gold_gain":0,"player_choice":"Became a vampire","damage_taken":0,"max_hp_gain":0,"max_hp_loss":24,"event_name":"Vampires","floor":21,"gold_loss":0,"cards_obtained":["Bite","Bite","Bite","Bite","Bite"]}],"is_beta":false,"boss_relics":[{"not_picked":["Pandora\u0027s Box","Black Blood"],"picked":"Runic Pyramid"}],"items_purged_floors":[2],"is_endless":false,"potions_floor_spawned":[6,8,18,20,24],"killed_by":"3 Cultists","ascension_level":1}}