{"host":"njruw0b0uprlitpx","time":1608825924,"event":{"mods":["2.2 Compatiblity","Astrologer","Bartender","BaseMod","Better Altar","Better Match","Better Note","Better Sensory Stone","Better Skull","Better Third Choice","BetterRewards","Block Reminder","Chen","Colored Map","Colored Powertips","Jedi Mod","Keyboard Shortcuts","Magitek Elite","Minty Spire (QoL Compilation)","Quick Restart","Relic Stats","Replay The Spire","SacredBarkPlus","Spicy Shops","StSLib","SuperFastMode","The Construct","The Disciple","The Evolution","The Forsaken","The Marked","The Mystic","The Necromancer","The Spell Scribe","TheVelvet","Wandering Minibosses"],"gold_per_floor":[113,113,2,13,88,117,127,142,142,165,175,192,211,221,221,316,316,331,30,30,30,30,30,57,57,112,112,131,157,157,170,170,267,367,380,1379,1379,868,868,868,305,305,305,305,305,337,382,382,382,455,455,510],"floor_reached":53,"playtime":2050,"items_purged":["Normality","Normality","Normality","theForsaken:TheForsaken_Strike"],"score":1355,"play_id":"c036a413-da71-44ac-a07d-7c6efc5512ad","local_time":"20201224100524","is_ascension_mode":true,"campfire_choices":[{"data":"theForsaken:FuryStrikes","floor":15,"key":"SMITH"},{"data":"theForsaken:TearsOfSunlight","floor":23,"key":"SMITH"},{"data":"theForsaken:Bolster","floor":25,"key":"SMITH"},{"data":"theForsaken:Smite","floor":27,"key":"SMITH"},{"data":"theForsaken:DarkBarrier","floor":32,"key":"SMITH"},{"data":"theForsaken:SacrificeSoul","floor":42,"key":"SMITH"},{"data":"theForsaken:SacrificeSoul","floor":44,"key":"SMITH"},{"floor":48,"key":"REST"},{"data":"theForsaken:Riposte","floor":51,"key":"SMITH"}],"circlet_count":0,"master_deck":["theForsaken:TheForsaken_Strike","theForsaken:TheForsaken_Strike","theForsaken:TheForsaken_Defend","theForsaken:TheForsaken_Defend","theForsaken:Smite+1","theForsaken:Penitence","theForsaken:Retribution+1","theForsaken:AncientWords","theForsaken:FuryStrikes+1","theForsaken:ScorchingSunlight","theForsaken:FatRoll","theForsaken:Bolster+1","theForsaken:Eulogy","theForsaken:DarkBarrier+1","theForsaken:TearsOfSunlight+1","theForsaken:LightRoll+1","theForsaken:SacredOath+1","theForsaken:Tranquility+1","theForsaken:CowardsBrand+1","theForsaken:Confusion+1","theForsaken:PreciseStrike","theForsaken:BountifulSunlight+1","theForsaken:NobleSacrifice+1","theForsaken:InspiringBlow+1","theForsaken:DivineGuidance+1","theForsaken:DesperatePlea","theForsaken:DarkRift","theForsaken:FuryStrikes+1","jedi:cleanse+1","theForsaken:SacrificeSoul+1","theForsaken:SacrificeSoul+1","theForsaken:DarkBarrier+1","theForsaken:WordsOfMight+1","theForsaken:Riposte+1"],"relics":["theForsaken:JudgementScales","Gambling Chip","Chemical X","Pear","Toxic Egg 2","Lantern","Astrolabe","Kunai","Vajra","Eternal Feather","Juzu Bracelet","jedi:shrinkray","Replay:Wanted Poster","jedi:gremlinknob","Frozen Eye","Genji_Glove","BargainBundle","Replay:Bandana","Replay:Baseball","Snack Pack","Regal Pillow"],"acts_visited":["Exordium","TheCity","TheBeyond"],"potions_floor_usage":[6,24,31,33,33,35,35,35,35,52,52],"damage_taken":[{"damage":9,"enemies":"Jaw Worm","floor":1,"turns":4},{"damage":1,"enemies":"Cultist","floor":4,"turns":3},{"damage":28,"enemies":"Gremlin Nob","floor":6,"turns":4},{"damage":0,"enemies":"2 Louse","floor":7,"turns":1},{"damage":4,"enemies":"Gremlin Gang","floor":8,"turns":2},{"damage":0,"enemies":"Large Slime","floor":11,"turns":5},{"damage":11,"enemies":"Lots of Slimes","floor":12,"turns":4},{"damage":0,"enemies":"3 Louse","floor":13,"turns":3},{"damage":0,"enemies":"Looter","floor":14,"turns":2},{"damage":0,"enemies":"Slime Boss","floor":16,"turns":8},{"damage":30,"enemies":"3 Byrds","floor":18,"turns":7},{"damage":24,"enemies":"Slavers","floor":24,"turns":5},{"damage":13,"enemies":"Shell Parasite","floor":28,"turns":5},{"damage":20,"enemies":"Book of Stabbing","floor":29,"turns":5},{"damage":18,"enemies":"Shelled Parasite and Fungi","floor":31,"turns":4},{"damage":51,"enemies":"Collector","floor":33,"turns":9},{"damage":45,"enemies":"3 Darklings","floor":35,"turns":5},{"damage":68,"enemies":"Nemesis","floor":46,"turns":5},{"damage":2,"enemies":"3 Shapes","floor":47,"turns":3},{"damage":18,"enemies":"3 Darklings","floor":50,"turns":3},{"damage":43,"enemies":"Donu and Deca","floor":52,"turns":7}],"seed_played":"-7817330833304968585","potions_obtained":[{"floor":2,"key":"jedi:hoardpotion"},{"floor":2,"key":"SteroidPotion"},{"floor":2,"key":"DistilledChaos"},{"floor":7,"key":"Ancient Potion"},{"floor":28,"key":"Fire Potion"},{"floor":31,"key":"Toxic Potion"},{"floor":33,"key":"EntropicBrew"},{"floor":35,"key":"Regen Potion"}],"is_trial":false,"path_per_floor":["M","?","$","M","?","E","M","M","T","T","M","M","M","M","R","B",null,"M","$","?","?","$","R","E","R","T","R","M","E","?","M","R","B",null,"M","?","?","$","PTL","PTL","$","R","?","R","T","E","M","R","?","M","R","B",null],"character_chosen":"THE_FORSAKEN","items_purchased":["theForsaken:Retribution+1","Chemical X","theForsaken:AncientWords","theForsaken:FuryStrikes","theForsaken:ScorchingSunlight","theForsaken:FatRoll","theForsaken:Bolster","Kunai","Vajra","jedi:gremlinknob","jedi:cleanse+1","Frozen Eye","Genji_Glove","BargainBundle","Replay:Bandana","Replay:Baseball","theForsaken:SacrificeSoul"],"campfire_rested":1,"item_purchase_floors":[0,0,0,0,0,0,3,19,19,38,38,38,41,41,41,41,41],"current_hp_per_floor":[50,50,50,49,49,31,31,27,27,27,29,21,21,56,56,59,71,50,50,50,75,75,75,53,68,68,75,75,61,61,48,63,57,71,44,44,44,44,44,44,44,62,62,75,75,8,14,69,69,53,71,75],"gold":510,"neow_bonus":"","is_daily":false,"chose_seed":false,"campfire_upgraded":8,"win_rate":0.0,"timestamp":1608825924,"path_taken":["M","?","$","?","?","E","M","M","T","?","M","M","M","?","R","BOSS","M","$","?","?","$","R","E","R","T","R","M","E","?","M","R","BOSS","M","?","?","$","PTL","PTL","$","R","?","R","T","E","M","R","?","M","R","BOSS"],"items_purchased_type":["Card","Relic","Card","Card","Card","Card","Card","Relic","Relic","Relic","Card","Relic","Relic","Relic","Relic","Relic","Card"],"build_version":"2020-12-22","purchased_purges":4,"victory":true,"max_hp_per_floor":[65,65,65,65,65,75,75,75,75,75,75,75,75,75,75,75,75,75,75,75,75,75,75,75,75,75,75,75,75,75,75,75,75,75,75,75,75,75,75,75,75,75,75,75,75,75,75,75,75,75,75,75],"relic_stats":{"Regal Pillow":15,"counters":[21,94],"Gambling Chip":[40],"Astrolabe":["theForsaken:Tranquility","theForsaken:CowardsBrand","theForsaken:Confusion"],"Eternal Feather":104,"Juzu Bracelet":2,"Chemical X":[17],"Kunai":[6],"obtain_stats":[{"Lantern":10,"BargainBundle":41,"Regal Pillow":46,"Pear":6,"Astrolabe":17,"Vajra":19,"jedi:gremlinknob":38,"Eternal Feather":24,"Juzu Bracelet":26,"PrismaticShard":5,"jedi:shrinkray":29,"Replay:Wanted Poster":34,"Frozen Eye":38,"Replay:Bandana":41,"Replay:Baseball":41,"Gambling Chip":0,"Genji_Glove":41,"Snack Pack":45,"Chemical X":0,"Kunai":19,"Toxic Egg 2":9,"theForsaken:JudgementScales":0},{"Lantern":5,"BargainBundle":17,"Regal Pillow":18,"Pear":3,"Astrolabe":10,"Vajra":11,"jedi:gremlinknob":17,"Eternal Feather":12,"Juzu Bracelet":12,"PrismaticShard":2,"jedi:shrinkray":14,"Replay:Wanted Poster":16,"Frozen Eye":17,"Replay:Bandana":17,"Replay:Baseball":17,"Gambling Chip":0,"Genji_Glove":17,"Snack Pack":17,"Chemical X":0,"Kunai":11,"Toxic Egg 2":5,"theForsaken:JudgementScales":0},{"Lantern":14,"BargainBundle":76,"Regal Pillow":81,"Pear":11,"Astrolabe":36,"Vajra":43,"jedi:gremlinknob":76,"Eternal Feather":48,"Juzu Bracelet":48,"PrismaticShard":7,"jedi:shrinkray":58,"Replay:Wanted Poster":71,"Frozen Eye":76,"Replay:Bandana":76,"Replay:Baseball":76,"Gambling Chip":0,"Genji_Glove":76,"Snack Pack":76,"Chemical X":0,"Kunai":43,"Toxic Egg 2":14,"theForsaken:JudgementScales":0}]},"card_choices":[{"not_picked":["theForsaken:HorrifyingStrike","theForsaken:ChargeAttack","theForsaken:Preservation"],"picked":"SKIP","floor":1},{"not_picked":["theForsaken:PanicDive","theForsaken:HorrifyingStrike"],"picked":"theForsaken:Eulogy","floor":4},{"not_picked":["theForsaken:InspiringBlow","theForsaken:ShieldBash"],"picked":"theForsaken:DarkBarrier","floor":6},{"not_picked":["theForsaken:Parry","theForsaken:ScorchingSunlight"],"picked":"theForsaken:Eulogy","floor":7},{"not_picked":["theForsaken:WardingHymn","theForsaken:ShieldCharge","theForsaken:Eulogy"],"picked":"SKIP","floor":8},{"not_picked":["theForsaken:WardingHymn","theForsaken:ShieldCharge","theForsaken:Eulogy"],"picked":"SKIP","floor":8},{"not_picked":["theForsaken:BlightOfFamine+1","theForsaken:RainingSunlight","theForsaken:Bolster"],"picked":"SKIP","floor":11},{"not_picked":["theForsaken:ChargeAttack","theForsaken:Enfeeble"],"picked":"theForsaken:TearsOfSunlight","floor":12},{"not_picked":["theForsaken:HorrifyingStrike","theForsaken:Parry+1"],"picked":"theForsaken:LightRoll+1","floor":13},{"not_picked":["theForsaken:FatRoll+1","theForsaken:RainingSunlight","theForsaken:ShieldCharge"],"picked":"SKIP","floor":14},{"not_picked":["theForsaken:Confusion","theForsaken:Retribution+1"],"picked":"theForsaken:SacredOath+1","floor":16},{"not_picked":["theForsaken:Preservation+1","theForsaken:DarkBargain"],"picked":"theForsaken:PreciseStrike","floor":18},{"not_picked":["theForsaken:Parry+1","theForsaken:StoreUp+1"],"picked":"theForsaken:BountifulSunlight+1","floor":24},{"not_picked":["theForsaken:Backlash+1","theForsaken:HymnOfPatience+1"],"picked":"theForsaken:NobleSacrifice+1","floor":28},{"not_picked":["theForsaken:Parry+1","theForsaken:SolarFlare","theForsaken:HorrifyingStrike"],"picked":"SKIP","floor":29},{"not_picked":["theForsaken:ScorchingSunlight","theForsaken:HymnOfPatience+1"],"picked":"theForsaken:InspiringBlow+1","floor":31},{"not_picked":["theForsaken:Preservation+1","theForsaken:MagicWeapon+1"],"picked":"theForsaken:FuryStrikes+1","floor":35},{"not_picked":["theForsaken:InspiringBlow+1","theForsaken:Preservation+1"],"picked":"theForsaken:DarkBarrier+1","floor":46},{"not_picked":["theForsaken:HealingLight+1","theForsaken:WordsOfPestilence+1"],"picked":"theForsaken:WordsOfMight+1","floor":47},{"not_picked":["theForsaken:Thunderbolt+1","theForsaken:ChargeAttack+1"],"picked":"theForsaken:Riposte","floor":50}],"player_experience":1838122,"relics_obtained":[{"floor":6,"key":"Pear"},{"floor":9,"key":"Toxic Egg 2"},{"floor":10,"key":"Lantern"},{"floor":24,"key":"Eternal Feather"},{"floor":26,"key":"Juzu Bracelet"},{"floor":29,"key":"jedi:shrinkray"},{"floor":45,"key":"Snack Pack"},{"floor":46,"key":"Regal Pillow"}],"event_choices":[{"damage_healed":0,"gold_gain":0,"player_choice":"Got Potions","damage_taken":0,"max_hp_gain":0,"max_hp_loss":0,"event_name":"Lab","floor":2,"gold_loss":0},{"cards_removed":["theForsaken:SacredOath"],"damage_healed":0,"gold_gain":0,"player_choice":"Give","damage_taken":0,"max_hp_gain":0,"max_hp_loss":0,"event_name":"betterNote:BetterNote","floor":20,"gold_loss":0,"cards_obtained":["None"]},{"damage_healed":25,"gold_gain":0,"player_choice":"Full Heal","damage_taken":0,"max_hp_gain":0,"max_hp_loss":0,"event_name":"Wheel of Change","floor":21,"gold_loss":0},{"cards_removed":["Injury"],"damage_healed":0,"gold_gain":0,"player_choice":"Removed Curses","damage_taken":0,"max_hp_gain":0,"max_hp_loss":0,"event_name":"Fountain of Cleansing","floor":30,"gold_loss":0},{"damage_healed":0,"gold_gain":999,"player_choice":"Gold","damage_taken":0,"max_hp_gain":0,"max_hp_loss":0,"event_name":"MindBloom","floor":36,"gold_loss":0,"cards_obtained":["Normality","Normality"]},{"cards_removed":["theForsaken:Eulogy"],"damage_healed":0,"gold_gain":0,"player_choice":"Removed Skill","damage_taken":0,"max_hp_gain":0,"max_hp_loss":0,"event_name":"Falling","floor":37,"gold_loss":0},{"damage_healed":0,"gold_gain":0,"player_choice":"Ignored","damage_taken":0,"max_hp_gain":0,"max_hp_loss":0,"event_name":"Tomb of Lord Red Mask","floor":43,"gold_loss":0}],"is_beta":false,"boss_relics":[{"not_picked":["SacredBark","Snecko Eye"],"picked":"Astrolabe"},{"not_picked":["theForsaken:PaleLantern","Calling Bell"],"picked":"Replay:Wanted Poster"}],"items_purged_floors":[38,38,41,41],"is_endless":false,"potions_floor_spawned":[7,8,11,28,31,33,35],"ascension_level":7}}