{"host":"337p6miwxbqfki03","time":1608841900,"event":{"mods":["BaseMod","Better Third Choice","Colored Map","Conspire","Downfall","Hermit","Hubris","Minty Spire (QoL Compilation)","Replay The Spire","StSLib","The Cursed","The Hierophant","The Marked","The Necromancer","The Poker Player","The Sage","The Valiant","Unceasing Turn Reminder"],"gold_per_floor":[115,115,320,320,320,332,355,220,220,220,220,237,237,255,255,354,354,370,370,285,285,301,301,301,301,323,323,369,399,78,78,78],"floor_reached":31,"playtime":3662,"items_purged":[],"score":249,"play_id":"62b311e4-2caa-4a3b-96c7-fb1ad20011d0","local_time":"20201224143140","is_ascension_mode":false,"campfire_choices":[{"floor":10,"key":"REST"},{"floor":15,"key":"REST"},{"data":"hierophant:ChurchCoffers","floor":23,"key":"SMITH"}],"circlet_count":0,"master_deck":["hierophant:Strike_Hierophant","hierophant:Strike_Hierophant","hierophant:Strike_Hierophant","hierophant:Strike_Hierophant","hierophant:Punish","hierophant:Defend_Hierophant","hierophant:Defend_Hierophant","hierophant:Defend_Hierophant","hierophant:Defend_Hierophant","hierophant:ChurchCoffers+1","hierophant:FlamingChariot","hierophant:OrnateJavelin","hierophant:MorningPrayer","hierophant:ThreeLashes","hierophant:FlamingChariot+1","hierophant:SolarFlare+1","hierophant:Patience+1","hierophant:Exaltation","hierophant:ThreeLashes","hierophant:Anathema","hierophant:DisplayOfPower+1","hierophant:ArchangelShield+1","hierophant:ArchangelShield","hierophant:RepressedViolence","hierophant:MorningPrayer"],"relics":["hierophant:PropheticMaskRelic","hubris:Towel","ReplayTheSpireMod:TigerMarble","Replay:Bottled Snecko","Coffee Dripper","MutagenicStrength","conspire:GlowingRock","Enchiridion","Tiny Chest","HornCleat","Membership Card","Torii"],"acts_visited":["Exordium","TheCity"],"potions_floor_usage":[31],"damage_taken":[{"damage":6,"enemies":"Jaw Worm","floor":1,"turns":4},{"damage":30,"enemies":"Gremlin Nob","floor":6,"turns":5},{"damage":0,"enemies":"Small Slimes","floor":7,"turns":2},{"damage":1,"enemies":"2 Louse","floor":12,"turns":2},{"damage":0,"enemies":"Blue Slaver","floor":14,"turns":2},{"damage":64,"enemies":"Fading Forest","floor":16,"turns":11},{"damage":5,"enemies":"Chosen","floor":18,"turns":3},{"damage":0,"enemies":"Spheric Guardian","floor":22,"turns":1},{"damage":21,"enemies":"Snake Plant","floor":26,"turns":3},{"damage":18,"enemies":"Slavers","floor":29,"turns":4},{"damage":28,"enemies":"Chosen and Byrds","floor":31,"turns":6}],"seed_played":"6213889686952203583","potions_obtained":[{"floor":6,"key":"Death Potion"},{"floor":14,"key":"SpeedPotion"},{"floor":16,"key":"Guardian:BlockOnCardUsePotion"}],"is_trial":false,"path_per_floor":["M","?","?","?","?","E","M","$","T","R","?","M","?","M","R","B",null,"M","?","?","?","M","R","PTL","PTL","M","?","T","E","$","M"],"character_chosen":"HIEROPHANT","items_purchased":["hierophant:SolarFlare+1","hierophant:Endure","Membership Card","hierophant:MorningPrayer","Torii"],"campfire_rested":2,"item_purchase_floors":[8,8,30,30,30],"current_hp_per_floor":[74,74,74,74,74,44,44,44,44,68,68,67,67,67,80,28,80,75,75,75,75,75,75,75,75,54,38,38,20,20,0,0],"gold":78,"neow_bonus":"RANDOM_EVENT","is_daily":false,"chose_seed":false,"campfire_upgraded":1,"win_rate":0.0,"timestamp":1608841900,"path_taken":["M","?","?","?","?","E","?","$","T","R","?","M","?","?","R","BOSS","M","?","?","?","?","R","PTL","PTL","M","?","T","E","$","M"],"items_purchased_type":["Card","Card","Relic","Card","Relic"],"build_version":"2020-12-22","purchased_purges":0,"victory":false,"max_hp_per_floor":[80,80,80,80,80,80,80,80,80,80,80,80,80,80,80,80,80,80,80,80,80,80,80,80,80,80,80,80,80,80,80,80],"card_choices":[{"not_picked":["hierophant:Remorse","hierophant:ThreeLashes"],"picked":"hierophant:FlamingChariot","floor":1},{"not_picked":["hierophant:MorningPrayer","hierophant:Doomsaying"],"picked":"hierophant:OrnateJavelin","floor":3},{"not_picked":["hierophant:RepressedViolence","hierophant:Cornucopia"],"picked":"hierophant:ThreeLashes","floor":6},{"not_picked":["hierophant:DisplayOfPower","hierophant:Encroach"],"picked":"hierophant:FlamingChariot","floor":7},{"not_picked":["hierophant:AuricShield","hierophant:Remorse"],"picked":"hierophant:Exaltation","floor":12},{"not_picked":["hierophant:DisplayOfPower","hierophant:Rebuild"],"picked":"hierophant:ThreeLashes","floor":14},{"not_picked":["hierophant:AuricForm","hierophant:Cornucopia"],"picked":"hierophant:Anathema","floor":16},{"not_picked":["hierophant:Purify","hierophant:AuricShield"],"picked":"hierophant:DisplayOfPower+1","floor":18},{"not_picked":["hierophant:Remorse","hierophant:Rebuild"],"picked":"hierophant:ArchangelShield+1","floor":22},{"not_picked":["hierophant:Dazzle+1","hierophant:PristineSoul"],"picked":"hierophant:ArchangelShield","floor":26},{"not_picked":["hierophant:SolarFlare","hierophant:PassingBell"],"picked":"hierophant:RepressedViolence","floor":29}],"player_experience":178121,"relics_obtained":[{"floor":6,"key":"ReplayTheSpireMod:TigerMarble"},{"floor":9,"key":"Replay:Bottled Snecko"},{"floor":27,"key":"Enchiridion"},{"floor":28,"key":"Tiny Chest"},{"floor":29,"key":"HornCleat"}],"event_choices":[{"damage_healed":0,"gold_gain":0,"player_choice":"Donut","damage_taken":0,"max_hp_gain":5,"max_hp_loss":0,"event_name":"Big Fish","floor":0,"gold_loss":0},{"damage_healed":0,"gold_gain":0,"player_choice":"Ignored","damage_taken":0,"max_hp_gain":0,"max_hp_loss":0,"event_name":"Golden Idol","floor":5,"gold_loss":0},{"damage_healed":0,"gold_gain":0,"player_choice":"Ignored","damage_taken":0,"max_hp_gain":0,"max_hp_loss":0,"event_name":"NoteForYourself","floor":13,"gold_loss":0},{"damage_healed":0,"gold_gain":0,"player_choice":"Inject Mutagens","damage_taken":0,"relics_obtained":["MutagenicStrength"],"max_hp_gain":0,"max_hp_loss":0,"event_name":"Drug Dealer","floor":19,"gold_loss":0},{"damage_healed":0,"gold_gain":0,"player_choice":"Obtained Relic","damage_taken":0,"relics_obtained":["conspire:GlowingRock"],"max_hp_gain":0,"max_hp_loss":0,"event_name":"Addict","floor":20,"gold_loss":85},{"damage_healed":0,"gold_gain":0,"player_choice":"Upgraded","damage_taken":0,"max_hp_gain":0,"max_hp_loss":0,"event_name":"Upgrade Shrine","floor":21,"gold_loss":0,"cards_upgraded":["hierophant:FlamingChariot"]},{"damage_healed":0,"gold_gain":0,"player_choice":"Obtained Book","damage_taken":16,"max_hp_gain":0,"max_hp_loss":0,"event_name":"Cursed Tome","floor":27,"gold_loss":0}],"is_beta":false,"boss_relics":[{"not_picked":["hubris:TerracottaHorce","Replay:Drink Me"],"picked":"Coffee Dripper"}],"items_purged_floors":[],"is_endless":false,"potions_floor_spawned":[6,14,16,18,22],"killed_by":"Chosen and Byrds","ascension_level":0}}