{"host":"ci7ivtocgfxh0ueo","time":1608809286,"event":{"mods":["BaseMod","GifTheSpireLib","Minty Spire (QoL Compilation)","StSLib"],"gold_per_floor":[119,137,212,212,212,237,237,68,68,68,68,68,87,99,99,99,99],"floor_reached":16,"playtime":351,"items_purged":[],"score":228,"play_id":"575b84fe-b5ff-410c-89db-2ee558b1006c","local_time":"20201224192806","is_ascension_mode":true,"campfire_choices":[{"data":"Escape Plan","floor":7,"key":"SMITH"},{"data":"Footwork","floor":11,"key":"SMITH"},{"data":"Sucker Punch","floor":15,"key":"SMITH"}],"circlet_count":0,"master_deck":["AscendersBane","Strike_G","Strike_G","Strike_G","Strike_G","Strike_G","Defend_G","Defend_G","Defend_G","Defend_G","Defend_G","Survivor","Neutralize+1","Backflip","Escape Plan+1","Acrobatics","Footwork+1","PiercingWail","Parasite","Sucker Punch+1","Crippling Poison"],"relics":["Ring of the Snake","NeowsBlessing","Oddly Smooth Stone","Regal Pillow","Thread and Needle"],"acts_visited":["Exordium"],"potions_floor_usage":[16,16],"damage_taken":[{"damage":0,"enemies":"Small Slimes","floor":1,"turns":1},{"damage":0,"enemies":"2 Louse","floor":2,"turns":1},{"damage":0,"enemies":"Lagavulin","floor":6,"turns":1},{"damage":0,"enemies":"Cultist","floor":13,"turns":5},{"damage":0,"enemies":"2 Fungi Beasts","floor":14,"turns":6},{"damage":46,"enemies":"Hexaghost","floor":16,"turns":16}],"seed_played":"-7677090918022902033","potions_obtained":[{"floor":1,"key":"Fire Potion"}],"is_trial":false,"path_per_floor":["M","M","?","?","?","E","R","$","T","?","R","$","M","M","R","B"],"character_chosen":"THE_SILENT","items_purchased":["Footwork","PiercingWail","Strength Potion"],"campfire_rested":0,"item_purchase_floors":[8,8,8],"current_hp_per_floor":[59,59,48,48,30,30,30,30,30,46,46,46,46,46,46,0,0],"gold":99,"neow_bonus":"THREE_ENEMY_KILL","is_daily":false,"chose_seed":false,"campfire_upgraded":3,"win_rate":0.0,"timestamp":1608809286,"path_taken":["M","M","?","?","?","E","R","$","T","?","R","?","M","?","R","BOSS"],"items_purchased_type":["Card","Card","Potion"],"build_version":"2020-12-22","purchased_purges":0,"victory":false,"max_hp_per_floor":[66,66,66,66,66,66,66,66,66,66,66,66,66,66,66,66,66],"card_choices":[{"not_picked":["Infinite Blades","Deadly Poison"],"picked":"Backflip","floor":1},{"not_picked":["Setup","Deflect"],"picked":"Escape Plan","floor":2},{"not_picked":["Flechettes","Blur"],"picked":"Acrobatics","floor":6},{"not_picked":["Quick Slash","Backflip"],"picked":"Sucker Punch","floor":13},{"not_picked":["Accuracy","Dagger Spray"],"picked":"Crippling Poison","floor":14}],"player_experience":1286394,"relics_obtained":[{"floor":6,"key":"Regal Pillow"},{"floor":9,"key":"Thread and Needle"}],"event_choices":[{"damage_healed":0,"gold_gain":75,"player_choice":"Gather Gold","damage_taken":11,"max_hp_gain":0,"max_hp_loss":0,"event_name":"World of Goop","floor":3,"gold_loss":0},{"damage_healed":0,"gold_gain":0,"player_choice":"Grow","damage_taken":0,"max_hp_gain":0,"max_hp_loss":0,"event_name":"Living Wall","floor":4,"gold_loss":0,"cards_upgraded":["Neutralize"]},{"damage_healed":0,"gold_gain":0,"player_choice":"Success","damage_taken":18,"relics_obtained":["Oddly Smooth Stone"],"max_hp_gain":0,"max_hp_loss":0,"event_name":"Scrap Ooze","floor":5,"gold_loss":0},{"damage_healed":16,"gold_gain":0,"player_choice":"Healed and dodged fight","damage_taken":0,"max_hp_gain":0,"max_hp_loss":0,"event_name":"Mushrooms","floor":10,"gold_loss":0,"cards_obtained":["Parasite"]}],"is_beta":false,"boss_relics":[],"items_purged_floors":[],"is_endless":false,"potions_floor_spawned":[1,13],"killed_by":"Hexaghost","ascension_level":17}}