{"host":"e87rn453naquue3h","time":1608769049,"event":{"mods":["AchievementEnabler","BaseMod","Downfall","Minty Spire (QoL Compilation)","StSLib"],"gold_per_floor":[99,110,129,129,147,178,178,28,48,64,75,106,31,55,79,196,208,220,250,279,309,306,318,330,342,373,385,432,461,473,435,464,581,593,605,636,648,660,683,710,722,179,279,291,291,309,309,328,345,345,345,371,1,1,1],"floor_reached":56,"playtime":5095,"items_purged":[],"score":1187,"play_id":"a465588a-6bf6-417b-87cf-e51a583326c3","local_time":"20201223191729","is_ascension_mode":false,"campfire_choices":[{"floor":1.0,"key":"RECALL"},{"floor":8.0,"key":"DIG"},{"floor":13.0,"key":"DIG"},{"data":"hexamod:VolcanoVisage","floor":18.0,"key":"SMITH"},{"data":"hexamod:SearingWound","floor":23.0,"key":"SMITH"},{"data":"hexamod:SearingWound","floor":27.0,"key":"SMITH"},{"floor":30.0,"key":"DIG"},{"floor":35.0,"key":"DIG"},{"floor":45,"key":"REST"},{"floor":47,"key":"REST"},{"floor":54,"key":"REST"}],"circlet_count":0,"master_deck":["hexamod:Sear","hexamod:Float","hexamod:GhostOfSpirePast","hexamod:DynamicBlow+1","hexamod:Hexaguard","hexamod:BurningTouch","hexamod:ExtraCrispy","hexamod:SearingWound+1","hexamod:Incineration","hexamod:FastForward","hexamod:VolcanoVisage+1","hexamod:SearingWound+1","hexamod:GhostflameBarrier","hexamod:SoulSteal","hexamod:ChargedBarrage","hexamod:HeatCrush","hexamod:SpectralAdrenaline","hexamod:EtherealExpedition","hexamod:Haunt+1","hexamod:Firestarter+1","Finesse","Jack Of All Trades","Apotheosis","hexamod:SearingWound"],"relics":["hexamod:SpiritBrand","Shovel","downfall:HeartBlessingRed","downfall:HeartBlessingBlue","Sundial","Bottled Flame","downfall:HeartBlessingGreen","MawBank","Pandora\u0027s Box","The Courier","Meat on the Bone","Boot","Busted Crown","Darkstone Periapt","hexamod:MatchstickCase","StoneCalendar","Pen Nib","White Beast Statue","Lantern","Bag of Preparation"],"acts_visited":["Exordium","TheCity","TheBeyond","TheEnding"],"potions_floor_usage":[48,50,55,55,55],"damage_taken":[{"damage":0.0,"enemies":"2 Louse","floor":2.0,"turns":3.0},{"damage":0.0,"enemies":"Cultist","floor":3.0,"turns":3.0},{"damage":5.0,"enemies":"Jaw Worm","floor":5.0,"turns":3.0},{"damage":16.0,"enemies":"3 Sentries","floor":6.0,"turns":7.0},{"damage":0.0,"enemies":"Red Slaver","floor":9.0,"turns":3.0},{"damage":0.0,"enemies":"Exordium Thugs","floor":10.0,"turns":3.0},{"damage":4.0,"enemies":"Exordium Wildlife","floor":11.0,"turns":4.0},{"damage":9.0,"enemies":"Lagavulin","floor":12.0,"turns":5.0},{"damage":3.0,"enemies":"Large Slime","floor":14.0,"turns":3.0},{"damage":0.0,"enemies":"2 Fungi Beasts","floor":15.0,"turns":3.0},{"damage":12.0,"enemies":"downfall:Ironclad","floor":16.0,"turns":7.0},{"damage":3.0,"enemies":"Shell Parasite","floor":19.0,"turns":3.0},{"damage":15.0,"enemies":"3 Byrds","floor":20.0,"turns":4.0},{"damage":7.0,"enemies":"Snake Plant","floor":21.0,"turns":3.0},{"damage":4.0,"enemies":"downfall:FleeingMerchant","floor":22.0,"turns":4.0},{"damage":7.0,"enemies":"Sentry and Sphere","floor":26.0,"turns":4.0},{"damage":18.0,"enemies":"Book of Stabbing","floor":28.0,"turns":3.0},{"damage":10.0,"enemies":"Shelled Parasite and Fungi","floor":29.0,"turns":3.0},{"damage":4.0,"enemies":"Cultist and Chosen","floor":32.0,"turns":3.0},{"damage":23.0,"enemies":"downfall:Silent","floor":33.0,"turns":6.0},{"damage":13.0,"enemies":"3 Shapes","floor":36.0,"turns":4.0},{"damage":0.0,"enemies":"Orb Walker","floor":39.0,"turns":2.0},{"damage":31.0,"enemies":"Maw","floor":40.0,"turns":5.0},{"damage":0.0,"enemies":"downfall:FleeingMerchant","floor":42.0,"turns":3.0},{"damage":49,"enemies":"Reptomancer","floor":44,"turns":6},{"damage":8,"enemies":"Transient","floor":46,"turns":5},{"damage":19,"enemies":"Sphere and 2 Shapes","floor":48,"turns":3},{"damage":22,"enemies":"Jaw Worm Horde","floor":49,"turns":3},{"damage":3,"enemies":"downfall:Defect","floor":50,"turns":5},{"damage":55,"enemies":"downfall:CharBossMerchant","floor":52,"turns":6},{"damage":32,"enemies":"downfall:NeowBoss","floor":55,"turns":14}],"seed_played":"6679845789419450361","potions_obtained":[{"floor":2.0,"key":"Fire Potion"},{"floor":6.0,"key":"sneckomod:MuddlingPotion"},{"floor":10.0,"key":"Swift Potion"},{"floor":14.0,"key":"hexamod:DoubleChargePotion"},{"floor":19.0,"key":"Guardian:BlockOnCardUsePotion"},{"floor":32.0,"key":"Weak Potion"},{"floor":33.0,"key":"Dexterity Potion"},{"floor":39.0,"key":"PowerPotion"},{"floor":48,"key":"CultistPotion"},{"floor":52,"key":"AttackPotion"}],"is_trial":false,"path_per_floor":["R","M","M","?","M","E","T","R","M","M","M","E","R","M","M","B",null,"R","M","M","M","$","R","T","?","M","R","E","M","R","?","M","B",null,"R","M","?","?","M","M","T","$","?","E","R","M","R","M","M","B",null,"E","$","R","B",null],"character_chosen":"THE_SPIRIT","items_purchased":["StoneCalendar","Pen Nib","White Beast Statue","Finesse","Jack Of All Trades","Apotheosis","PowerPotion","Bag of Preparation","DuplicationPotion","hexamod:SearingWound","PowerPotion"],"campfire_rested":3,"item_purchase_floors":[42,42,42,42,42,42,53,53,53,53,53],"current_hp_per_floor":[77,77,77,77,72,56,56,66,66,66,62,53,53,50,50,38,87,87,84,69,62,58,58,58,87,80,80,62,52,52,84,80,57,87,87,74,74,74,74,55,55,55,55,18,44,48,74,55,45,54,87,44,44,70,50],"gold":1,"neow_bonus":"TEN_PERCENT_HP_BONUS","is_daily":false,"chose_seed":false,"campfire_upgraded":3,"win_rate":0.0,"timestamp":1608769049,"path_taken":["R","M","M","?","?","E","T","R","M","M","?","E","R","M","M","BOSS","R","M","M","M","$","R","T","?","M","R","E","?","R","?","M","BOSS","R","M","?","?","M","M","T","$","?","E","R","M","R","M","M","BOSS","E","$","R","BOSS"],"items_purchased_type":["Relic","Relic","Relic","Card","Card","Card","Potion","Relic","Potion","Card","Potion"],"build_version":"2020-12-22","purchased_purges":0,"victory":true,"max_hp_per_floor":[77,77,77,77,77,77,77,87,87,87,87,87,87,87,87,87,87,87,87,87,87,87,87,87,87,87,87,87,87,87,87,87,87,87,87,87,87,87,87,87,87,87,87,87,87,87,87,87,87,87,87,87,87,87,87],"card_choices":[{"not_picked":["hexamod:GhostflameBarrier","hexamod:HauntingEcho"],"picked":"hexamod:GhostOfSpirePast","floor":2.0},{"not_picked":["hexamod:InspiringFlames","hexamod:Hexaguard"],"picked":"hexamod:DynamicBlow","floor":3.0},{"not_picked":["hexamod:RainOfEmbers","hexamod:InspiringFlames"],"picked":"hexamod:Hexaguard","floor":5.0},{"not_picked":["hexamod:SpectersWail","hexamod:GhostLash","hexamod:PhantomCloak"],"picked":"SKIP","floor":6.0},{"not_picked":["hexamod:SkipABeat","hexamod:SpectersWail"],"picked":"hexamod:BurningTouch","floor":9.0},{"not_picked":["hexamod:HauntingEcho","hexamod:ThirdSeal"],"picked":"hexamod:ExtraCrispy","floor":10.0},{"not_picked":["hexamod:HeatCrush","hexamod:InspiringFlames"],"picked":"hexamod:SearingWound","floor":11.0},{"not_picked":["hexamod:ShieldOfDarkness","hexamod:SpectersWail","hexamod:BurningTouch"],"picked":"SKIP","floor":12.0},{"not_picked":["hexamod:Hexaguard","hexamod:AdvancingGuard"],"picked":"hexamod:Incineration","floor":14.0},{"not_picked":["hexamod:GhostShield","hexamod:SwordOfDarkness"],"picked":"hexamod:FastForward","floor":15.0},{"not_picked":["hexamod:EmpoweringStance","hexamod:SearingWound"],"picked":"hexamod:VolcanoVisage","floor":16.0},{"not_picked":["hexamod:InspiringFlames+1","hexamod:NightmareStrike","hexamod:GhostShield"],"picked":"SKIP","floor":19.0},{"not_picked":["hexamod:ThermalTransfer","hexamod:BacktrackSmack+1","hexamod:Again"],"picked":"SKIP","floor":20.0},{"not_picked":["hexamod:EmpoweredFlame","hexamod:AdvancingGuard+1","hexamod:ShieldOfDarkness"],"picked":"SKIP","floor":21.0},{"not_picked":["hexamod:Again","hexamod:AdvancingGuard","hexamod:ShieldOfDarkness"],"picked":"SKIP","floor":22.0},{"not_picked":["hexamod:HauntingEcho+1","hexamod:ThirdSeal","hexamod:InspiringFlames"],"picked":"SKIP","floor":26.0},{"not_picked":["hexamod:BacktrackSmack","hexamod:TimeOfNeed","hexamod:GhostflameBarrier"],"picked":"SKIP","floor":28.0},{"not_picked":["hexamod:Firestarter","hexamod:FastForward","hexamod:Hexaguard"],"picked":"SKIP","floor":29.0},{"not_picked":["hexamod:NightmareGuise","hexamod:HeatCrush"],"picked":"hexamod:Haunt+1","floor":32.0},{"not_picked":[],"picked":"hexamod:Firestarter+1","floor":36.0},{"not_picked":["hexamod:Haunt+1"],"picked":"SKIP","floor":39.0},{"not_picked":["hexamod:SwordOfDarkness"],"picked":"SKIP","floor":40.0},{"not_picked":["hexamod:Haunt"],"picked":"SKIP","floor":44},{"not_picked":["hexamod:GhostShield+1"],"picked":"SKIP","floor":46},{"not_picked":["hexamod:ThermalTransfer"],"picked":"SKIP","floor":48},{"not_picked":["hexamod:EtherealExpedition"],"picked":"SKIP","floor":49},{"not_picked":["hexamod:RainOfEmbers+1"],"picked":"SKIP","floor":52}],"player_experience":2369267,"relics_obtained":[{"floor":6.0,"key":"Shovel"},{"floor":8.0,"key":"Sundial"},{"floor":12.0,"key":"Bottled Flame"},{"floor":13.0,"key":"MawBank"},{"floor":24.0,"key":"The Courier"},{"floor":28.0,"key":"Meat on the Bone"},{"floor":30.0,"key":"Boot"},{"floor":35.0,"key":"Darkstone Periapt"},{"floor":41.0,"key":"hexamod:MatchstickCase"},{"floor":52,"key":"Lantern"}],"event_choices":[{"damage_healed":0.0,"max_hp_gain":0.0,"max_hp_loss":0.0,"gold_gain":0.0,"event_name":"Upgrade Shrine","player_choice":"Upgraded","floor":4.0,"gold_loss":0.0,"damage_taken":0.0,"cards_upgraded":["hexamod:DynamicBlow"]},{"cards_removed":["hexamod:GhostOfSpirePresent"],"damage_healed":29.0,"max_hp_gain":0.0,"max_hp_loss":0.0,"gold_gain":0.0,"event_name":"Bonfire Elementals","player_choice":"Offered Uncommon","floor":25.0,"gold_loss":0.0,"damage_taken":0.0},{"damage_healed":0.0,"max_hp_gain":0.0,"max_hp_loss":0.0,"gold_gain":0.0,"event_name":"Mysterious Sphere","player_choice":"Ignored","floor":37.0,"gold_loss":0.0,"damage_taken":0.0}],"is_beta":false,"boss_relics":[{"not_picked":["Empty Cage","Tiny House"],"picked":"Pandora\u0027s Box"},{"not_picked":["Runic Pyramid","Calling Bell"],"picked":"Busted Crown"}],"items_purged_floors":[],"is_endless":false,"potions_floor_spawned":[2,6,10,14,19,20,32,33,39,46,48,49,52],"ascension_level":0}}