{"host":"f6tqpspb2ou2a4h5","time":1608805223,"event":{"mods":["2.2 Compatiblity","Ascension Unlocker","BaseMod","Colored Map","DeckTracker","Hermit","Highlight Path","KOR Keyword Fix","Keyboard Shortcuts","Minty Spire (QoL Compilation)","Permanent Neow","Quick Restart","Random Character Button","StSLib","SuperFastMode","The Poker Player","everything is the same but u backflip on backflip"],"gold_per_floor":[118,133,22,35,53,53,88,105,152,152,152,152,76,86,86,163,163,176,176,176],"floor_reached":19,"playtime":692,"items_purged":["Strike_G"],"score":338,"play_id":"5de4d0b2-6bf3-4acd-abf9-79611cc8e6cd","local_time":"20201224192023","is_ascension_mode":true,"campfire_choices":[{"data":"Blade Dance","floor":6.0,"key":"SMITH"},{"data":"Deadly Poison","floor":10.0,"key":"SMITH"},{"data":"Storm of Steel","floor":12.0,"key":"SMITH"},{"floor":15.0,"key":"REST"}],"circlet_count":0,"master_deck":["AscendersBane","Strike_G","Defend_G","Defend_G","Defend_G","Defend_G","Defend_G","Survivor","Neutralize","Storm of Steel+1","Deadly Poison+1","Dagger Throw","Finisher","Dagger Throw","Blade Dance+1","Backflip","Dagger Spray","Glass Knife","Burst","Prepared+1","Flying Knee+1","Poisoned Stab+1"],"relics":["Ring of the Snake","Centennial Puzzle","Omamori","CultistMask","Astrolabe"],"acts_visited":["Exordium","TheCity"],"potions_floor_usage":[16,16],"damage_taken":[{"damage":0.0,"enemies":"Small Slimes","floor":1.0,"turns":4.0},{"damage":8.0,"enemies":"Cultist","floor":2.0,"turns":5.0},{"damage":4.0,"enemies":"2 Louse","floor":4.0,"turns":3.0},{"damage":2.0,"enemies":"Red Slaver","floor":5.0,"turns":3.0},{"damage":17.0,"enemies":"Lagavulin","floor":7.0,"turns":5.0},{"damage":1.0,"enemies":"Looter","floor":8.0,"turns":3.0},{"damage":1.0,"enemies":"Blue Slaver","floor":14.0,"turns":2.0},{"damage":28,"enemies":"Hexaghost","floor":16,"turns":9},{"damage":50,"enemies":"Shell Parasite","floor":18,"turns":7},{"damage":6,"enemies":"3 Byrds","floor":19,"turns":2}],"seed_played":"-5794308695855795852","potions_obtained":[{"floor":2.0,"key":"DuplicationPotion"},{"floor":4.0,"key":"BlessingOfTheForge"},{"floor":7.0,"key":"DistilledChaos"}],"is_trial":false,"path_per_floor":["M","M","$","M","M","R","E","M","T","R","?","R","$","M","R","B",null,"M","M"],"character_chosen":"THE_SILENT","items_purchased":["Finisher","Glass Knife"],"campfire_rested":1,"item_purchase_floors":[3,13],"current_hp_per_floor":[59,51,51,47,45,45,28,27,27,27,27,27,27,26,45,17,54,4,0,0],"gold":176,"neow_bonus":"ONE_RANDOM_RARE_CARD","is_daily":false,"chose_seed":false,"campfire_upgraded":3,"win_rate":0.0,"timestamp":1608805223,"path_taken":["M","M","$","M","M","R","E","M","T","R","?","R","$","M","R","BOSS","M","?"],"items_purchased_type":["Card","Card"],"build_version":"2020-12-22","purchased_purges":1,"victory":false,"max_hp_per_floor":[66,66,66,66,66,66,66,66,66,66,66,66,66,66,66,66,66,66,66,66],"card_choices":[{"not_picked":["Deflect","Blade Dance"],"picked":"Deadly Poison","floor":1.0},{"not_picked":["Underhanded Strike","Backflip"],"picked":"Dagger Throw","floor":2.0},{"not_picked":["Bane","Dodge and Roll"],"picked":"Dagger Throw","floor":4.0},{"not_picked":["Bane","Cloak And Dagger"],"picked":"Blade Dance","floor":5.0},{"not_picked":["Deflect","Acrobatics"],"picked":"Backflip","floor":7.0},{"not_picked":["Dodge and Roll","Underhanded Strike"],"picked":"Dagger Spray","floor":8.0},{"not_picked":["Outmaneuver","Noxious Fumes","Deflect"],"picked":"SKIP","floor":14.0},{"not_picked":["Venomology","Unload"],"picked":"Burst","floor":16},{"not_picked":["Bane","Infinite Blades","Outmaneuver+1"],"picked":"SKIP","floor":18}],"player_experience":42970,"relics_obtained":[{"floor":7.0,"key":"Centennial Puzzle"},{"floor":9.0,"key":"Omamori"}],"event_choices":[{"damage_healed":0.0,"max_hp_gain":0.0,"max_hp_loss":0.0,"gold_gain":0.0,"event_name":"FaceTrader","player_choice":"Trade","floor":11.0,"gold_loss":0.0,"damage_taken":0.0,"relics_obtained":["CultistMask"]}],"is_beta":false,"boss_relics":[{"not_picked":["Fusion Hammer","SlaversCollar"],"picked":"Astrolabe"}],"items_purged_floors":[3],"is_endless":false,"potions_floor_spawned":[2,4,7,14],"killed_by":"3 Byrds","ascension_level":20}}