{"host":"f9ntswufr8mq3t4y","time":1608843052,"event":{"mods":["AchievementEnabler","BaseMod","Best Route Mod","Block Reminder","Colored Map","Colored Powertips","DeckTracker","Highlight Path","Minty Spire (QoL Compilation)","Permanent Neow","Quick Restart"],"gold_per_floor":[111,131,206,125,141,141,167,167,190,190,140,140,167,182,182,182,182],"floor_reached":16,"playtime":474,"items_purged":[],"score":178,"play_id":"2888c902-6bac-4933-9d83-b11775d4f678","local_time":"20201224235052","is_ascension_mode":true,"campfire_choices":[{"data":"Electrodynamics","floor":6.0,"key":"SMITH"},{"data":"Self Repair","floor":8.0,"key":"SMITH"},{"data":"Chaos","floor":10.0,"key":"SMITH"},{"data":"Chaos","floor":12.0,"key":"SMITH"},{"data":"Redo","floor":15.0,"key":"SMITH"}],"circlet_count":0,"master_deck":["Strike_B","Strike_B","Defend_B","Defend_B","Defend_B","Zap","Dualcast","Chaos+1","Redo+1","Self Repair+1","Electrodynamics+1","Chaos+1"],"relics":["Cracked Core","MealTicket","Potion Belt","Ancient Tea Set"],"acts_visited":[],"potions_floor_usage":[],"damage_taken":[{"damage":0.0,"enemies":"Small Slimes","floor":1.0,"turns":2.0},{"damage":7.0,"enemies":"Jaw Worm","floor":2.0,"turns":3.0},{"damage":0.0,"enemies":"2 Louse","floor":5.0,"turns":2.0},{"damage":10.0,"enemies":"Gremlin Nob","floor":7.0,"turns":3.0},{"damage":25.0,"enemies":"Gremlin Gang","floor":14.0,"turns":3.0},{"damage":47,"enemies":"Slime Boss","floor":16,"turns":6}],"seed_played":"1917318986642192775","potions_obtained":[{"floor":1.0,"key":"Energy Potion"},{"floor":2.0,"key":"PotionOfCapacity"}],"is_trial":false,"path_per_floor":["M","M","?","$","M","R","E","R","T","R","?","R","T","M","R","B"],"character_chosen":"DEFECT","items_purchased":["Self Repair"],"campfire_rested":0,"item_purchase_floors":[4],"current_hp_per_floor":[68,61,50,50,57,57,54,54,54,54,54,54,54,39,39,0,0],"gold":182,"neow_bonus":"REMOVE_TWO","is_daily":false,"chose_seed":false,"campfire_upgraded":5,"win_rate":0.0,"timestamp":1608843052,"path_taken":["M","M","?","$","M","R","E","R","T","R","?","R","?","M","R","BOSS"],"items_purchased_type":["Card"],"build_version":"2020-12-22","purchased_purges":0,"victory":false,"max_hp_per_floor":[68,68,68,68,68,68,68,68,68,68,68,68,68,68,68,68,68],"card_choices":[{"not_picked":["FTL","Hologram"],"picked":"Chaos","floor":1.0},{"not_picked":["Beam Cell","Cold Snap"],"picked":"Redo","floor":2.0},{"not_picked":["Stack","Compile Driver"],"picked":"Electrodynamics","floor":5.0},{"not_picked":["Compile Driver","FTL"],"picked":"Chaos","floor":7.0},{"not_picked":["Ball Lightning","Tempest","Streamline"],"picked":"SKIP","floor":14.0}],"player_experience":328302,"relics_obtained":[{"floor":7.0,"key":"MealTicket"},{"floor":9.0,"key":"Potion Belt"},{"floor":13.0,"key":"Ancient Tea Set"}],"event_choices":[{"damage_healed":0.0,"max_hp_gain":0.0,"max_hp_loss":0.0,"gold_gain":75.0,"event_name":"World of Goop","player_choice":"Gather Gold","floor":3.0,"gold_loss":0.0,"damage_taken":11.0},{"cards_removed":["Strike_B"],"damage_healed":0.0,"max_hp_gain":0.0,"max_hp_loss":0.0,"gold_gain":0.0,"event_name":"The Cleric","player_choice":"Card Removal","floor":11.0,"gold_loss":50.0,"damage_taken":0.0}],"is_beta":false,"boss_relics":[],"items_purged_floors":[],"is_endless":false,"potions_floor_spawned":[1,2],"killed_by":"Slime Boss","ascension_level":4}}