{"host":"15dd7v8o90xso62x","time":1608784470,"event":{"mods":["BaseMod","Minty Spire (QoL Compilation)","Quick Restart","StSLib"],"gold_per_floor":[119,119,135,145,158,158,173,201,201,213,213,226,239,267,267,342,342,354,404,417,170,170,205,205,205,205],"floor_reached":25,"playtime":1302,"items_purged":["Darkness+1"],"score":494,"play_id":"7145608d-db99-40fe-a436-5b0822b62bc0","local_time":"20201224133430","is_ascension_mode":true,"campfire_choices":[{"data":"Consume","floor":6.0,"key":"SMITH"},{"data":"Zap","floor":11.0,"key":"SMITH"},{"data":"Coolheaded","floor":15.0,"key":"SMITH"},{"floor":24,"key":"REST"}],"circlet_count":0,"master_deck":["AscendersBane","Defend_B","Defend_B","Zap+1","Dualcast","Barrage","Reinforced Body","Cold Snap","BootSequence","Consume+1","Echo Form","Coolheaded+1","Multi-Cast","Glacier","FTL","Capacitor","Reboot","Storm+1","Self Repair+1","Ball Lightning","Chill"],"relics":["Cracked Core","InkBottle","Turnip","Emotion Chip","Astrolabe","Medical Kit","Sundial"],"acts_visited":["Exordium","TheCity"],"potions_floor_usage":[23,23],"damage_taken":[{"damage":7.0,"enemies":"Jaw Worm","floor":1.0,"turns":4.0},{"damage":0.0,"enemies":"Cultist","floor":3.0,"turns":3.0},{"damage":2.0,"enemies":"Small Slimes","floor":4.0,"turns":4.0},{"damage":2.0,"enemies":"Red Slaver","floor":5.0,"turns":4.0},{"damage":0.0,"enemies":"Looter","floor":7.0,"turns":3.0},{"damage":16.0,"enemies":"3 Sentries","floor":8.0,"turns":11.0},{"damage":6.0,"enemies":"Blue Slaver","floor":10.0,"turns":4.0},{"damage":12.0,"enemies":"Large Slime","floor":12.0,"turns":6.0},{"damage":8.0,"enemies":"3 Louse","floor":13.0,"turns":4.0},{"damage":0.0,"enemies":"Lagavulin","floor":14.0,"turns":7.0},{"damage":11.0,"enemies":"The Guardian","floor":16.0,"turns":14.0},{"damage":23.0,"enemies":"2 Thieves","floor":18.0,"turns":4.0},{"damage":1.0,"enemies":"Spheric Guardian","floor":20.0,"turns":4.0},{"damage":37,"enemies":"Slavers","floor":23,"turns":5},{"damage":38,"enemies":"Gremlin Leader","floor":25,"turns":2}],"seed_played":"-5852321350196258331","potions_obtained":[{"floor":1.0,"key":"FocusPotion"},{"floor":4.0,"key":"LiquidBronze"},{"floor":7.0,"key":"FairyPotion"},{"floor":12.0,"key":"DuplicationPotion"},{"floor":13.0,"key":"SpeedPotion"},{"floor":16.0,"key":"EssenceOfDarkness"},{"floor":20.0,"key":"SteroidPotion"}],"is_trial":false,"path_per_floor":["M","?","M","M","M","R","M","E","T","M","R","M","M","E","R","B",null,"M","?","M","$","?","E","R","E"],"character_chosen":"DEFECT","items_purchased":["Medical Kit"],"campfire_rested":1,"item_purchase_floors":[21],"current_hp_per_floor":[39,39,39,37,35,35,35,19,19,13,13,1,15,15,15,4,54,41,41,50,50,50,13,34,0,0],"gold":205,"neow_bonus":"TRANSFORM_TWO_CARDS","is_daily":false,"chose_seed":false,"campfire_upgraded":3,"win_rate":0.0,"timestamp":1608784470,"path_taken":["M","?","M","M","M","R","M","E","T","M","R","M","?","E","R","BOSS","M","?","M","$","?","E","R","E"],"items_purchased_type":["Relic"],"build_version":"2020-12-22","purchased_purges":1,"victory":false,"max_hp_per_floor":[71,71,71,71,71,71,71,71,71,71,71,71,71,71,71,71,71,71,71,71,71,71,71,71,71,71],"card_choices":[{"not_picked":["Tempest","Hello World"],"picked":"Cold Snap","floor":1.0},{"not_picked":["Beam Cell","Coolheaded"],"picked":"BootSequence","floor":3.0},{"not_picked":["Rebound","Redo"],"picked":"Consume","floor":4.0},{"not_picked":["Steam","Redo"],"picked":"Echo Form","floor":5.0},{"not_picked":["Turbo","Gash"],"picked":"Coolheaded","floor":7.0},{"not_picked":["Barrage","Multi-Cast","Rebound"],"picked":"SKIP","floor":8.0},{"not_picked":["Barrage","Rebound"],"picked":"Multi-Cast","floor":8.0},{"not_picked":["Aggregate","Cold Snap","Rebound"],"picked":"SKIP","floor":10.0},{"not_picked":["FTL","Conserve Battery"],"picked":"Glacier","floor":12.0},{"not_picked":["Storm","Chaos"],"picked":"FTL","floor":13.0},{"not_picked":["All For One","Scrape"],"picked":"Capacitor","floor":14.0},{"not_picked":["All For One","Fission"],"picked":"Reboot","floor":16.0},{"not_picked":["BootSequence","Go for the Eyes","Sweeping Beam"],"picked":"SKIP","floor":18.0},{"not_picked":["Barrage","Darkness"],"picked":"Ball Lightning","floor":20.0},{"not_picked":["Sweeping Beam","Rebound"],"picked":"Chill","floor":23}],"player_experience":942682,"relics_obtained":[{"floor":8.0,"key":"InkBottle"},{"floor":9.0,"key":"Turnip"},{"floor":14.0,"key":"Emotion Chip"},{"floor":23,"key":"Sundial"}],"event_choices":[{"cards_removed":["Strike_B"],"damage_healed":0.0,"max_hp_gain":0.0,"max_hp_loss":0.0,"gold_gain":0.0,"event_name":"Purifier","player_choice":"Purged","floor":2.0,"gold_loss":0.0,"damage_taken":0.0},{"damage_healed":0.0,"max_hp_gain":0.0,"max_hp_loss":0.0,"gold_gain":50.0,"event_name":"Nest","player_choice":"Stole From Cult","floor":19.0,"gold_loss":0.0,"damage_taken":0.0},{"damage_healed":0,"gold_gain":0,"player_choice":"Ignored","damage_taken":0,"max_hp_gain":0,"max_hp_loss":0,"event_name":"Cursed Tome","floor":22,"gold_loss":0}],"is_beta":false,"boss_relics":[{"not_picked":["Busted Crown","Fusion Hammer"],"picked":"Astrolabe"}],"items_purged_floors":[21],"is_endless":false,"potions_floor_spawned":[1,4,7,12,13,16,20],"killed_by":"Gremlin Leader","ascension_level":18}}