{"host":"kh6fvhxn285ncg0o","time":1608790732,"event":{"mods":["Act Like it!","BaseMod","Colored Map","Friendly Minions","Keyboard Shortcuts","Minty Spire (QoL Compilation)","Quick Restart","Relic Stats","StSLib","SuperFastMode"],"gold_per_floor":[113,113,130,143,37,37,64,83,109,140,178,190,221,233,245,329,341,372,309,341,353,377,389,401,401],"floor_reached":24,"playtime":14102,"items_purged":[],"score":416,"play_id":"6010f731-c904-40d2-b283-32e60b187527","local_time":"20201224151852","is_ascension_mode":true,"campfire_choices":[{"data":"Flash of Steel","floor":6.0,"key":"SMITH"},{"data":"Rage","floor":15.0,"key":"SMITH"},{"data":"Immolate","floor":23.0,"key":"SMITH"}],"circlet_count":0,"master_deck":["AscendersBane","Strike_R","Strike_R","Defend_R","Defend_R","Defend_R","Bash+1","Rage+1","Flash of Steel+1","Seeing Red","Inflame","Immolate+1","Anger","Blood for Blood"],"relics":["Burning Blood","Pen Nib","MawBank","Strawberry","SacredBark","CeramicFish"],"acts_visited":["Exordium","TheCity"],"potions_floor_usage":[],"damage_taken":[{"damage":3.0,"enemies":"2 Louse","floor":1.0,"turns":3.0},{"damage":1.0,"enemies":"Cultist","floor":3.0,"turns":3.0},{"damage":2.0,"enemies":"Small Slimes","floor":4.0,"turns":3.0},{"damage":32.0,"enemies":"Gremlin Nob","floor":7.0,"turns":4.0},{"damage":9.0,"enemies":"Red Slaver","floor":8.0,"turns":4.0},{"damage":0.0,"enemies":"Large Slime","floor":10.0,"turns":5.0},{"damage":6.0,"enemies":"Lagavulin","floor":11.0,"turns":5.0},{"damage":11.0,"enemies":"Gremlin Gang","floor":13.0,"turns":5.0},{"damage":24.0,"enemies":"Hexaghost","floor":16.0,"turns":7.0},{"damage":0.0,"enemies":"3 Byrds","floor":18.0,"turns":2.0},{"damage":34.0,"enemies":"2 Thieves","floor":20.0,"turns":3.0},{"damage":31.0,"enemies":"Cultist and Chosen","floor":22.0,"turns":5.0},{"damage":34,"enemies":"Book of Stabbing","floor":24,"turns":3}],"seed_played":"-3763019224602626282","potions_obtained":[{"floor":4.0,"key":"Fruit Juice"},{"floor":8.0,"key":"Block Potion"},{"floor":10.0,"key":"Energy Potion"},{"floor":16.0,"key":"Fruit Juice"},{"floor":20.0,"key":"Fruit Juice"}],"is_trial":false,"path_per_floor":["M","?","M","M","$","R","E","M","T","M","E","?","M","$","R","B",null,"M","?","M","?","M","R","E"],"character_chosen":"IRONCLAD","items_purchased":["Flash of Steel"],"campfire_rested":0,"item_purchase_floors":[5],"current_hp_per_floor":[71,71,75,75,75,75,49,46,46,57,64,64,59,59,59,41,76,82,82,54,54,29,29,0,0],"gold":401,"neow_bonus":"UPGRADE_CARD","is_daily":false,"chose_seed":false,"campfire_upgraded":3,"win_rate":0.0,"timestamp":1608790732,"path_taken":["M","?","M","M","?","R","E","?","T","M","E","?","M","?","R","BOSS","M","?","?","?","M","R","E"],"items_purchased_type":["Card"],"build_version":"2020-12-22","purchased_purges":0,"victory":false,"max_hp_per_floor":[75,75,75,75,75,75,75,75,75,80,87,87,87,87,87,87,87,87,87,87,87,87,87,87,87],"relic_stats":{"counters":[13,52],"CeramicFish":0,"Pen Nib":[9],"MawBank":180,"obtain_stats":[{"Strawberry":11,"SacredBark":17,"CeramicFish":21,"Pen Nib":7,"MawBank":9,"Burning Blood":0},{"Strawberry":7,"SacredBark":9,"CeramicFish":11,"Pen Nib":4,"MawBank":5,"Burning Blood":0},{"Strawberry":27,"SacredBark":39,"CeramicFish":44,"Pen Nib":13,"MawBank":17,"Burning Blood":0}],"Burning Blood":67},"card_choices":[{"not_picked":["Cleave","Armaments"],"picked":"Headbutt","floor":1.0},{"not_picked":["Dropkick","Heavy Blade"],"picked":"Seeing Red","floor":7.0},{"not_picked":["Headbutt","Sword Boomerang","Anger"],"picked":"SKIP","floor":10.0},{"not_picked":["Cleave","Pummel","Wild Strike"],"picked":"SKIP","floor":11.0},{"not_picked":["Heavy Blade","Perfected Strike"],"picked":"Inflame","floor":13.0},{"not_picked":["Limit Break","Reaper"],"picked":"Immolate","floor":16.0},{"not_picked":["Combust","Anger","Rupture+1"],"picked":"SKIP","floor":18.0},{"not_picked":["Armaments","Headbutt","Blood for Blood+1"],"picked":"SKIP","floor":20.0},{"not_picked":["Clash","Combust","Body Slam"],"picked":"SKIP","floor":22.0}],"player_experience":3237100,"relics_obtained":[{"floor":7.0,"key":"Pen Nib"},{"floor":9.0,"key":"MawBank"},{"floor":11.0,"key":"Strawberry"}],"event_choices":[{"damage_healed":0.0,"max_hp_gain":0.0,"max_hp_loss":0.0,"gold_gain":0.0,"cards_transformed":["Strike_R"],"event_name":"Transmorgrifier","player_choice":"Transformed","floor":2.0,"gold_loss":0.0,"damage_taken":0.0,"cards_obtained":["Rage"]},{"cards_removed":["Defend_R"],"damage_healed":0.0,"max_hp_gain":0.0,"max_hp_loss":0.0,"gold_gain":0.0,"event_name":"Wheel of Change","player_choice":"Card Removal","floor":12.0,"gold_loss":0.0,"damage_taken":0.0},{"damage_healed":0.0,"max_hp_gain":0.0,"max_hp_loss":0.0,"gold_gain":0.0,"cards_transformed":["Strike_R","Strike_R"],"event_name":"Designer","player_choice":"Transformed Cards","floor":19.0,"gold_loss":75.0,"damage_taken":0.0,"cards_obtained":["Anger","Blood for Blood"]},{"cards_removed":["Headbutt"],"damage_healed":0.0,"max_hp_gain":0.0,"max_hp_loss":0.0,"gold_gain":0.0,"event_name":"WeMeetAgain","player_choice":"Gave Card","floor":21.0,"gold_loss":0.0,"damage_taken":0.0,"relics_obtained":["CeramicFish"]}],"is_beta":false,"boss_relics":[{"not_picked":["Calling Bell","Black Blood"],"picked":"SacredBark"}],"items_purged_floors":[],"is_endless":false,"potions_floor_spawned":[4,8,10,16,20],"killed_by":"Book of Stabbing","ascension_level":20}}