{"host":"6ko66ogg91i6g7xq","time":1608825552,"event":{"mods":["AchievementEnabler","Act Like it!","BaseMod","Colored Map","Colored Powertips","Downfall","Hermit","Minty Spire (QoL Compilation)","Quick Restart","Relic Stats","StSLib","The Jungle","everything is the same but u backflip on backflip"],"gold_per_floor":[113,113,130,130,55,83,97,97,97],"floor_reached":8,"playtime":137,"items_purged":["Regret"],"score":89,"play_id":"655716c4-6279-47f0-b5ce-c87477639ac3","local_time":"20201224105912","is_ascension_mode":true,"campfire_choices":[],"circlet_count":0,"master_deck":["Strike_G","Strike_G","Strike_G","Strike_G","Strike_G","Defend_G","Defend_G","Defend_G+1","Defend_G","Defend_G","Survivor","Neutralize","Leg Sweep+1","Blade Dance","Dodge and Roll"],"relics":["Ring of the Snake","NeowsBlessing","Tiny Chest","Toy Ornithopter"],"acts_visited":["Exordium"],"potions_floor_usage":[8],"damage_taken":[{"damage":0,"enemies":"2 Louse","floor":1,"turns":1},{"damage":0,"enemies":"Small Slimes","floor":3,"turns":1},{"damage":0,"enemies":"Lagavulin","floor":6,"turns":1},{"damage":0,"enemies":"Cultist","floor":7,"turns":4},{"damage":1,"enemies":"3 Sentries","floor":8,"turns":3}],"seed_played":"7602680400498318317","potions_obtained":[{"floor":3,"key":"ColorlessPotion"},{"floor":6,"key":"Swift Potion"},{"floor":7,"key":"FearPotion"}],"is_trial":false,"path_per_floor":["M","?","M","?","$","E","M","E"],"character_chosen":"THE_SILENT","items_purchased":[],"campfire_rested":0,"item_purchase_floors":[],"current_hp_per_floor":[70,70,70,56,56,56,56,60,60],"gold":97,"neow_bonus":"THREE_ENEMY_KILL","is_daily":false,"chose_seed":false,"campfire_upgraded":0,"win_rate":0.0,"timestamp":1608825552,"path_taken":["M","?","M","?","$","E","M","E"],"items_purchased_type":[],"build_version":"2020-12-22","purchased_purges":1,"victory":false,"max_hp_per_floor":[70,70,70,70,70,70,70,70,70],"relic_stats":{"counters":[5,9],"Tiny Chest":0,"obtain_stats":[{"NeowsBlessing":0,"Tiny Chest":2,"Toy Ornithopter":6,"Ring of the Snake":0},{"NeowsBlessing":0,"Tiny Chest":1,"Toy Ornithopter":3,"Ring of the Snake":0},{"NeowsBlessing":0,"Tiny Chest":1,"Toy Ornithopter":3,"Ring of the Snake":0}],"Toy Ornithopter":5,"Ring of the Snake":[10]},"card_choices":[{"not_picked":["Flying Knee","Escape Plan","Deflect"],"picked":"SKIP","floor":1},{"not_picked":["Eviscerate","Acrobatics"],"picked":"Leg Sweep","floor":3},{"not_picked":["Expertise","Predator"],"picked":"Blade Dance","floor":6},{"not_picked":["Underhanded Strike","Deflect"],"picked":"Dodge and Roll","floor":7}],"player_experience":255930,"relics_obtained":[{"floor":6,"key":"Toy Ornithopter"}],"event_choices":[{"damage_healed":0,"gold_gain":0,"player_choice":"Box","damage_taken":0,"relics_obtained":["Tiny Chest"],"max_hp_gain":0,"max_hp_loss":0,"event_name":"Big Fish","floor":2,"gold_loss":0,"cards_obtained":["Regret"]},{"damage_healed":0,"gold_gain":0,"player_choice":"Entered Light","damage_taken":14,"max_hp_gain":0,"max_hp_loss":0,"event_name":"Shining Light","floor":4,"gold_loss":0,"cards_upgraded":["Leg Sweep","Defend_G"]}],"is_beta":false,"boss_relics":[],"items_purged_floors":[5],"is_endless":false,"potions_floor_spawned":[3,6,7],"killed_by":"3 Sentries","ascension_level":2}}