{"host":"diy71vlueofrnn1o","time":1608819430,"event":{"mods":["2.2 Compatiblity","AchievementEnabler","BaseMod","Best Route Mod","Colored Map","Curses Come First","DeckTracker","Minty Spire (QoL Compilation)","Quick Restart","Rare Cards Sparkle","StSLib","SuperFastMode"],"gold_per_floor":[110,129,141,155,170,170,196,196,278,295,326,346,357,388,388,490,490,501,511,511,139,139,174,194,220,220,220,220],"floor_reached":27,"playtime":1187,"items_purged":["Strike_G"],"score":388,"play_id":"fc170555-36fc-4ca8-977a-d0cfc0b0928b","local_time":"20201224151710","is_ascension_mode":true,"campfire_choices":[{"data":"Skewer","floor":6,"key":"SMITH"},{"floor":8,"key":"REST"},{"data":"All Out Attack","floor":15,"key":"SMITH"}],"circlet_count":0,"master_deck":["Strike_G","Strike_G","Strike_G","Strike_G","Defend_G","Defend_G","Defend_G","Defend_G","Defend_G","Survivor","Neutralize","Sucker Punch","Backstab","Dagger Throw","Skewer+1","Flying Knee","Phantasmal Killer","Heel Hook","All Out Attack+1","Adrenaline","Tactician+1","Deadly Poison+1","Dagger Spray+1","Footwork+1","Choke+1","Adrenaline"],"relics":["Snecko Eye","Meat on the Bone","White Beast Statue","Du-Vu Doll","Regal Pillow","Fusion Hammer","Vajra","Orrery","Dream Catcher","Anchor","Gambling Chip"],"acts_visited":["Exordium","TheCity"],"potions_floor_usage":[4,11,11,13,14,16,23,23,24,25,25],"damage_taken":[{"damage":4,"enemies":"Small Slimes","floor":1,"turns":6},{"damage":4,"enemies":"Jaw Worm","floor":2,"turns":5},{"damage":2,"enemies":"Cultist","floor":3,"turns":4},{"damage":3,"enemies":"Looter","floor":4,"turns":4},{"damage":20,"enemies":"Large Slime","floor":5,"turns":5},{"damage":28,"enemies":"Gremlin Nob","floor":7,"turns":4},{"damage":10,"enemies":"Red Slaver","floor":10,"turns":2},{"damage":10,"enemies":"Lagavulin","floor":11,"turns":5},{"damage":5,"enemies":"2 Fungi Beasts","floor":12,"turns":3},{"damage":30,"enemies":"Exordium Thugs","floor":13,"turns":4},{"damage":2,"enemies":"Gremlin Nob","floor":14,"turns":3},{"damage":10,"enemies":"Slime Boss","floor":16,"turns":8},{"damage":0,"enemies":"Spheric Guardian","floor":18,"turns":2},{"damage":7,"enemies":"Chosen","floor":19,"turns":4},{"damage":31,"enemies":"Book of Stabbing","floor":23,"turns":4},{"damage":30,"enemies":"Snake Plant","floor":24,"turns":4},{"damage":14,"enemies":"Gremlin Leader","floor":25,"turns":5},{"damage":14,"enemies":"Centurion and Healer","floor":27,"turns":2}],"seed_played":"8809511229387530585","potions_obtained":[{"floor":2,"key":"ColorlessPotion"},{"floor":7,"key":"Fire Potion"},{"floor":10,"key":"Weak Potion"},{"floor":11,"key":"EssenceOfSteel"},{"floor":12,"key":"Fire Potion"},{"floor":13,"key":"EssenceOfSteel"},{"floor":14,"key":"CultistPotion"},{"floor":16,"key":"Block Potion"},{"floor":18,"key":"AttackPotion"},{"floor":23,"key":"SteroidPotion"},{"floor":24,"key":"SkillPotion"},{"floor":25,"key":"Fire Potion"}],"is_trial":false,"path_per_floor":["M","M","M","M","M","R","E","R","T","M","E","M","M","E","R","B",null,"M","M","?","$","?","E","M","E","T","M"],"character_chosen":"THE_SILENT","items_purchased":["Vajra","Orrery"],"campfire_rested":1,"item_purchase_floors":[21,21],"current_hp_per_floor":[59,55,53,50,30,30,2,23,23,25,27,34,16,26,26,28,60,60,53,53,53,53,34,16,14,14,0,0],"gold":220,"neow_bonus":"BOSS_RELIC","is_daily":false,"chose_seed":false,"campfire_upgraded":2,"win_rate":0.0,"timestamp":1608819430,"path_taken":["M","M","M","M","M","R","E","R","T","M","E","M","M","E","R","BOSS","M","M","?","$","?","E","?","E","T","M"],"items_purchased_type":["Relic","Relic"],"build_version":"2020-12-22","purchased_purges":1,"victory":false,"max_hp_per_floor":[70,70,70,70,70,70,70,70,70,70,70,70,70,70,70,70,70,70,70,70,70,70,70,70,70,70,70,70],"card_choices":[{"not_picked":["Underhanded Strike","Backflip"],"picked":"Sucker Punch","floor":1},{"not_picked":["Heel Hook","Deflect"],"picked":"Backstab","floor":2},{"not_picked":["Cloak And Dagger","Backflip"],"picked":"Dagger Throw","floor":3},{"not_picked":["Bane","Blade Dance"],"picked":"Skewer","floor":4},{"not_picked":["Expertise","Dagger Throw","Acrobatics"],"picked":"SKIP","floor":5},{"not_picked":["Corpse Explosion","Dodge and Roll"],"picked":"Flying Knee","floor":7},{"not_picked":["Accuracy","Calculated Gamble","Backflip"],"picked":"SKIP","floor":10},{"not_picked":["Bane","Blur","Slice"],"picked":"SKIP","floor":11},{"not_picked":["Poisoned Stab","Infinite Blades"],"picked":"Phantasmal Killer","floor":12},{"not_picked":["Dagger Throw","Cloak And Dagger"],"picked":"Heel Hook","floor":13},{"not_picked":["Quick Slash","PiercingWail"],"picked":"All Out Attack","floor":14},{"not_picked":["Night Terror","A Thousand Cuts"],"picked":"Adrenaline","floor":16},{"not_picked":["All Out Attack+1","Deflect"],"picked":"Tactician+1","floor":18},{"not_picked":["Sucker Punch","All Out Attack"],"picked":"Deadly Poison+1","floor":19},{"not_picked":["Underhanded Strike","Prepared"],"picked":"Dagger Spray+1","floor":21},{"not_picked":["Setup","After Image"],"picked":"Footwork+1","floor":21},{"not_picked":["Skewer+1","Slice+1"],"picked":"Choke+1","floor":21},{"not_picked":["Prepared","Deadly Poison","A Thousand Cuts"],"picked":"SKIP","floor":23},{"not_picked":["Flying Knee","Poisoned Stab","Footwork"],"picked":"SKIP","floor":24},{"not_picked":["Underhanded Strike","Skewer","Sucker Punch"],"picked":"SKIP","floor":25}],"player_experience":395116,"relics_obtained":[{"floor":7,"key":"Meat on the Bone"},{"floor":9,"key":"White Beast Statue"},{"floor":11,"key":"Du-Vu Doll"},{"floor":14,"key":"Regal Pillow"},{"floor":23,"key":"Dream Catcher"},{"floor":25,"key":"Anchor"},{"floor":26,"key":"Gambling Chip"}],"event_choices":[{"damage_healed":0,"gold_gain":0,"player_choice":"Ignored","damage_taken":0,"max_hp_gain":0,"max_hp_loss":0,"event_name":"Ghosts","floor":20,"gold_loss":0},{"damage_healed":0,"gold_gain":0,"player_choice":"Copied","damage_taken":0,"max_hp_gain":0,"max_hp_loss":0,"event_name":"Duplicator","floor":22,"gold_loss":0,"cards_obtained":["Adrenaline"]}],"is_beta":false,"boss_relics":[{"not_picked":["WristBlade","Coffee Dripper"],"picked":"Fusion Hammer"}],"items_purged_floors":[21],"is_endless":false,"potions_floor_spawned":[2,7,10,11,12,13,14,16,18,19,23,24,25],"killed_by":"Centurion and Healer","ascension_level":8}}