{"host":"15ff3ltgpietarej","time":1608794774,"event":{"mods":["BaseMod","Downfall","Highlight Path","Minty Spire (QoL Compilation)","StSLib"],"gold_per_floor":[111,129,147,147,159,159,194,194,243,259,279,310,325,344,344,444,444,459,459,459,62,74,102,114,114,141,167,167,167,167,190,190,291,291,291,291],"floor_reached":35,"playtime":1732,"items_purged":["Decay"],"score":526,"play_id":"64105082-01f3-4f9e-bcc3-6940108cf4ab","local_time":"20201224082614","is_ascension_mode":true,"campfire_choices":[{"data":"CutThroughFate","floor":6.0,"key":"SMITH"},{"floor":8.0,"key":"REST"},{"floor":15.0,"key":"REST"},{"floor":25.0,"key":"REST"},{"floor":28,"key":"REST"},{"data":"Apotheosis","floor":32,"key":"SMITH"}],"circlet_count":0,"master_deck":["Strike_P+1","Strike_P","Strike_P","Strike_P","Defend_P","Defend_P","Defend_P","Defend_P","Eruption","Vigilance","DeusExMachina","CutThroughFate+1","PathToVictory","PathToVictory","WreathOfFlame","DeceiveReality","CutThroughFate+1","FlyingSleeves","JustLucky","LikeWater","Scrawl","InnerPeace","ThirdEye","Apotheosis+1","Sanctity","Consecrate+1","JustLucky+1","ClearTheMind+1","SpiritShield+1"],"relics":["PureWater","Bottled Flame","Dream Catcher","Juzu Bracelet","Black Star","Membership Card","Sundial","Toxic Egg 2","Damaru","Regal Pillow","Guardian:GemstoneGun","Whetstone","Happy Flower","Velvet Choker"],"acts_visited":["Exordium","TheCity","TheBeyond"],"potions_floor_usage":[27,27,33],"damage_taken":[{"damage":4.0,"enemies":"Small Slimes","floor":1.0,"turns":3.0},{"damage":6.0,"enemies":"2 Louse","floor":2.0,"turns":3.0},{"damage":2.0,"enemies":"Jaw Worm","floor":3.0,"turns":3.0},{"damage":4.0,"enemies":"3 Louse","floor":5.0,"turns":4.0},{"damage":18.0,"enemies":"Gremlin Nob","floor":7.0,"turns":3.0},{"damage":3.0,"enemies":"Blue Slaver","floor":10.0,"turns":2.0},{"damage":12.0,"enemies":"Exordium Thugs","floor":11.0,"turns":3.0},{"damage":7.0,"enemies":"Lagavulin","floor":12.0,"turns":5.0},{"damage":3.0,"enemies":"Large Slime","floor":13.0,"turns":5.0},{"damage":5.0,"enemies":"2 Fungi Beasts","floor":14.0,"turns":2.0},{"damage":0.0,"enemies":"The Guardian","floor":16.0,"turns":9.0},{"damage":11.0,"enemies":"Chosen","floor":18.0,"turns":5.0},{"damage":17.0,"enemies":"Shell Parasite","floor":22.0,"turns":5.0},{"damage":7.0,"enemies":"Book of Stabbing","floor":23.0,"turns":5.0},{"damage":12.0,"enemies":"Snecko","floor":24.0,"turns":7.0},{"damage":53,"enemies":"Slavers","floor":27,"turns":9},{"damage":32,"enemies":"Champ","floor":33,"turns":10},{"damage":33,"enemies":"3 Darklings","floor":35,"turns":2}],"seed_played":"-3214585587387086904","potions_obtained":[{"floor":2.0,"key":"SneckoOil"},{"floor":5.0,"key":"Swift Potion"},{"floor":7.0,"key":"Guardian:BlockOnCardUsePotion"},{"floor":11.0,"key":"SteroidPotion"},{"floor":13.0,"key":"Dexterity Potion"},{"floor":16.0,"key":"FairyPotion"},{"floor":23.0,"key":"SteroidPotion"},{"floor":27,"key":"Block Potion"},{"floor":33,"key":"FearPotion"}],"is_trial":false,"path_per_floor":["M","M","M","$","M","R","E","R","T","M","M","E","M","M","R","B",null,"M","?","?","$","M","E","M","R","T","E","R","?","?","T","R","B",null,"M"],"character_chosen":"WATCHER","items_purchased":["Membership Card","Sundial","Apotheosis"],"campfire_rested":4,"item_purchase_floors":[21,21,21],"current_hp_per_floor":[68,62,60,60,56,56,38,59,59,56,44,37,34,29,50,50,72,61,61,61,61,44,37,25,46,46,18,54,54,54,54,54,22,72,39,39],"gold":291,"neow_bonus":"ONE_RANDOM_RARE_CARD","is_daily":false,"chose_seed":false,"campfire_upgraded":2,"win_rate":0.0,"timestamp":1608794774,"path_taken":["M","M","M","$","M","R","E","R","T","M","M","E","M","M","R","BOSS","M","?","?","$","M","E","M","R","T","E","R","?","?","?","R","BOSS","M"],"items_purchased_type":["Relic","Relic","Card"],"build_version":"2020-12-22","purchased_purges":1,"victory":false,"max_hp_per_floor":[72,72,72,72,72,72,72,72,72,72,72,72,72,72,72,72,72,72,72,72,72,72,72,72,72,72,72,72,72,72,72,72,72,72,72,72],"card_choices":[{"not_picked":["JustLucky","Protect"],"picked":"CutThroughFate","floor":1.0},{"not_picked":["BowlingBash","Consecrate"],"picked":"PathToVictory","floor":2.0},{"not_picked":["FearNoEvil","CarveReality","EmptyFist"],"picked":"SKIP","floor":3.0},{"not_picked":["TalkToTheHand","SashWhip"],"picked":"PathToVictory","floor":5.0},{"not_picked":["TalkToTheHand","Devotion"],"picked":"WreathOfFlame","floor":7.0},{"not_picked":["Crescendo","EmptyBody"],"picked":"DeceiveReality","floor":10.0},{"not_picked":["TalkToTheHand","ClearTheMind"],"picked":"CutThroughFate","floor":11.0},{"not_picked":["FollowUp","FearNoEvil"],"picked":"FlyingSleeves","floor":12.0},{"not_picked":["Crescendo","SandsOfTime"],"picked":"JustLucky","floor":13.0},{"not_picked":["BowlingBash","EmptyBody"],"picked":"LikeWater","floor":14.0},{"not_picked":["DevaForm","Devotion"],"picked":"Scrawl","floor":16.0},{"not_picked":["Evaluate","FlyingSleeves"],"picked":"InnerPeace","floor":18.0},{"not_picked":["Protect","FlurryOfBlows"],"picked":"Sanctity","floor":22.0},{"not_picked":["FlurryOfBlows","MentalFortress"],"picked":"Consecrate+1","floor":23.0},{"not_picked":["Halt+1","FlyingSleeves"],"picked":"JustLucky+1","floor":24.0},{"not_picked":["Swivel+1","Consecrate+1"],"picked":"ClearTheMind+1","floor":25.0},{"not_picked":["BowlingBash","SandsOfTime"],"picked":"SpiritShield+1","floor":27}],"player_experience":406226,"relics_obtained":[{"floor":7.0,"key":"Bottled Flame"},{"floor":9.0,"key":"Dream Catcher"},{"floor":12.0,"key":"Juzu Bracelet"},{"floor":23.0,"key":"Toxic Egg 2"},{"floor":23.0,"key":"Damaru"},{"floor":26.0,"key":"Regal Pillow"},{"floor":27,"key":"Guardian:GemstoneGun"},{"floor":27,"key":"Whetstone"},{"floor":31,"key":"Happy Flower"}],"event_choices":[{"damage_healed":0.0,"max_hp_gain":0.0,"max_hp_loss":0.0,"gold_gain":0.0,"event_name":"The Library","player_choice":"Read","floor":19.0,"gold_loss":0.0,"damage_taken":0.0,"cards_obtained":["ThirdEye"]},{"damage_healed":0.0,"max_hp_gain":0.0,"max_hp_loss":0.0,"gold_gain":0.0,"event_name":"Forgotten Altar","player_choice":"Smashed Altar","floor":20.0,"gold_loss":0.0,"damage_taken":0.0,"cards_obtained":["Decay"]},{"damage_healed":0,"gold_gain":0,"player_choice":"Ignored","damage_taken":0,"max_hp_gain":0,"max_hp_loss":0,"event_name":"Ghosts","floor":30,"gold_loss":0}],"is_beta":false,"boss_relics":[{"not_picked":["Snecko Eye","Busted Crown"],"picked":"Black Star"},{"not_picked":["Runic Pyramid","Runic Dome"],"picked":"Velvet Choker"}],"items_purged_floors":[21],"is_endless":false,"potions_floor_spawned":[2,5,7,11,13,14,16,18,23,27,33],"killed_by":"3 Darklings","ascension_level":3}}