{"host":"7i2b4pyo6x2376bs","time":1608773861,"event":{"mods":["BaseMod","Better Note","Colored Map","Highlight Path","Minty Spire (QoL Compilation)","Quick Restart","Rare Cards Sparkle","Shop Mod","StSLib","The Jungle"],"gold_per_floor":[116,133,208,221,221,221,241,257,309,309,368,378,378,378],"floor_reached":13,"playtime":910,"items_purged":[],"score":119,"play_id":"02f4113c-27f2-4d74-a592-62700d0ff930","local_time":"20201223173741","is_ascension_mode":true,"campfire_choices":[{"floor":6,"key":"REST"},{"floor":10,"key":"REST"}],"circlet_count":0,"master_deck":["AscendersBane","Strike_R","Strike_R","Strike_R","Strike_R","Strike_R","Defend_R","Defend_R","Defend_R","Defend_R","Bash","Corruption","Uppercut","Metallicize","Ghostly Armor","Cleave","Shrug It Off","Clothesline","Fire Breathing"],"relics":["Burning Blood","Paper Frog","Centennial Puzzle"],"acts_visited":["Exordium"],"potions_floor_usage":[7,7,13],"damage_taken":[{"damage":13,"enemies":"Jaw Worm","floor":1,"turns":4},{"damage":3,"enemies":"2 Louse","floor":2,"turns":3},{"damage":7,"enemies":"Small Slimes","floor":4,"turns":4},{"damage":1,"enemies":"2 Fungi Beasts","floor":7,"turns":3},{"damage":22,"enemies":"Large Slime","floor":8,"turns":9},{"damage":33,"enemies":"Gremlin Nob","floor":11,"turns":5},{"damage":13,"enemies":"Exordium Wildlife","floor":12,"turns":4},{"damage":45,"enemies":"Gremlin Nob","floor":13,"turns":5}],"seed_played":"5930367574505613672","potions_obtained":[{"floor":1,"key":"Strength Potion"},{"floor":4,"key":"AttackPotion"},{"floor":8,"key":"Swift Potion"}],"is_trial":false,"path_per_floor":["M","M","?","M","?","R","M","M","T","R","?","M","E"],"character_chosen":"IRONCLAD","items_purchased":[],"campfire_rested":2,"item_purchase_floors":[],"current_hp_per_floor":[65,68,57,56,31,55,60,44,44,68,41,34,0,0],"gold":378,"neow_bonus":"ONE_RANDOM_RARE_CARD","is_daily":false,"chose_seed":false,"campfire_upgraded":0,"win_rate":0.0,"timestamp":1608773861,"path_taken":["M","M","?","M","?","R","M","M","T","R","?","M","E"],"items_purchased_type":[],"build_version":"2020-12-22","purchased_purges":0,"victory":false,"max_hp_per_floor":[80,80,80,80,80,80,80,80,80,80,80,80,80,80],"card_choices":[{"not_picked":["Perfected Strike","Searing Blow"],"picked":"Uppercut","floor":1},{"not_picked":["Warcry","Second Wind"],"picked":"Metallicize","floor":2},{"not_picked":["Clash","Heavy Blade"],"picked":"Ghostly Armor","floor":4},{"not_picked":["Perfected Strike","Clash"],"picked":"Cleave","floor":7},{"not_picked":["Clash","Reckless Charge"],"picked":"Shrug It Off","floor":8},{"not_picked":["Iron Wave","Body Slam"],"picked":"Clothesline","floor":11},{"not_picked":["Pommel Strike","Cleave"],"picked":"Fire Breathing","floor":12}],"player_experience":667090,"relics_obtained":[{"floor":11,"key":"Centennial Puzzle"}],"event_choices":[{"damage_healed":0,"gold_gain":75,"player_choice":"Gather Gold","damage_taken":11,"max_hp_gain":0,"max_hp_loss":0,"event_name":"World of Goop","floor":3,"gold_loss":0},{"damage_healed":0,"gold_gain":0,"player_choice":"Success","damage_taken":25,"relics_obtained":["Paper Frog"],"max_hp_gain":0,"max_hp_loss":0,"event_name":"Scrap Ooze","floor":5,"gold_loss":0},{"damage_healed":0,"gold_gain":30,"player_choice":"Searched \u00272\u0027 times","damage_taken":0,"max_hp_gain":0,"max_hp_loss":0,"event_name":"Dead Adventurer","floor":11,"gold_loss":0}],"is_beta":false,"boss_relics":[],"items_purged_floors":[],"is_endless":false,"potions_floor_spawned":[1,4,8],"killed_by":"Gremlin Nob","ascension_level":11}}