{"host":"w3q5ijqu8eoknil3","time":1608774662,"event":{"mods":["AchievementEnabler","BaseMod","Block Reminder","Colored Powertips","Minty Spire (QoL Compilation)","Quick Restart","Relic Stats","ojb\u0027s Better Paths Mod","ojb\u0027s Info Mod","slay the spire mod where everything is the same but ironclad has a cowboy hat"],"gold_per_floor":[116,116,128,128,128,162,185,228,228,271,283,314,326,338,350,362,362],"floor_reached":16,"playtime":326,"items_purged":[],"score":282,"play_id":"4540e200-8b12-40b3-a10c-36a40dbf6ae1","local_time":"20201224015102","is_ascension_mode":true,"campfire_choices":[{"data":"Ghostly Armor","floor":11,"key":"SMITH"},{"data":"Uppercut","floor":13,"key":"SMITH"},{"data":"Shockwave","floor":15,"key":"SMITH"}],"circlet_count":0,"master_deck":["AscendersBane","Strike_R","Strike_R","Strike_R","Strike_R","Strike_R","Defend_R","Defend_R","Defend_R","Defend_R","Bash+1","Ghostly Armor+1","Shockwave+1","Clothesline","Carnage","Reaper","Uppercut+1","Pain"],"relics":["Burning Blood","NeowsBlessing","Golden Idol","Torii","Akabeko","Tiny Chest","Ancient Tea Set","MawBank","WarpedTongs"],"acts_visited":["Exordium"],"potions_floor_usage":[10,16],"damage_taken":[{"damage":0,"enemies":"Jaw Worm","floor":1,"turns":1},{"damage":0,"enemies":"Cultist","floor":3,"turns":1},{"damage":0,"enemies":"Lagavulin","floor":6,"turns":1},{"damage":45,"enemies":"Gremlin Nob","floor":8,"turns":5},{"damage":25,"enemies":"3 Sentries","floor":10,"turns":9},{"damage":0,"enemies":"2 Louse","floor":12,"turns":2},{"damage":25,"enemies":"Slime Boss","floor":16,"turns":7}],"seed_played":"-3602235385294269153","potions_obtained":[{"floor":3,"key":"SmokeBomb"},{"floor":8,"key":"EssenceOfSteel"},{"floor":10,"key":"SkillPotion"}],"is_trial":false,"path_per_floor":["M","?","M","?","?","E","T","E","T","E","R","M","R","?","R","B"],"character_chosen":"IRONCLAD","items_purchased":[],"campfire_rested":0,"item_purchase_floors":[],"current_hp_per_floor":[74,74,75,68,68,68,68,29,29,10,10,16,16,16,16,0,0],"gold":362,"neow_bonus":"THREE_ENEMY_KILL","is_daily":false,"chose_seed":false,"campfire_upgraded":3,"win_rate":0.0,"timestamp":1608774662,"path_taken":["M","?","?","?","?","E","?","E","T","E","R","?","R","?","R","BOSS"],"items_purchased_type":[],"build_version":"2020-12-22","purchased_purges":0,"victory":false,"max_hp_per_floor":[75,75,75,68,68,68,68,68,68,68,68,68,68,68,68,68,68],"relic_stats":{"Torii":2,"counters":[7,26],"Golden Idol":29,"Tiny Chest":0,"MawBank":72,"obtain_stats":[{"NeowsBlessing":0,"Torii":6,"Golden Idol":4,"Tiny Chest":8,"Ancient Tea Set":9,"MawBank":10,"Burning Blood":0,"Akabeko":7,"WarpedTongs":14},{"NeowsBlessing":0,"Torii":3,"Golden Idol":2,"Tiny Chest":4,"Ancient Tea Set":4,"MawBank":5,"Burning Blood":0,"Akabeko":3,"WarpedTongs":6},{"NeowsBlessing":0,"Torii":3,"Golden Idol":2,"Tiny Chest":8,"Ancient Tea Set":8,"MawBank":17,"Burning Blood":0,"Akabeko":3,"WarpedTongs":19}],"Burning Blood":25,"WarpedTongs":[7]},"card_choices":[{"not_picked":["True Grit","Shrug It Off"],"picked":"Ghostly Armor","floor":1},{"not_picked":["True Grit","Power Through"],"picked":"Shockwave","floor":3},{"not_picked":["Dark Embrace","Seeing Red"],"picked":"Clothesline","floor":6},{"not_picked":["Battle Trance","Clash"],"picked":"Carnage","floor":8},{"not_picked":["Reckless Charge","Thunderclap"],"picked":"Reaper","floor":10},{"not_picked":["Anger","Rupture"],"picked":"Uppercut","floor":12}],"player_experience":940056,"relics_obtained":[{"floor":6,"key":"Torii"},{"floor":7,"key":"Akabeko"},{"floor":8,"key":"Tiny Chest"},{"floor":9,"key":"Ancient Tea Set"},{"floor":10,"key":"MawBank"}],"event_choices":[{"damage_healed":0,"gold_gain":0,"player_choice":"Upgraded","damage_taken":0,"max_hp_gain":0,"max_hp_loss":0,"event_name":"Upgrade Shrine","floor":2,"gold_loss":0,"cards_upgraded":["Bash"]},{"damage_healed":0,"gold_gain":0,"player_choice":"Lose Max HP","damage_taken":0,"relics_obtained":["Golden Idol"],"max_hp_gain":0,"max_hp_loss":7,"event_name":"Golden Idol","floor":4,"gold_loss":0},{"damage_healed":0,"gold_gain":0,"player_choice":"Leave","damage_taken":0,"max_hp_gain":0,"max_hp_loss":0,"event_name":"The Cleric","floor":5,"gold_loss":0},{"damage_healed":0,"gold_gain":0,"player_choice":"Rummage","damage_taken":0,"relics_obtained":["WarpedTongs"],"max_hp_gain":0,"max_hp_loss":0,"event_name":"Accursed Blacksmith","floor":14,"gold_loss":0,"cards_obtained":["Pain"]}],"is_beta":false,"boss_relics":[],"items_purged_floors":[],"is_endless":false,"potions_floor_spawned":[3,8,10,12],"killed_by":"Slime Boss","ascension_level":20}}