{"host":"vjkx177ju3wjmzef","time":1608775306,"event":{"mods":["BaseMod","Block Reminder","Colored Map","Colored Powertips","DeckTracker","Googly Eyes","Highlight Path","Minty Spire (QoL Compilation)","Quick Restart","Random Character Button","Relic Stats","StSLib"],"gold_per_floor":[115,115,5,5,20,20,36,36,36,36,10,26,26,40,40,144,144,155,155,55,70,85,85,98,98,98,112,112,132,144,158,158,158,158],"floor_reached":33,"playtime":1548,"items_purged":["Decay","Strike_B"],"score":241,"play_id":"e1d33b18-e6da-42df-9c7f-ddd958a56516","local_time":"20201223200146","is_ascension_mode":false,"campfire_choices":[{"data":"Zap","floor":6,"key":"SMITH"},{"data":"Redo","floor":8,"key":"SMITH"},{"data":"Redo","floor":13,"key":"SMITH"},{"data":"Defragment","floor":15,"key":"SMITH"},{"data":"Electrodynamics","floor":23,"key":"SMITH"},{"data":"Echo Form","floor":25,"key":"SMITH"},{"data":"Capacitor","floor":28,"key":"SMITH"},{"floor":32,"key":"REST"}],"circlet_count":0,"master_deck":["Strike_B","Strike_B","Strike_B","Defend_B","Defend_B","Defend_B","Defend_B","Zap+1","Dualcast","Conserve Battery","Defragment+1","Rip and Tear","Redo+1","Redo+1","Conserve Battery","Cold Snap","Echo Form+1","Coolheaded","Darkness+1","Electrodynamics+1","Self Repair+1","Capacitor+1","Leap","Go for the Eyes+1"],"relics":["Cracked Core","Pear","Nuclear Battery","Letter Opener"],"acts_visited":["Exordium","TheCity"],"potions_floor_usage":[16,16,16,21,33,33,33],"damage_taken":[{"damage":2,"enemies":"Small Slimes","floor":1,"turns":4},{"damage":0,"enemies":"Cultist","floor":5,"turns":4},{"damage":0,"enemies":"Jaw Worm","floor":7,"turns":2},{"damage":19,"enemies":"Lots of Slimes","floor":12,"turns":4},{"damage":9,"enemies":"Exordium Wildlife","floor":14,"turns":3},{"damage":10,"enemies":"Slime Boss","floor":16,"turns":6},{"damage":22,"enemies":"3 Byrds","floor":18,"turns":6},{"damage":10,"enemies":"Spheric Guardian","floor":21,"turns":5},{"damage":0,"enemies":"Centurion and Healer","floor":22,"turns":8},{"damage":17,"enemies":"Snake Plant","floor":24,"turns":3},{"damage":0,"enemies":"3 Cultists","floor":27,"turns":2},{"damage":15,"enemies":"Snecko","floor":29,"turns":4},{"damage":23,"enemies":"Centurion and Healer","floor":30,"turns":6},{"damage":35,"enemies":"Shelled Parasite and Fungi","floor":31,"turns":6},{"damage":46,"enemies":"Collector","floor":33,"turns":6}],"seed_played":"-1229752669533177291","potions_obtained":[{"floor":1,"key":"DistilledChaos"},{"floor":12,"key":"FocusPotion"},{"floor":14,"key":"DuplicationPotion"},{"floor":18,"key":"Block Potion"},{"floor":24,"key":"EssenceOfDarkness"},{"floor":29,"key":"Explosive Potion"},{"floor":31,"key":"EssenceOfSteel"}],"is_trial":false,"path_per_floor":["M","?","$","$","M","R","M","R","T","?","$","M","R","M","R","B",null,"M","?","$","M","M","R","M","R","T","M","R","M","M","M","R","B"],"character_chosen":"DEFECT","items_purchased":["Defragment","Redo"],"campfire_rested":1,"item_purchase_floors":[3,11],"current_hp_per_floor":[73,73,73,73,73,73,73,73,83,85,85,66,66,57,57,47,85,63,63,63,53,53,53,36,36,36,46,46,41,38,13,38,0,0],"gold":158,"neow_bonus":"RANDOM_COLORLESS","is_daily":false,"chose_seed":false,"campfire_upgraded":7,"win_rate":0.0,"timestamp":1608775306,"path_taken":["M","?","?","$","?","R","M","R","T","?","?","M","R","M","R","BOSS","M","?","$","M","M","R","M","R","T","M","R","M","M","M","R","BOSS"],"items_purchased_type":["Card","Card"],"build_version":"2020-12-22","purchased_purges":2,"victory":false,"max_hp_per_floor":[75,75,75,75,75,75,75,75,85,85,85,85,85,85,85,85,85,85,85,85,85,85,85,85,85,85,85,85,85,85,85,85,85,85],"relic_stats":{"counters":[15,69],"Letter Opener":[72],"obtain_stats":[{"Pear":9,"Letter Opener":26,"Cracked Core":0,"Nuclear Battery":17},{"Pear":3,"Letter Opener":10,"Cracked Core":0,"Nuclear Battery":6},{"Pear":10,"Letter Opener":45,"Cracked Core":0,"Nuclear Battery":23}]},"card_choices":[{"not_picked":["Trip","PanicButton"],"picked":"Flash of Steel","floor":0},{"not_picked":["Stack","Gash"],"picked":"Conserve Battery","floor":1},{"not_picked":["Steam","Coolheaded"],"picked":"Rip and Tear","floor":5},{"not_picked":["Hyperbeam","Stack"],"picked":"Redo","floor":7},{"not_picked":["Hologram","Leap"],"picked":"Conserve Battery","floor":12},{"not_picked":["Compile Driver","Darkness"],"picked":"Cold Snap","floor":14},{"not_picked":["Fission","Buffer"],"picked":"Echo Form","floor":16},{"not_picked":["Ball Lightning+1","Compile Driver"],"picked":"Coolheaded","floor":18},{"not_picked":["Tempest+1","Barrage"],"picked":"Darkness+1","floor":21},{"not_picked":["Compile Driver","Gash"],"picked":"Electrodynamics","floor":22},{"not_picked":["Compile Driver","Sweeping Beam"],"picked":"Self Repair+1","floor":24},{"not_picked":["Leap","Conserve Battery"],"picked":"Capacitor","floor":27},{"not_picked":["Compile Driver","Rebound"],"picked":"Leap","floor":29},{"not_picked":["Machine Learning","Tempest+1","Stack"],"picked":"SKIP","floor":30},{"not_picked":["Blizzard","Static Discharge+1"],"picked":"Go for the Eyes+1","floor":31}],"player_experience":133109,"relics_obtained":[{"floor":9,"key":"Pear"},{"floor":26,"key":"Letter Opener"}],"event_choices":[{"damage_healed":0,"gold_gain":0,"player_choice":"Cursed","damage_taken":0,"max_hp_gain":0,"max_hp_loss":0,"event_name":"Wheel of Change","floor":2,"gold_loss":0,"cards_obtained":["Decay"]},{"cards_removed":["Flash of Steel"],"damage_healed":2,"gold_gain":0,"player_choice":"Offered Uncommon","damage_taken":0,"max_hp_gain":0,"max_hp_loss":0,"event_name":"Bonfire Elementals","floor":10,"gold_loss":0},{"damage_healed":0,"gold_gain":0,"player_choice":"Ignored","damage_taken":0,"max_hp_gain":0,"max_hp_loss":0,"event_name":"Ghosts","floor":19,"gold_loss":0}],"is_beta":false,"boss_relics":[{"not_picked":["Astrolabe","Pandora\u0027s Box"],"picked":"Nuclear Battery"}],"items_purged_floors":[3,20],"is_endless":false,"potions_floor_spawned":[1,12,14,18,24,29,31],"killed_by":"Collector","ascension_level":0}}