{"host":"og6lam4kt3nibbw0","time":1608827057,"event":{"mods":["AchievementEnabler","BaseMod","Colored Map","DeckTracker","Highlight Path","Keyboard Shortcuts","Minty Spire (QoL Compilation)","Permanent Neow","Quick Restart","StSLib","SuperFastMode"],"gold_per_floor":[112,112,112,128,128,128,138,138,184,198,208,208,220,220,220,291,291,271,283,300,58,72,72,72,72],"floor_reached":24,"playtime":1614,"items_purged":["Strike_B"],"score":380,"play_id":"5e5c390c-cc8d-40c5-8b23-a86e12f98549","local_time":"20201225012417","is_ascension_mode":true,"campfire_choices":[{"data":"Recycle","floor":6.0,"key":"SMITH"},{"data":"Zap","floor":15.0,"key":"SMITH"},{"floor":23.0,"key":"REST"}],"circlet_count":0,"master_deck":["AscendersBane","Strike_B","Strike_B","Defend_B","Defend_B","Defend_B","Zap+1","Dualcast+1","Gash","Recycle+1","Conserve Battery","Auto Shields","Glacier","Loop+1","Reboot","Gash","Meteor Strike","Hyperbeam","Deep Breath","Turbo"],"relics":["FrozenCore","Pocketwatch","Frozen Egg 2","Cables","Smiling Mask","Letter Opener"],"acts_visited":["Exordium","TheCity"],"potions_floor_usage":[24,24],"damage_taken":[{"damage":2.0,"enemies":"Jaw Worm","floor":1.0,"turns":3.0},{"damage":5.0,"enemies":"2 Louse","floor":4.0,"turns":2.0},{"damage":1.0,"enemies":"Cultist","floor":7.0,"turns":4.0},{"damage":16.0,"enemies":"Exordium Wildlife","floor":10.0,"turns":4.0},{"damage":1.0,"enemies":"Blue Slaver","floor":11.0,"turns":3.0},{"damage":0.0,"enemies":"2 Fungi Beasts","floor":13.0,"turns":5.0},{"damage":14.0,"enemies":"The Guardian","floor":16.0,"turns":12.0},{"damage":29.0,"enemies":"2 Thieves","floor":18.0,"turns":4.0},{"damage":24.0,"enemies":"Chosen","floor":19.0,"turns":7.0},{"damage":6.0,"enemies":"Centurion and Healer","floor":20.0,"turns":14.0},{"damage":0.0,"enemies":"Snecko","floor":22.0,"turns":4.0},{"damage":32,"enemies":"Gremlin Leader","floor":24,"turns":4}],"seed_played":"-9140512215433891455","potions_obtained":[{"floor":10.0,"key":"Dexterity Potion"},{"floor":11.0,"key":"GamblersBrew"},{"floor":13.0,"key":"FairyPotion"},{"floor":16.0,"key":"BlessingOfTheForge"},{"floor":19.0,"key":"LiquidMemories"},{"floor":20.0,"key":"Fire Potion"},{"floor":22.0,"key":"Strength Potion"}],"is_trial":false,"path_per_floor":["M","?","?","M","?","R","M","T","T","M","M","?","M","T","R","B",null,"M","M","M","$","M","R","E"],"character_chosen":"DEFECT","items_purchased":["Hyperbeam","Deep Breath"],"campfire_rested":1,"item_purchase_floors":[21,21],"current_hp_per_floor":[62,57,57,52,45,45,44,44,44,28,27,27,27,27,27,13,51,22,19,13,13,13,32,0,0],"gold":72,"neow_bonus":"ONE_RARE_RELIC","is_daily":false,"chose_seed":false,"campfire_upgraded":2,"win_rate":0.0,"timestamp":1608827057,"path_taken":["M","?","?","?","?","R","M","?","T","M","M","?","M","?","R","BOSS","M","?","M","$","?","R","E"],"items_purchased_type":["Card","Card"],"build_version":"2020-12-22","purchased_purges":1,"victory":false,"max_hp_per_floor":[64,64,64,64,64,64,64,64,64,64,64,64,64,64,64,64,64,64,64,64,64,64,64,64,64],"card_choices":[{"not_picked":["Cold Snap","Barrage"],"picked":"Gash","floor":1.0},{"not_picked":["Darkness","Recycle"],"picked":"Conserve Battery","floor":4.0},{"not_picked":["Redo","Recycle","Turbo"],"picked":"SKIP","floor":7.0},{"not_picked":["Steam Power","Steam"],"picked":"Auto Shields","floor":10.0},{"not_picked":["Conserve Battery","Beam Cell"],"picked":"Glacier","floor":11.0},{"not_picked":["Rip and Tear","Gash"],"picked":"Loop+1","floor":13.0},{"not_picked":["Multi-Cast","Thunder Strike"],"picked":"Reboot","floor":16.0},{"not_picked":["Force Field","Rebound","Leap+1"],"picked":"SKIP","floor":18.0},{"not_picked":["Cold Snap","Compile Driver"],"picked":"Gash","floor":19.0},{"not_picked":["Rebound+1","Go for the Eyes"],"picked":"Meteor Strike","floor":20.0},{"not_picked":["Rebound","Undo"],"picked":"Turbo","floor":22.0}],"player_experience":831845,"relics_obtained":[{"floor":8.0,"key":"Cables"},{"floor":9.0,"key":"Smiling Mask"},{"floor":14.0,"key":"Letter Opener"}],"event_choices":[{"damage_healed":0.0,"max_hp_gain":0.0,"max_hp_loss":0.0,"gold_gain":0.0,"event_name":"Scrap Ooze","player_choice":"Success","floor":2.0,"gold_loss":0.0,"damage_taken":5.0,"relics_obtained":["Frozen Egg 2"]},{"damage_healed":0.0,"max_hp_gain":0.0,"max_hp_loss":0.0,"gold_gain":0.0,"cards_transformed":["Strike_B"],"event_name":"Transmorgrifier","player_choice":"Transformed","floor":3.0,"gold_loss":0.0,"damage_taken":0.0,"cards_obtained":["Recycle"]},{"cards_removed":["Defend_B"],"damage_healed":0.0,"max_hp_gain":0.0,"max_hp_loss":0.0,"gold_gain":0.0,"event_name":"Golden Wing","player_choice":"Card Removal","floor":5.0,"gold_loss":0.0,"damage_taken":7.0},{"damage_healed":0.0,"max_hp_gain":0.0,"max_hp_loss":0.0,"gold_gain":0.0,"event_name":"Living Wall","player_choice":"Grow","floor":12.0,"gold_loss":0.0,"damage_taken":0.0,"cards_upgraded":["Dualcast"]}],"is_beta":false,"boss_relics":[{"not_picked":["Velvet Choker","Philosopher\u0027s Stone"],"picked":"FrozenCore"}],"items_purged_floors":[21],"is_endless":false,"potions_floor_spawned":[10,11,13,16,19,20,22],"killed_by":"Gremlin Leader","ascension_level":20}}