{"host":"y76clbnovzmw9ubx","time":1608845048,"event":{"mods":["AchievementEnabler","BaseMod","Minty Spire (QoL Compilation)","Permanent Neow","Relic Stats"],"gold_per_floor":[117,134,154,154,168,199,213,213,213],"floor_reached":8,"playtime":4033,"items_purged":[],"score":120,"play_id":"e2001d0e-8528-462a-8f4a-5b3d47fc999f","local_time":"20201224162408","is_ascension_mode":true,"campfire_choices":[],"circlet_count":0,"master_deck":["AscendersBane","Strike_G","Strike_G","Strike_G","Strike_G","Strike_G","Defend_G","Defend_G","Defend_G","Defend_G","Defend_G","Survivor","Neutralize","Quick Slash","Blur","Dagger Spray","Bouncing Flask","Deflect+1","Dodge and Roll+1"],"relics":["Ring of the Snake","Toxic Egg 2"],"acts_visited":["Exordium"],"potions_floor_usage":[6,8],"damage_taken":[{"damage":1,"enemies":"2 Louse","floor":1,"turns":4},{"damage":2,"enemies":"Small Slimes","floor":2,"turns":4},{"damage":2,"enemies":"Jaw Worm","floor":3,"turns":5},{"damage":10,"enemies":"Large Slime","floor":5,"turns":6},{"damage":21,"enemies":"Lagavulin","floor":6,"turns":8},{"damage":4,"enemies":"Exordium Wildlife","floor":7,"turns":4},{"damage":20,"enemies":"3 Sentries","floor":8,"turns":10}],"seed_played":"7452809121407053762","potions_obtained":[{"floor":1,"key":"Weak Potion"},{"floor":6,"key":"Block Potion"}],"is_trial":false,"path_per_floor":["M","M","M","?","M","E","M","E"],"character_chosen":"THE_SILENT","items_purchased":[],"campfire_rested":0,"item_purchase_floors":[],"current_hp_per_floor":[58,56,54,54,44,23,19,0,0],"gold":213,"neow_bonus":"THREE_CARDS","is_daily":false,"chose_seed":false,"campfire_upgraded":0,"win_rate":0.0,"timestamp":1608845048,"path_taken":["M","M","M","?","M","E","M","E"],"items_purchased_type":[],"build_version":"2020-12-22","purchased_purges":0,"victory":false,"max_hp_per_floor":[66,66,66,66,66,66,66,66,66],"relic_stats":{"counters":[7,41],"obtain_stats":[{"Toxic Egg 2":6,"Ring of the Snake":0},{"Toxic Egg 2":5,"Ring of the Snake":0},{"Toxic Egg 2":27,"Ring of the Snake":0}],"Ring of the Snake":[14]},"card_choices":[{"not_picked":["Backflip","Eviscerate"],"picked":"Quick Slash","floor":0},{"not_picked":["Expertise","Quick Slash"],"picked":"Blur","floor":1},{"not_picked":["Dodge and Roll","Blade Dance"],"picked":"Dagger Spray","floor":2},{"not_picked":["Sucker Punch","Eviscerate"],"picked":"Bouncing Flask","floor":3},{"not_picked":["Prepared","Accuracy","Riddle With Holes"],"picked":"SKIP","floor":5},{"not_picked":["Flying Knee","Infinite Blades"],"picked":"Deflect+1","floor":6},{"not_picked":["Flying Knee","Concentrate+1"],"picked":"Dodge and Roll+1","floor":7}],"player_experience":2967316,"relics_obtained":[{"floor":6,"key":"Toxic Egg 2"}],"event_choices":[{"damage_healed":0,"gold_gain":0,"player_choice":"Fled","damage_taken":0,"max_hp_gain":0,"max_hp_loss":0,"event_name":"Scrap Ooze","floor":4,"gold_loss":0}],"is_beta":false,"boss_relics":[],"items_purged_floors":[],"is_endless":false,"potions_floor_spawned":[1,6],"killed_by":"3 Sentries","ascension_level":20}}