{"host":"i1ibt4vxe0effuru","time":1608773994,"event":{"mods":["AchievementEnabler","BaseMod","Card Forge","Minty Spire (QoL Compilation)","Quick Restart","Shop Mod","StSLib"],"gold_per_floor":[199,199,199,199,199,199,199,199,199,199,271,271,271,271,271,271,271,271,271,271,271,271,271,305,305,305,305,323,323,323,341,341,341,391,402,248,266,266,282,282,315,327,414,446,458,470,482,527,539,551],"floor_reached":51,"playtime":2241,"items_purged":[],"score":1239,"play_id":"0ccbd669-6bef-49e2-a1a2-9faf8d8b0e6f","local_time":"20201224113954","is_ascension_mode":true,"campfire_choices":[{"floor":6,"key":"REST"},{"floor":12,"key":"REST"},{"floor":15,"key":"REST"},{"floor":23,"key":"REST"},{"floor":25,"key":"REST"},{"floor":27,"key":"REST"},{"floor":29,"key":"REST"},{"floor":32,"key":"REST"},{"floor":40,"key":"REST"},{"floor":42,"key":"REST"},{"floor":49,"key":"REST"}],"circlet_count":0,"master_deck":["Prepared+1","Shrug It Off+1","Neutralize+1","Gash+1","Shrug It Off+1","Body Slam+1","Shrug It Off+1"],"relics":["Ring of the Snake","Hammer of Thor","Seething Fire","Anvil of the Gods","MutagenicStrength","Pen Nib","Strawberry","Tiny House","ClockworkSouvenir","MawBank","Toy Ornithopter"],"acts_visited":["Exordium","TheCity","TheBeyond"],"potions_floor_usage":[50,50],"damage_taken":[{"damage":1,"enemies":"2 Louse","floor":1,"turns":2},{"damage":0,"enemies":"Jaw Worm","floor":2,"turns":1},{"damage":0,"enemies":"Small Slimes","floor":3,"turns":1},{"damage":0,"enemies":"2 Fungi Beasts","floor":4,"turns":1},{"damage":0,"enemies":"Looter","floor":5,"turns":1},{"damage":0,"enemies":"Exordium Wildlife","floor":10,"turns":1},{"damage":0,"enemies":"2 Fungi Beasts","floor":13,"turns":1},{"damage":0,"enemies":"Exordium Thugs","floor":14,"turns":1},{"damage":0,"enemies":"Hexaghost","floor":16,"turns":1},{"damage":0,"enemies":"Spheric Guardian","floor":18,"turns":1},{"damage":0,"enemies":"2 Thieves","floor":19,"turns":1},{"damage":0,"enemies":"Shelled Parasite and Fungi","floor":20,"turns":1},{"damage":0,"enemies":"Slavers","floor":24,"turns":1},{"damage":0,"enemies":"Cultist and Chosen","floor":28,"turns":1},{"damage":0,"enemies":"3 Cultists","floor":31,"turns":1},{"damage":0,"enemies":"Champ","floor":33,"turns":1},{"damage":20,"enemies":"3 Shapes","floor":35,"turns":1},{"damage":0,"enemies":"Orb Walker","floor":37,"turns":1},{"damage":0,"enemies":"Jaw Worm Horde","floor":39,"turns":1},{"damage":0,"enemies":"Reptomancer","floor":41,"turns":1},{"damage":0,"enemies":"Spire Growth","floor":44,"turns":1},{"damage":13,"enemies":"Giant Head","floor":48,"turns":2},{"damage":3,"enemies":"Time Eater","floor":50,"turns":9}],"seed_played":"8932836566914292207","potions_obtained":[{"floor":37,"key":"Fire Potion"},{"floor":41,"key":"Weak Potion"}],"is_trial":false,"path_per_floor":["M","M","M","M","M","R","?","$","T","M","?","R","M","M","R","B",null,"M","M","M","?","?","R","E","R","T","R","M","R","$","M","R","B",null,"M","$","M","$","M","R","E","R","T","M","?","?","$","E","R","B",null],"character_chosen":"THE_SILENT","items_purchased":["ClockworkSouvenir"],"campfire_rested":11,"item_purchase_floors":[36],"current_hp_per_floor":[62,62,62,62,62,70,70,70,70,70,70,70,70,70,70,70,70,70,70,70,70,70,70,70,70,77,77,77,77,77,77,77,77,82,62,62,62,62,62,82,82,82,82,82,82,82,82,69,82,79],"gold":563,"neow_bonus":"HUNDRED_GOLD","is_daily":false,"chose_seed":false,"campfire_upgraded":0,"win_rate":0.0,"timestamp":1608773994,"path_taken":["M","M","M","M","M","R","?","$","T","M","?","R","M","M","R","BOSS","M","M","M","?","?","R","E","R","T","R","M","R","$","M","R","BOSS","M","$","M","$","M","R","E","R","T","M","?","?","?","E","R","BOSS"],"items_purchased_type":["Relic"],"build_version":"2020-12-22","purchased_purges":0,"victory":true,"max_hp_per_floor":[70,70,70,70,70,70,70,70,70,70,70,70,70,70,70,70,70,70,70,70,70,70,70,70,70,77,77,77,77,77,77,77,77,82,82,82,82,82,82,82,82,82,82,82,82,82,82,82,82,82],"card_choices":[{"not_picked":["Noxious Fumes","Catalyst","Slice"],"picked":"SKIP","floor":1},{"not_picked":["Bane","Endless Agony","Flying Knee"],"picked":"SKIP","floor":2},{"not_picked":["Poisoned Stab","Blade Dance","Flechettes"],"picked":"SKIP","floor":3},{"not_picked":["Deadly Poison","Bullet Time","PiercingWail"],"picked":"SKIP","floor":4},{"not_picked":["Sucker Punch","Choke","Dagger Spray"],"picked":"SKIP","floor":5},{"not_picked":["Cloak And Dagger","Poisoned Stab","Tactician"],"picked":"SKIP","floor":10},{"not_picked":["Reflex","Blur","Flying Knee"],"picked":"SKIP","floor":13},{"not_picked":["Bouncing Flask","Die Die Die","Flying Knee"],"picked":"SKIP","floor":14},{"not_picked":["Blade Dance","Dodge and Roll+1","Finisher+1"],"picked":"SKIP","floor":18},{"not_picked":["Terror","Riddle With Holes","Dash"],"picked":"SKIP","floor":19},{"not_picked":["Tactician","Underhanded Strike","Leg Sweep"],"picked":"SKIP","floor":20},{"not_picked":["Outmaneuver","Cloak And Dagger","Underhanded Strike"],"picked":"SKIP","floor":24},{"not_picked":["PiercingWail","Outmaneuver","Finisher"],"picked":"SKIP","floor":28},{"not_picked":["All Out Attack","Calculated Gamble","Distraction+1"],"picked":"SKIP","floor":31},{"not_picked":["PiercingWail","Bane","Poisoned Stab+1"],"picked":"SKIP","floor":35},{"not_picked":["Prepared+1","Finisher","Quick Slash+1"],"picked":"SKIP","floor":37},{"not_picked":["Slice","Poisoned Stab","Catalyst+1"],"picked":"SKIP","floor":39},{"not_picked":["Backflip","Noxious Fumes+1","Expertise"],"picked":"SKIP","floor":41},{"not_picked":["Dagger Spray+1","Sucker Punch+1","Reflex+1"],"picked":"SKIP","floor":44},{"not_picked":["Calculated Gamble+1","Backstab","Underhanded Strike"],"picked":"SKIP","floor":48}],"player_experience":156930,"relics_obtained":[{"floor":24,"key":"Pen Nib"},{"floor":26,"key":"Strawberry"},{"floor":41,"key":"MawBank"},{"floor":48,"key":"Toy Ornithopter"}],"event_choices":[{"damage_healed":0,"gold_gain":0,"player_choice":"Ignored","damage_taken":0,"max_hp_gain":0,"max_hp_loss":0,"event_name":"Liars Game","floor":7,"gold_loss":0},{"damage_healed":0,"gold_gain":72,"player_choice":"Gained Gold","damage_taken":0,"max_hp_gain":0,"max_hp_loss":0,"event_name":"Golden Wing","floor":11,"gold_loss":0},{"damage_healed":0,"gold_gain":0,"player_choice":"Inject Mutagens","damage_taken":0,"relics_obtained":["MutagenicStrength"],"max_hp_gain":0,"max_hp_loss":0,"event_name":"Drug Dealer","floor":21,"gold_loss":0},{"damage_healed":0,"gold_gain":0,"player_choice":"Ignored","damage_taken":0,"max_hp_gain":0,"max_hp_loss":0,"event_name":"Cursed Tome","floor":22,"gold_loss":0},{"cards_removed":["Reflex"],"damage_healed":0,"gold_gain":0,"player_choice":"Removed Skill","damage_taken":0,"max_hp_gain":0,"max_hp_loss":0,"event_name":"Falling","floor":45,"gold_loss":0},{"damage_healed":21,"gold_gain":0,"player_choice":"Writhe","damage_taken":0,"max_hp_gain":0,"max_hp_loss":0,"event_name":"Winding Halls","floor":46,"gold_loss":0,"cards_obtained":["Writhe"]}],"is_beta":false,"boss_relics":[{"not_picked":["Cursed Key","Velvet Choker","Calling Bell"]},{"not_picked":["Runic Dome","Calling Bell"],"picked":"Tiny House"}],"items_purged_floors":[],"is_endless":false,"potions_floor_spawned":[1,4,5,13,18,20,28,37,41],"ascension_level":7}}