{"host":"2461dio7vetlq1z3","time":1608808260,"event":{"mods":["2.2 Compatiblity","AchievementEnabler","Aspiration","BaseMod","Better Third Choice","Hermit","Marisa????????","Minty Spire (QoL Compilation)","Relic Stats","Spicy Shops","StSLib","The Runesmith","Waifu the Spire"],"gold_per_floor":[114,125,144,157,49,49,79,90,90,90,119,134,134,169,169,240,240,200,200,200,36,36,36,36,36,36,36,36,36,36,36,36,36,36,36,36,36,36,36,36,36,36,36,36,36,36,36,36,36,36],"floor_reached":51,"playtime":2770,"items_purged":["Strike_MRS"],"score":2204,"play_id":"88ddb2c1-f1f0-4491-9baf-970df9efbdf1","local_time":"20201224121100","is_ascension_mode":true,"campfire_choices":[{"data":"MysteriousBeam","floor":6,"key":"SMITH"},{"data":"GrandCross","floor":10,"key":"SMITH"},{"data":"SuperNova","floor":15,"key":"SMITH"},{"data":"MillisecondPulsars","floor":23,"key":"SMITH"},{"floor":25,"key":"REST"},{"data":"EarthLightRay","floor":32,"key":"SMITH"},{"data":"BlazingStar","floor":41,"key":"SMITH"},{"floor":45,"key":"RECALL"},{"data":"OortCloud","floor":49,"key":"SMITH"}],"circlet_count":0,"master_deck":["AscendersBane","Strike_MRS","Strike_MRS","Strike_MRS","Defend_MRS","Defend_MRS","Defend_MRS","Defend_MRS","MasterSpark","UpSweep","MysteriousBeam+1","OortCloud","6A","WitchLeyline","GrandCross+1","BlazingStar+1","EarthLightRay+1","EnergyFlow","SuperNova+1","IllusionStar+1","MillisecondPulsars+1","MilkyWay+1","SporeBomb+1","DragonMeteor+1","GalacticHalo+1","BlazeAway+1","JA","GalacticHalo+1","OortCloud+1","EscapeVelocity","WitchLeyline+1","GalacticHalo+1","StarlightTyphoon+1","MilkyWay+1","Acceleration+1","PropBag+1"],"relics":["MiniHakkero","FossilizedHelix","Bronze Scales","Toxic Egg 2","TungstenRod","Pen Nib","Ectoplasm","aspiration:FetidBarrel","Red Mask","Calipers","HandmadeGrimoire","Sozu","CatCart","Bag of Marbles","Ginger","Lantern","Kunai"],"acts_visited":["Exordium","TheCity","TheBeyond","TheEnding"],"potions_floor_usage":[14,27,27,28,31,39,40],"damage_taken":[{"damage":1,"enemies":"Cultist","floor":1,"turns":4},{"damage":0,"enemies":"Jaw Worm","floor":2,"turns":3},{"damage":0,"enemies":"2 Louse","floor":3,"turns":3},{"damage":0,"enemies":"2 Fungi Beasts","floor":4,"turns":3},{"damage":0,"enemies":"Lagavulin","floor":7,"turns":6},{"damage":0,"enemies":"Large Slime","floor":8,"turns":3},{"damage":0,"enemies":"Gremlin Nob","floor":11,"turns":3},{"damage":0,"enemies":"3 Louse","floor":12,"turns":2},{"damage":4,"enemies":"Lagavulin","floor":14,"turns":4},{"damage":18,"enemies":"Hexaghost","floor":16,"turns":7},{"damage":10,"enemies":"2 Thieves","floor":18,"turns":2},{"damage":0,"enemies":"Spheric Guardian","floor":19,"turns":2},{"damage":7,"enemies":"Snecko","floor":20,"turns":4},{"damage":28,"enemies":"Snake Plant","floor":24,"turns":3},{"damage":7,"enemies":"Masked Bandits","floor":27,"turns":4},{"damage":13,"enemies":"Slavers","floor":28,"turns":3},{"damage":5,"enemies":"Centurion and Healer","floor":29,"turns":3},{"damage":0,"enemies":"3 Cultists","floor":30,"turns":4},{"damage":0,"enemies":"Book of Stabbing","floor":31,"turns":3},{"damage":0,"enemies":"Collector","floor":33,"turns":7},{"damage":0,"enemies":"3 Darklings","floor":35,"turns":2},{"damage":0,"enemies":"3 Shapes","floor":37,"turns":2},{"damage":16,"enemies":"Orin","floor":39,"turns":6},{"damage":4,"enemies":"Reptomancer","floor":40,"turns":7},{"damage":0,"enemies":"Writhing Mass","floor":42,"turns":3},{"damage":0,"enemies":"Giant Head","floor":44,"turns":5},{"damage":0,"enemies":"Reptomancer","floor":46,"turns":4},{"damage":0,"enemies":"4 Shapes","floor":47,"turns":2},{"damage":0,"enemies":"Nemesis","floor":48,"turns":5},{"damage":19,"enemies":"Time Eater","floor":50,"turns":5}],"seed_played":"6777864145211758026","potions_obtained":[{"floor":3,"key":"LiquidMemories"},{"floor":7,"key":"Regen Potion"},{"floor":14,"key":"ColorlessPotion"},{"floor":16,"key":"EssenceOfSteel"},{"floor":27,"key":"Block Potion"},{"floor":28,"key":"BottledSpark"},{"floor":30,"key":"Fire Potion"},{"floor":33,"key":"Explosive Potion"}],"is_trial":false,"path_per_floor":["M","M","M","M","$","R","E","M","T","R","E","M","?","E","R","B",null,"M","M","M","$","?","R","M","R","T","?","E","M","M","E","R","B",null,"M","?","M","?","?","E","R","M","T","E","R","E","M","E","R","B",null],"character_chosen":"MARISA","items_purchased":["GrandCross","DragonMeteor"],"campfire_rested":1,"item_purchase_floors":[5,21],"current_hp_per_floor":[44,44,44,44,44,44,44,44,44,44,48,52,52,52,52,38,62,56,60,53,53,53,53,29,50,50,59,46,41,41,41,41,47,64,64,64,70,70,54,56,56,62,62,62,62,68,70,70,70,51],"gold":36,"neow_bonus":"ONE_RARE_RELIC","is_daily":false,"chose_seed":false,"campfire_upgraded":7,"win_rate":0.0,"timestamp":1608808260,"path_taken":["M","M","?","M","$","R","E","M","T","R","E","M","?","E","R","BOSS","M","?","M","$","?","R","?","R","T","?","E","M","M","E","R","BOSS","M","?","M","?","?","E","R","?","T","E","R","E","M","E","R","BOSS"],"items_purchased_type":["Card","Card"],"build_version":"2020-12-22","purchased_purges":1,"victory":true,"max_hp_per_floor":[70,70,70,70,70,70,70,70,70,70,70,70,70,70,70,70,70,70,70,70,70,70,70,70,70,70,70,70,70,70,70,70,70,70,70,70,70,70,70,70,70,70,70,70,70,70,70,70,70,70],"relic_stats":{"Sozu":3,"counters":[30,114],"Bronze Scales":[240],"Pen Nib":[22],"Ectoplasm":782,"Ginger":[2],"Kunai":[2],"obtain_stats":[{"Lantern":46,"Calipers":28,"aspiration:FetidBarrel":26,"Pen Nib":14,"Ginger":44,"Sozu":34,"Sundial":50,"Bronze Scales":7,"Ectoplasm":17,"Red Mask":27,"HandmadeGrimoire":31,"Bag of Marbles":40,"MiniHakkero":0,"Kunai":48,"Toxic Egg 2":9,"CatCart":39,"FossilizedHelix":0,"TungstenRod":11,"Meat on the Bone":48},{"Lantern":27,"Calipers":16,"aspiration:FetidBarrel":14,"Pen Nib":9,"Ginger":26,"Sozu":20,"Sundial":30,"Bronze Scales":5,"Ectoplasm":10,"Red Mask":15,"HandmadeGrimoire":19,"Bag of Marbles":24,"MiniHakkero":0,"Kunai":29,"Toxic Egg 2":6,"CatCart":23,"FossilizedHelix":0,"TungstenRod":7,"Meat on the Bone":29},{"Lantern":102,"Calipers":56,"aspiration:FetidBarrel":49,"Pen Nib":31,"Ginger":98,"Sozu":73,"Sundial":110,"Bronze Scales":19,"Ectoplasm":38,"Red Mask":53,"HandmadeGrimoire":66,"Bag of Marbles":90,"MiniHakkero":0,"Kunai":109,"Toxic Egg 2":22,"CatCart":83,"FossilizedHelix":0,"TungstenRod":25,"Meat on the Bone":105}],"TungstenRod":22},"card_choices":[{"not_picked":["PowerUp","Occultation"],"picked":"MysteriousBeam","floor":1},{"not_picked":["WitchLeyline","NonDirectionalLaser"],"picked":"OortCloud","floor":2},{"not_picked":["Occultation","ShootingEcho"],"picked":"6A","floor":3},{"not_picked":["IllusionStar","SporeBomb"],"picked":"WitchLeyline","floor":4},{"not_picked":["Occultation","IllusionStar"],"picked":"BlazingStar","floor":7},{"not_picked":["DragonMeteor","OpenUniverse"],"picked":"EarthLightRay","floor":8},{"not_picked":["MachineGunSpark","GravityBeat","ShootingEcho"],"picked":"SKIP","floor":11},{"not_picked":["NonDirectionalLaser","SuperPerseids+1"],"picked":"EnergyFlow","floor":12},{"not_picked":["DoubleSpark","ManaConvection+1"],"picked":"IllusionStar+1","floor":14},{"not_picked":["CasketOfStar","TreasureHunter"],"picked":"MillisecondPulsars","floor":16},{"not_picked":["GrandCross","ShootingEcho","OpenUniverse+1"],"picked":"SKIP","floor":18},{"not_picked":["LuminesStrike","DC"],"picked":"MilkyWay+1","floor":19},{"not_picked":["DarkMatter+1","DeepEcoloBomb"],"picked":"SporeBomb+1","floor":20},{"not_picked":["6A","WitchOfGreed+1"],"picked":"GalacticHalo+1","floor":24},{"not_picked":["PropBag+1","GravityBeat"],"picked":"BlazeAway+1","floor":27},{"not_picked":["SuperNova","AsteroidBelt+1"],"picked":"JA","floor":28},{"not_picked":["DoubleSpark","SporeBomb+1"],"picked":"GalacticHalo+1","floor":29},{"not_picked":["MysteriousBeam","6A","ShootingEcho"],"picked":"SKIP","floor":30},{"not_picked":["GravityBeat","UltimateShortwave+1"],"picked":"OortCloud","floor":31},{"not_picked":["BlazingStar","JA"],"picked":"EscapeVelocity","floor":33},{"not_picked":["IllusionStar+1","NonDirectionalLaser"],"picked":"WitchLeyline+1","floor":35},{"not_picked":["IllusionStar+1","UnstableBomb","DC+1"],"picked":"SKIP","floor":37},{"not_picked":["BinaryStars+1","DoubleSpark"],"picked":"GalacticHalo+1","floor":39},{"not_picked":["FairyDestructionRay+1","Singularity"],"picked":"StarlightTyphoon+1","floor":40},{"not_picked":["DC+1","NonDirectionalLaser"],"picked":"MilkyWay+1","floor":42},{"not_picked":["BigCrunch+1","IllusionStar+1","StarBarrage+1"],"picked":"SKIP","floor":44},{"not_picked":["SprinkleStarSeal+1","Occultation+1"],"picked":"Acceleration+1","floor":46},{"not_picked":["PulseMagic+1","OpenUniverse+1"],"picked":"PropBag+1","floor":47},{"not_picked":["ManaConvection+1","OneTimeOff+1","MeteoricShower"],"picked":"SKIP","floor":48}],"player_experience":1006109,"relics_obtained":[{"floor":7,"key":"Bronze Scales"},{"floor":9,"key":"Toxic Egg 2"},{"floor":11,"key":"TungstenRod"},{"floor":14,"key":"Pen Nib"},{"floor":26,"key":"aspiration:FetidBarrel"},{"floor":27,"key":"Red Mask"},{"floor":28,"key":"Calipers"},{"floor":31,"key":"HandmadeGrimoire"},{"floor":39,"key":"CatCart"},{"floor":40,"key":"Bag of Marbles"},{"floor":44,"key":"Ginger"},{"floor":46,"key":"Lantern"},{"floor":48,"key":"Kunai"}],"event_choices":[{"damage_healed":0,"gold_gain":0,"player_choice":"1 cards matched","damage_taken":0,"max_hp_gain":0,"max_hp_loss":0,"event_name":"Match and Keep!","floor":13,"gold_loss":0,"cards_obtained":["SuperNova"]},{"damage_healed":0,"gold_gain":0,"player_choice":"Upgraded","damage_taken":0,"max_hp_gain":0,"max_hp_loss":0,"event_name":"Upgrade Shrine","floor":22,"gold_loss":0,"cards_upgraded":["DragonMeteor"]},{"damage_healed":0,"gold_gain":0,"player_choice":"Fought Bandits","damage_taken":0,"max_hp_gain":0,"max_hp_loss":0,"event_name":"Masked Bandits","floor":27,"gold_loss":0},{"damage_healed":0,"gold_gain":222,"player_choice":"Wore Mask","damage_taken":0,"max_hp_gain":0,"max_hp_loss":0,"event_name":"Tomb of Lord Red Mask","floor":38,"gold_loss":0},{"damage_healed":0,"gold_gain":0,"player_choice":"Fight","damage_taken":0,"max_hp_gain":0,"max_hp_loss":0,"event_name":"OrinTheCat","floor":39,"gold_loss":0}],"is_beta":false,"boss_relics":[{"not_picked":["Runic Pyramid","RampagingMagicTools"],"picked":"Ectoplasm"},{"not_picked":["BewitchedHakkero","Fusion Hammer"],"picked":"Sozu"}],"items_purged_floors":[21],"is_endless":false,"potions_floor_spawned":[3,7,14,16,20,27,28,30,33,37,46,47],"ascension_level":18}}