{"host":"e4wnmsyty9uvvtwf","time":1608814638,"event":{"mods":["Aspiration","BaseMod","Colored Map","Colored Powertips","Marisa£®ÏF”Í°°ƒß¿Ì…≥£©","Minty Spire (QoL Compilation)","Rare Cards Sparkle","Replay The Spire","StSLib"],"gold_per_floor":[115,190,213,193,209,244,244,254,302,317,329,329,329,41,41,114,114,129,129,141,159,178,178,192,192,215,215,215,215,247,262,262,262,262],"floor_reached":33,"playtime":873,"items_purged":[],"score":580,"play_id":"8b661ae7-5d46-4a2e-b346-5798264d5ceb","local_time":"20201224205718","is_ascension_mode":true,"campfire_choices":[{"data":"Blade Dance","floor":7,"key":"SMITH"},{"floor":12,"key":"REST"},{"floor":23,"key":"REST"},{"data":"Toxin Wave","floor":25,"key":"SMITH"},{"floor":27,"key":"REST"},{"floor":29,"key":"REST"},{"floor":32,"key":"REST"}],"circlet_count":0,"master_deck":["AscendersBane","Strike_G","Strike_G","Strike_G","Strike_G","Defend_G","Defend_G","Defend_G","Defend_G","Defend_G","Survivor","Neutralize","Escape Plan","Toxin Wave+1","Blade Dance+1","Sucker Punch","Deflect+1","Noxious Fumes","Sadistic Nature+1","Deadly Poison","Outmaneuver","Bane","Survey Options","Replay:Sssssssssshield","Poisoned Stab","Sneak Up"],"relics":["Ring of the Snake","NeowsBlessing","PreservedInsect","Bag of Preparation","Blue Doll","Anchor","Busted Crown","Akabeko","Pear"],"acts_visited":["Exordium","TheCity"],"potions_floor_usage":[22,33],"damage_taken":[{"damage":0,"enemies":"Small Slimes","floor":1,"turns":1},{"damage":0,"enemies":"Jaw Worm","floor":5,"turns":1},{"damage":0,"enemies":"Gremlin Nob","floor":6,"turns":1},{"damage":0,"enemies":"Cultist","floor":8,"turns":4},{"damage":9,"enemies":"Blue Slaver","floor":10,"turns":4},{"damage":24,"enemies":"Exordium Wildlife","floor":11,"turns":5},{"damage":26,"enemies":"Slime Boss","floor":16,"turns":8},{"damage":12,"enemies":"Shell Parasite","floor":18,"turns":6},{"damage":6,"enemies":"3 Byrds","floor":20,"turns":4},{"damage":13,"enemies":"Snake Plant","floor":21,"turns":4},{"damage":30,"enemies":"Snecko","floor":22,"turns":6},{"damage":26,"enemies":"Sentry and Sphere","floor":24,"turns":6},{"damage":22,"enemies":"Slavers","floor":30,"turns":4},{"damage":26,"enemies":"Chosen and Byrds","floor":31,"turns":5},{"damage":35,"enemies":"Champ","floor":33,"turns":9}],"seed_played":"-8156653662843806870","potions_obtained":[{"floor":4,"key":"FearPotion"},{"floor":5,"key":"Strength Potion"},{"floor":8,"key":"Toxic Potion"},{"floor":11,"key":"CultistPotion"},{"floor":24,"key":"Block Potion"}],"is_trial":false,"path_per_floor":["M","?","T","?","M","E","R","M","T","M","M","R","?","$","R_BF","B",null,"M","?","M","M","M","R","M","R","T","R","?","R","E","M","R","B"],"character_chosen":"THE_SILENT","items_purchased":["Sadistic Nature+1","Anchor"],"campfire_rested":5,"item_purchase_floors":[14,14],"current_hp_per_floor":[59,48,48,48,48,48,48,48,48,39,15,34,27,27,46,20,55,43,76,70,57,27,49,23,23,23,45,26,48,36,10,35,0,0],"gold":262,"neow_bonus":"THREE_ENEMY_KILL","is_daily":false,"chose_seed":false,"campfire_upgraded":2,"win_rate":0.0,"timestamp":1608814638,"path_taken":["M","?","?","?","M","E","R","M","T","M","?","R","?","$","R_BF","BOSS","M","?","M","?","M","R","M","R","T","R","?","R","E","M","R","BOSS"],"items_purchased_type":["Card","Relic"],"build_version":"2020-12-22","purchased_purges":0,"victory":false,"max_hp_per_floor":[66,66,66,66,66,66,66,66,66,66,66,66,66,66,66,66,66,66,76,76,76,76,76,76,76,76,76,76,76,86,86,86,86,86],"card_choices":[{"not_picked":["Dagger Spray","Acrobatics"],"picked":"Escape Plan","floor":1},{"not_picked":["Dagger Throw","Outmaneuver"],"picked":"Toxin Wave","floor":5},{"not_picked":["Predator","Well Laid Plans"],"picked":"Blade Dance","floor":6},{"not_picked":["Dagger Spray","Backflip"],"picked":"Sucker Punch","floor":8},{"not_picked":["Underhanded Strike","Prepared"],"picked":"Deflect","floor":10},{"not_picked":["Outmaneuver","Deadly Poison"],"picked":"Noxious Fumes","floor":11},{"not_picked":["aspiration:Lunge","Doppelganger"],"picked":"ReplayTheSpireMod:Necrosis","floor":16},{"not_picked":[],"picked":"Deadly Poison","floor":18},{"not_picked":[],"picked":"Outmaneuver","floor":20},{"not_picked":["Blade Dance"],"picked":"SKIP","floor":21},{"not_picked":[],"picked":"Bane","floor":22},{"not_picked":["Backstab"],"picked":"SKIP","floor":24},{"not_picked":[],"picked":"Poisoned Stab","floor":30},{"not_picked":[],"picked":"Sneak Up","floor":31}],"player_experience":639671,"relics_obtained":[{"floor":3,"key":"PreservedInsect"},{"floor":6,"key":"Bag of Preparation"},{"floor":9,"key":"Blue Doll"},{"floor":26,"key":"Akabeko"},{"floor":30,"key":"Pear"}],"event_choices":[{"damage_healed":0,"gold_gain":75,"player_choice":"Gather Gold","damage_taken":11,"max_hp_gain":0,"max_hp_loss":0,"event_name":"World of Goop","floor":2,"gold_loss":0},{"damage_healed":0,"gold_gain":0,"player_choice":"Bought 1 Potion","damage_taken":0,"max_hp_gain":0,"max_hp_loss":0,"event_name":"The Woman in Blue","floor":4,"gold_loss":0},{"cards_removed":["Strike_G"],"damage_healed":0,"gold_gain":0,"player_choice":"Card Removal","damage_taken":7,"max_hp_gain":0,"max_hp_loss":0,"event_name":"Golden Wing","floor":13,"gold_loss":0},{"cards_removed":["ReplayTheSpireMod:Necrosis"],"damage_healed":23,"gold_gain":0,"player_choice":"Offered Rare","damage_taken":0,"max_hp_gain":10,"max_hp_loss":0,"event_name":"Bonfire Elementals","floor":19,"gold_loss":0},{"damage_healed":0,"gold_gain":0,"player_choice":"CARD CARD ","damage_taken":19,"max_hp_gain":0,"max_hp_loss":0,"event_name":"Knowing Skull","floor":28,"potions_obtained":[],"gold_loss":0,"cards_obtained":["Survey Options","Replay:Sssssssssshield"]}],"is_beta":false,"boss_relics":[{"not_picked":["aspiration:RitualDagger","Ring of Chaos"],"picked":"Busted Crown"}],"items_purged_floors":[],"is_endless":false,"potions_floor_spawned":[5,8,11,21,24],"killed_by":"Champ","ascension_level":18}}