{"host":"6t1lyqu4vs0bu9t8","time":1608803702,"event":{"mods":["AchievementEnabler","BaseMod","Colored Map","Keyboard Shortcuts","Minty Spire (QoL Compilation)","Permanent Neow","Quick Restart","Rare Cards Sparkle","StSLib","SuperFastMode","everything is the same but u backflip on backflip"],"gold_per_floor":[113,113,113,125,125,125,160,180,180,194,247,247,263,293,293,293,293],"floor_reached":16,"playtime":3465,"items_purged":[],"score":257,"play_id":"b80df22f-bcda-4083-a637-537e9a500617","local_time":"20201224185502","is_ascension_mode":true,"campfire_choices":[{"data":"Eruption","floor":6,"key":"SMITH"},{"data":"InnerPeace","floor":12,"key":"SMITH"},{"floor":15,"key":"REST"}],"circlet_count":0,"master_deck":["AscendersBane","Strike_P","Strike_P","Strike_P","Defend_P","Defend_P","Defend_P","Eruption+1","Vigilance","Halt","FlurryOfBlows","FollowUp","InnerPeace+1","EmptyMind"],"relics":["PureWater","NeowsBlessing","Calipers","Ginger","Damaru","PreservedInsect"],"acts_visited":["Exordium"],"potions_floor_usage":[14,16],"damage_taken":[{"damage":0,"enemies":"Small Slimes","floor":1,"turns":1},{"damage":0,"enemies":"2 Louse","floor":4,"turns":2},{"damage":0,"enemies":"Lagavulin","floor":7,"turns":1},{"damage":0,"enemies":"Cultist","floor":8,"turns":3},{"damage":25,"enemies":"Gremlin Gang","floor":10,"turns":4},{"damage":12,"enemies":"Exordium Wildlife","floor":13,"turns":3},{"damage":3,"enemies":"Gremlin Nob","floor":14,"turns":3},{"damage":38,"enemies":"Slime Boss","floor":16,"turns":6}],"seed_played":"5035995945616882841","potions_obtained":[{"floor":4,"key":"LiquidBronze"},{"floor":10,"key":"Regen Potion"},{"floor":13,"key":"Fire Potion"}],"is_trial":false,"path_per_floor":["M","?","?","M","?","R","E","M","T","M","T","R","M","E","R","B"],"character_chosen":"WATCHER","items_purchased":[],"campfire_rested":1,"item_purchase_floors":[],"current_hp_per_floor":[61,66,59,59,59,59,59,59,59,34,34,34,22,19,40,14,14],"gold":293,"neow_bonus":"THREE_ENEMY_KILL","is_daily":false,"chose_seed":false,"campfire_upgraded":2,"win_rate":0.0,"timestamp":1608803702,"path_taken":["M","?","?","M","?","R","E","?","T","?","?","R","M","E","R","BOSS"],"items_purchased_type":[],"build_version":"2020-12-22","purchased_purges":0,"victory":false,"max_hp_per_floor":[68,73,73,73,73,73,73,73,73,73,73,73,73,73,73,73,73],"card_choices":[{"not_picked":["Protect","CrushJoints"],"picked":"Halt","floor":1},{"not_picked":["Prostrate","Evaluate"],"picked":"FlurryOfBlows","floor":4},{"not_picked":["JustLucky","Evaluate","WindmillStrike"],"picked":"SKIP","floor":7},{"not_picked":["BattleHymn","Indignation"],"picked":"FollowUp","floor":8},{"not_picked":["FollowUp","PathToVictory"],"picked":"InnerPeace","floor":10},{"not_picked":["EmptyBody","ClearTheMind"],"picked":"EmptyMind","floor":13},{"not_picked":["Weave","WindmillStrike","MasterReality"],"picked":"SKIP","floor":14}],"player_experience":411274,"relics_obtained":[{"floor":7,"key":"Calipers"},{"floor":9,"key":"Ginger"},{"floor":11,"key":"Damaru"},{"floor":14,"key":"PreservedInsect"}],"event_choices":[{"damage_healed":0,"gold_gain":0,"player_choice":"Donut","damage_taken":0,"max_hp_gain":5,"max_hp_loss":0,"event_name":"Big Fish","floor":2,"gold_loss":0},{"cards_removed":["Strike_P"],"damage_healed":0,"gold_gain":0,"player_choice":"Card Removal","damage_taken":7,"max_hp_gain":0,"max_hp_loss":0,"event_name":"Golden Wing","floor":3,"gold_loss":0},{"cards_removed":["Defend_P"],"damage_healed":0,"gold_gain":0,"player_choice":"Purged","damage_taken":0,"max_hp_gain":0,"max_hp_loss":0,"event_name":"Purifier","floor":5,"gold_loss":0}],"is_beta":false,"boss_relics":[],"items_purged_floors":[],"is_endless":false,"potions_floor_spawned":[4,10,13],"killed_by":"Slime Boss","ascension_level":18}}