{"host":"mniz8q056kux99zk","time":1608831192,"event":{"mods":["BaseMod","CapriCore","Highlight Path","Minty Spire (QoL Compilation)","Replay The Spire","StSLib"],"gold_per_floor":[115,115,130,130,20,52,52,64,90,118,37,55,55,75,75,75,75],"floor_reached":16,"playtime":761,"items_purged":[],"score":142,"play_id":"03f59482-e2f6-4c5e-96f3-e6e4cd6f56eb","local_time":"20201224123312","is_ascension_mode":true,"campfire_choices":[{"floor":13,"key":"REST"},{"floor":15,"key":"REST"}],"circlet_count":0,"master_deck":["Strike_P","Strike_P","Strike_P","Defend_P","Defend_P","Defend_P","Defend_P","Eruption+1","Vigilance","EmptyBody","TalkToTheHand","MentalFortress","MentalFortress","Prostrate","Pray","Eruption","Discovery","JustLucky","Pot Of Greed","Pot Of Greed","WindmillStrike","Indignation","JustLucky","SandsOfTime"],"relics":["PureWater","NeowsBlessing","Bronze Scales","Grinning Jar"],"acts_visited":["Exordium"],"potions_floor_usage":[10,16,16],"damage_taken":[{"damage":0,"enemies":"Small Slimes","floor":1,"turns":1},{"damage":0,"enemies":"Cultist","floor":3,"turns":1},{"damage":0,"enemies":"Gremlin Nob","floor":6,"turns":1},{"damage":2,"enemies":"2 Louse","floor":8,"turns":3},{"damage":51,"enemies":"3 Sentries","floor":10,"turns":12},{"damage":10,"enemies":"Exordium Wildlife","floor":12,"turns":4},{"damage":25,"enemies":"2 Fungi Beasts","floor":14,"turns":5},{"damage":32,"enemies":"Slime Boss","floor":16,"turns":3}],"seed_played":"-1079057633232815802","potions_obtained":[{"floor":6,"key":"Strength Potion"},{"floor":8,"key":"SkillPotion"},{"floor":14,"key":"AttackPotion"}],"is_trial":false,"path_per_floor":["M","?","M","?","$","E","?","M","T","E","$","M","R","M","R","B"],"character_chosen":"WATCHER","items_purchased":["MentalFortress","Prostrate","Indignation"],"campfire_rested":2,"item_purchase_floors":[5,5,11],"current_hp_per_floor":[72,72,72,72,72,72,72,70,70,19,19,9,30,5,26,0,0],"gold":75,"neow_bonus":"THREE_ENEMY_KILL","is_daily":false,"chose_seed":false,"campfire_upgraded":0,"win_rate":0.0,"timestamp":1608831192,"path_taken":["M","?","?","?","?","E","?","M","T","E","$","?","R","M","R","BOSS"],"items_purchased_type":["Card","Card","Card"],"build_version":"2020-12-22","purchased_purges":0,"victory":false,"max_hp_per_floor":[72,72,72,72,72,72,72,72,72,72,72,72,72,72,72,72,72],"card_choices":[{"not_picked":["ReachHeaven","SashWhip"],"picked":"EmptyBody","floor":1},{"not_picked":["Fasting2","FearNoEvil"],"picked":"TalkToTheHand","floor":3},{"not_picked":["Sanctity","WaveOfTheHand"],"picked":"Pray","floor":6},{"not_picked":["Fasting2","BowlingBash"],"picked":"JustLucky","floor":8},{"not_picked":["CutThroughFate","Blasphemy"],"picked":"WindmillStrike","floor":10},{"not_picked":["Replay:BluntJabs","Fasting2"],"picked":"JustLucky","floor":12},{"not_picked":["WheelKick","ClearTheMind"],"picked":"SandsOfTime","floor":14}],"player_experience":79609,"relics_obtained":[{"floor":6,"key":"Bronze Scales"},{"floor":10,"key":"Grinning Jar"}],"event_choices":[{"cards_removed":["Strike_P"],"damage_healed":0,"gold_gain":0,"player_choice":"Purged","damage_taken":0,"max_hp_gain":0,"max_hp_loss":0,"event_name":"Purifier","floor":2,"gold_loss":0},{"damage_healed":0,"gold_gain":0,"player_choice":"Grow","damage_taken":0,"max_hp_gain":0,"max_hp_loss":0,"event_name":"Living Wall","floor":4,"gold_loss":0,"cards_upgraded":["Eruption"]},{"damage_healed":0,"gold_gain":0,"player_choice":"2 cards matched","damage_taken":0,"max_hp_gain":0,"max_hp_loss":0,"event_name":"Match and Keep!","floor":7,"gold_loss":0,"cards_obtained":["Eruption","Discovery"]}],"is_beta":false,"boss_relics":[],"items_purged_floors":[],"is_endless":false,"potions_floor_spawned":[6,8,14],"killed_by":"Slime Boss","ascension_level":1}}