{"host":"baymyijz6sxaqj5s","time":1608793745,"event":{"mods":["AchievementEnabler","BaseMod","Colored Map","Colored Powertips","DeckTracker","KOR Keyword Fix","Keyboard Shortcuts","Minty Spire (QoL Compilation)","Quick Restart","StSLib","SuperFastMode"],"gold_per_floor":[113,113,130,140,152,152,152,152,152,209,244,101,101,49,49,151,151,170,184,201,213,213,213,213],"floor_reached":23,"playtime":775,"items_purged":[],"score":201,"play_id":"96fa04a2-849e-4e91-8480-d96f17766a41","local_time":"20201224160905","is_ascension_mode":true,"campfire_choices":[{"data":"Sword Boomerang","floor":6,"key":"SMITH"},{"data":"Spot Weakness","floor":8,"key":"SMITH"},{"data":"Armaments","floor":15,"key":"SMITH"}],"circlet_count":0,"master_deck":["Strike_R","Strike_R","Strike_R","Defend_R","Defend_R+1","Defend_R","Defend_R","Bash","Armaments+1","Spot Weakness+1","Sword Boomerang+1","Limit Break+1","Demon Form","Havoc","Inflame","Shrug It Off","Flame Barrier","Offering"],"relics":["Burning Blood","Eternal Feather","Nunchaku","Prayer Wheel","Oddly Smooth Stone","Empty Cage"],"acts_visited":["Exordium","TheCity"],"potions_floor_usage":[5,10,11,16,16,19,20,23],"damage_taken":[{"damage":3,"enemies":"Cultist","floor":1,"turns":5},{"damage":1,"enemies":"2 Louse","floor":3,"turns":3},{"damage":3,"enemies":"Small Slimes","floor":4,"turns":3},{"damage":5,"enemies":"3 Louse","floor":5,"turns":4},{"damage":19,"enemies":"Gremlin Nob","floor":10,"turns":4},{"damage":22,"enemies":"Lagavulin","floor":11,"turns":6},{"damage":81,"enemies":"The Guardian","floor":16,"turns":17},{"damage":25,"enemies":"Chosen","floor":18,"turns":9},{"damage":24,"enemies":"Shell Parasite","floor":19,"turns":4},{"damage":44,"enemies":"Cultist and Chosen","floor":20,"turns":7},{"damage":10,"enemies":"Centurion and Healer","floor":21,"turns":10},{"damage":17,"enemies":"Book of Stabbing","floor":23,"turns":4}],"seed_played":"5162539550227818565","potions_obtained":[{"floor":2,"key":"Fire Potion"},{"floor":2,"key":"BloodPotion"},{"floor":2,"key":"SkillPotion"},{"floor":4,"key":"Fruit Juice"},{"floor":10,"key":"Weak Potion"},{"floor":11,"key":"LiquidMemories"},{"floor":19,"key":"PowerPotion"},{"floor":20,"key":"EssenceOfSteel"}],"is_trial":false,"path_per_floor":["M","?","M","M","M","R","?","R","T","?","E","$","?","$","R","B",null,"M","M","M","M","?","E"],"character_chosen":"IRONCLAD","items_purchased":["Oddly Smooth Stone","BloodPotion"],"campfire_rested":0,"item_purchase_floors":[12,14],"current_hp_per_floor":[88,88,88,88,93,93,93,93,93,80,64,64,45,45,51,12,93,74,56,18,14,14,0,0],"gold":213,"neow_bonus":"TEN_PERCENT_HP_BONUS","is_daily":false,"chose_seed":false,"campfire_upgraded":3,"win_rate":0.0,"timestamp":1608793745,"path_taken":["M","?","?","M","M","R","?","R","T","?","E","$","?","?","R","BOSS","M","M","?","M","?","E"],"items_purchased_type":["Relic","Potion"],"build_version":"2020-12-22","purchased_purges":0,"victory":false,"max_hp_per_floor":[88,88,88,88,93,93,93,93,93,93,93,93,93,93,93,93,93,93,93,93,93,93,93,93],"card_choices":[{"not_picked":["Clothesline","Warcry"],"picked":"Armaments","floor":1},{"not_picked":["Havoc","Cleave"],"picked":"Spot Weakness","floor":3},{"not_picked":["Twin Strike","Armaments"],"picked":"Sword Boomerang","floor":4},{"not_picked":["Dark Embrace","Fire Breathing","Carnage"],"picked":"SKIP","floor":5},{"not_picked":["Havoc","Dark Embrace"],"picked":"Limit Break","floor":11},{"not_picked":["Corruption","Barricade"],"picked":"Demon Form","floor":16},{"not_picked":["Wild Strike","Cleave"],"picked":"Havoc","floor":18},{"not_picked":["Fire Breathing","Clash+1"],"picked":"Inflame","floor":18},{"not_picked":["Cleave","Clash+1"],"picked":"Shrug It Off","floor":19},{"not_picked":["Thunderclap","Sentinel"],"picked":"Flame Barrier","floor":19},{"not_picked":["Thunderclap","Evolve+1"],"picked":"Offering","floor":20},{"not_picked":["Iron Wave","Intimidate","Clothesline"],"picked":"SKIP","floor":20},{"not_picked":["Clash","Armaments","Pummel+1"],"picked":"SKIP","floor":21},{"not_picked":["Iron Wave","Anger","Cleave+1"],"picked":"SKIP","floor":21}],"player_experience":210305,"relics_obtained":[{"floor":9,"key":"Eternal Feather"},{"floor":10,"key":"Nunchaku"},{"floor":11,"key":"Prayer Wheel"}],"event_choices":[{"damage_healed":0,"gold_gain":0,"player_choice":"Got Potions","damage_taken":0,"max_hp_gain":0,"max_hp_loss":0,"event_name":"Lab","floor":2,"gold_loss":0},{"damage_healed":0,"gold_gain":0,"player_choice":"Ignored","damage_taken":0,"max_hp_gain":0,"max_hp_loss":0,"event_name":"Liars Game","floor":7,"gold_loss":0},{"damage_healed":0,"gold_gain":0,"player_choice":"Searched \u00272\u0027 times","damage_taken":0,"max_hp_gain":0,"max_hp_loss":0,"event_name":"Dead Adventurer","floor":10,"gold_loss":0},{"damage_healed":0,"gold_gain":0,"player_choice":"Entered Light","damage_taken":19,"max_hp_gain":0,"max_hp_loss":0,"event_name":"Shining Light","floor":13,"gold_loss":0,"cards_upgraded":["Defend_R","Limit Break"]},{"damage_healed":0,"gold_gain":0,"player_choice":"Ignored","damage_taken":0,"max_hp_gain":0,"max_hp_loss":0,"event_name":"Ghosts","floor":22,"gold_loss":0}],"is_beta":false,"boss_relics":[{"not_picked":["Velvet Choker","Ectoplasm"],"picked":"Empty Cage"}],"items_purged_floors":[],"is_endless":false,"potions_floor_spawned":[4,10,11,19,20],"killed_by":"Book of Stabbing","ascension_level":1}}