{"host":"yhemb00fn7g5zwp1","time":1608801078,"event":{"mods":["AchievementEnabler","Act Like it!","BaseMod","CapriCore","Gensokyo","Highlight Path","KinomotoSakuraMod(Ä¾Ö®±¾Ó£)","Koishi","KomeijiMod","Marisa£¨ìFÓê¡¡Ä§ÀíÉ³£©","Minty Spire (QoL Compilation)","MostiFishMod","Pale of the Ancients","Prisma Mod","Reimu£¨²©ÀöÁéÃÎ£©","Remilia£¨ÀÙÃ×ÀòÑÇ£©","StSLib","Td1madao Mod","The Hayseed","The Immortal","The Servant 0.9.4","Youmu£¨»êÆÇÑýÃÎ£©","Yuyuko","¡¾¶«·½¶þ´Î´´×÷¡¿°ËÔÆ×Ïmod","¡¾ÒÅÎï¿¨ÅÆ¡¿REMEMod"],"gold_per_floor":[119,139,153,153,6,6,24,24,24,36,56,56,56,56,56,157,157,200,214,214,214,214,243,253,578,605,615,615,237,237,197,197,299,299,317,317,329,229,239,274,287,316,341,341,341,359,234,249,249,249],"floor_reached":51,"playtime":1699,"items_purged":["PrismaMod:MiyuCommonAttack","Koishi:RuptureMind","PrismaMod:MiyuCommonAttack"],"score":1042,"play_id":"194952f8-93e8-42ac-81d8-d980fd89969e","local_time":"20201224171118","is_ascension_mode":false,"campfire_choices":[{"data":"PrismaMod:MiyuCheapChannelDefend","floor":6,"key":"SMITH"},{"data":"PrismaMod:MiyuChannelAttackEvoke","floor":12,"key":"SMITH"},{"data":"PrismaMod:MiyuEvokeCheapAttack","floor":15,"key":"SMITH"},{"data":"PrismaMod:MiyuUncommonDexBuff","floor":28,"key":"SMITH"},{"data":"PrismaMod:MiyuCheapDefend1","floor":30,"key":"SMITH"},{"data":"PrismaMod:MiyuDefendChannelDefend","floor":32,"key":"SMITH"},{"data":"PrismaMod:MiyuOrbIncreasePerm","floor":49,"key":"SMITH"}],"circlet_count":0,"master_deck":["PrismaMod:MiyuCommonDefend","PrismaMod:MiyuCommonDefend+1","PrismaMod:MiyuCommonAttack","PrismaMod:MiyuCommonAttack+1","PrismaMod:MiyuCommonAttack+1","PrismaMod:MiyuCheapChannelAttack+1","PrismaMod:MiyuCheapChannelDefend+1","PrismaMod:MiyuAttackChannelWeak","PrismaMod:MiyuUncommonDexBuff+1","PrismaMod:MiyuEvokeCheapAttack+1","PrismaMod:MiyuEvokeAll","PrismaMod:MiyuChannelAttackEvoke+1","PrismaMod:MiyuDefendChannelDefend+1","PrismaMod:MiyuCheapChannelRandom+1","PrismaMod:MiyuUncommonDexBuff+1","PrismaMod:MiyuChristmas+1","PrismaMod:MiyuCheapDefend1+1","PrismaMod:MiyuCheapDefend2","PrismaMod:MiyuAttackChannelAttack","PrismaMod:MiyuMaid","PrismaMod:MiyuCheapDefend1","PrismaMod:MiyuDefenseExplosion+1","PrismaMod:MiyuMaid","PrismaMod:MiyuCheapChannelHeal","PrismaMod:MiyuOrbIncreasePerm","PrismaMod:MiyuOrbIncreasePerm+1"],"relics":["PrismaMod:PrismaSapphire","REME_ComplimentaryCards","DaveBox","NeowsBlessing","HaiYi:Twilight","SynthV:TestCard","BirthdayGift-Icosahedron","Gensokyo:Justice","FeatherPendant","Gensokyo:ConquerorOfFear","Ancient Tea Set","War Paint","Whetstone","xbg","Unceasing Top","RuthlessExorcism:ReiMu","HornCleat","Anchor"],"acts_visited":["Exordium","Gensokyo:Gensokyo","Gensokyo:Gensokyoer"],"potions_floor_usage":[18,40,42],"damage_taken":[{"damage":0,"enemies":"Gensokyo:2_Kodama","floor":1,"turns":1},{"damage":0,"enemies":"Gensokyo:Gryphon","floor":2,"turns":1},{"damage":0,"enemies":"Gensokyo:3_Fairies","floor":3,"turns":2},{"damage":0,"enemies":"Gensokyo:2_Rabbits","floor":7,"turns":1},{"damage":0,"enemies":"Gensokyo:Kitsune","floor":10,"turns":1},{"damage":0,"enemies":"Gensokyo:Gryphon_and_Rabbit","floor":11,"turns":1},{"damage":0,"enemies":"Gensokyo:Reimu","floor":16,"turns":3},{"damage":0,"enemies":"Gensokyo:Chomper","floor":18,"turns":1},{"damage":0,"enemies":"Gensokyo:AngelMirror","floor":19,"turns":1},{"damage":0,"enemies":"Gensokyo:Koishi","floor":23,"turns":3},{"damage":0,"enemies":"Gensokyo:Slime_Group","floor":24,"turns":2},{"damage":0,"enemies":"Gensokyo:Swordslinger","floor":27,"turns":2},{"damage":0,"enemies":"Gensokyo:Eternal_Rivals","floor":33,"turns":3},{"damage":0,"enemies":"Gensokyo:3_Bats","floor":35,"turns":1},{"damage":0,"enemies":"Gensokyo:AncientGuardian","floor":37,"turns":1},{"damage":0,"enemies":"Gensokyo:3_Boulders","floor":39,"turns":1},{"damage":0,"enemies":"Gensokyo:Marisa","floor":40,"turns":2},{"damage":0,"enemies":"Gensokyo:SeedOfUnknown","floor":41,"turns":2},{"damage":0,"enemies":"Gensokyo:Doremy","floor":42,"turns":2},{"damage":0,"enemies":"Gensokyo:AtlasGolem","floor":46,"turns":1},{"damage":0,"enemies":"Gensokyo:Rafflesia","floor":48,"turns":1},{"damage":0,"enemies":"Gensokyo:Yuyuko","floor":50,"turns":2}],"seed_played":"1008896487333572240","potions_obtained":[{"floor":3,"key":"SpeedPotion"},{"floor":7,"key":"Block Potion"},{"floor":11,"key":"Block Potion"},{"floor":16,"key":"REME_GoldPotion"},{"floor":18,"key":"Weak Potion"},{"floor":19,"key":"DuplicationPotion"},{"floor":33,"key":"EssenceOfSteel"},{"floor":35,"key":"GrandPatriotsElixir:ReiMu"},{"floor":40,"key":"Fire Potion"},{"floor":46,"key":"AttackPotion"},{"floor":48,"key":"LiquidMemories"}],"is_trial":false,"path_per_floor":["M","M","M","?","COS","R","M","?","T","M","M","R","$","?","R","B",null,"M","M","?","?","?","E","M","?","T","M","R","$","R","?","R","B",null,"M","?","M","$","M","E","M","E","T","?","?","M","$","M","R","B",null],"character_chosen":"MIYU","items_purchased":["War Paint","Whetstone"],"campfire_rested":0,"item_purchase_floors":[29,29],"current_hp_per_floor":[75,75,75,75,75,75,75,75,75,75,75,75,75,75,75,75,75,75,75,75,75,75,75,75,75,75,75,75,75,75,75,75,75,75,75,45,75,75,75,75,75,75,75,75,75,75,75,75,75,75],"gold":249,"neow_bonus":"THREE_ENEMY_KILL","is_daily":false,"chose_seed":false,"campfire_upgraded":7,"win_rate":0.0,"timestamp":1608801078,"path_taken":["M","M","?","?","COS","R","M","?","T","?","?","R","?","?","R","BOSS","M","M","?","?","?","E","?","?","T","M","R","?","R","?","R","BOSS","M","?","M","$","M","E","?","E","T","?","?","M","?","M","R","BOSS"],"items_purchased_type":["Relic","Relic"],"build_version":"2020-12-22","purchased_purges":3,"victory":true,"max_hp_per_floor":[75,75,75,75,75,75,75,75,75,75,75,75,75,75,75,75,75,75,75,75,75,75,75,75,75,75,75,75,75,75,75,75,75,75,75,75,75,75,75,75,75,75,75,75,75,75,75,75,75,75],"card_choices":[{"not_picked":["PrismaMod:MiyuCheapChannelHeal","PrismaMod:MiyuDefenseRemoval"],"picked":"PrismaMod:MiyuAttackChannelWeak","floor":1},{"not_picked":["PrismaMod:MiyuAttackChannelVul","PrismaMod:MiyuCheapChannelDefend","PrismaMod:MiyuUncommonAOEAttack","PrismaMod:MiyuCarnivalAttack"],"picked":"PrismaMod:MiyuUncommonDexBuff","floor":2},{"not_picked":["PrismaMod:MiyuAttackChannelWeak","PrismaMod:MiyuEvokeAll","PrismaMod:MiyuCheapChannelAttack","PrismaMod:MiyuUberAOEAttack"],"picked":"PrismaMod:MiyuEvokeCheapAttack","floor":3},{"not_picked":["PrismaMod:MiyuAttackChannelAttack","PrismaMod:MiyuCommonAOEAttack","PrismaMod:MiyuUncommonDefend","PrismaMod:MiyuCheapChannelDefend"],"picked":"PrismaMod:MiyuEvokeAll","floor":7},{"not_picked":["PrismaMod:MiyuDevil","PrismaMod:MiyuDefenseRemoval","PrismaMod:MiyuCarnivalAttack","PrismaMod:MiyuCheapPlate"],"picked":"PrismaMod:MiyuCheapChannelVul","floor":10},{"not_picked":["PrismaMod:MiyuDefenseExplosion","PrismaMod:MiyuUberAttack","PrismaMod:MiyuCheapAttack1","PrismaMod:MiyuCarnivalAttack"],"picked":"PrismaMod:MiyuChannelAttackEvoke","floor":11},{"not_picked":["PrismaMod:MiyuDefenseAbsorbMinor","PrismaMod:MiyuCarnivalDefend","PrismaMod:MiyuBride","PrismaMod:MiyuChannelAttackEvoke"],"picked":"PrismaMod:MiyuDefendChannelDefend","floor":16},{"not_picked":["PrismaMod:MiyuDevil+1","PrismaMod:MiyuUncommonAOEAttack+1","PrismaMod:MiyuEvokeCheapDefend+1","PrismaMod:MiyuEvokeBuffDex","PrismaMod:MiyuCheapStrBuff"],"picked":"SKIP","floor":18},{"not_picked":["PrismaMod:MiyuCheapChannelAttack","PrismaMod:MiyuUberAOEAttack","PrismaMod:MiyuCommonAOEAttack","PrismaMod:MiyuCheapEvoke"],"picked":"PrismaMod:MiyuUberAttack+1","floor":19},{"not_picked":["PrismaMod:MiyuCheapDexBuff","PrismaMod:MiyuCheapChannelWeak","PrismaMod:MiyuEvokeCheapAttack","PrismaMod:MiyuCheapChannelHeal"],"picked":"PrismaMod:MiyuUncommonDexBuff","floor":23},{"not_picked":["PrismaMod:MiyuEvokeBuffDex","PrismaMod:MiyuCheapChannelVul","PrismaMod:MiyuCheapStrBuff","PrismaMod:MiyuUncommonAttack"],"picked":"PrismaMod:MiyuChristmas+1","floor":24},{"not_picked":["PrismaMod:MiyuCarnivalAttack","PrismaMod:MiyuUberDefend","PrismaMod:MiyuCheapStrBuff","PrismaMod:MiyuUberAttack+1"],"picked":"PrismaMod:MiyuCheapDefend1","floor":27},{"not_picked":["PrismaMod:MiyuEvokeAllDefend","PrismaMod:MiyuEvokeAllAttack","PrismaMod:MiyuDefendChannelDefend","PrismaMod:MiyuChannelAttackEvoke"],"picked":"PrismaMod:MiyuCheapDefend2","floor":33},{"not_picked":["PrismaMod:MiyuCheapStrBuff+1","PrismaMod:MiyuEvokeCheapAttack+1","PrismaMod:MiyuEvokeBuffDex","PrismaMod:MiyuUncommonAttack"],"picked":"PrismaMod:MiyuAttackChannelAttack","floor":35},{"not_picked":["PrismaMod:MiyuDevil+1","PrismaMod:MiyuCommonAOEAttack+1","PrismaMod:MiyuEvokeCheapDefend","PrismaMod:MiyuCheapEvoke+1"],"picked":"PrismaMod:MiyuMaid","floor":37},{"not_picked":["PrismaMod:MiyuEvokeBuffStr","PrismaMod:MiyuUncommonPlate","PrismaMod:MiyuDevil","PrismaMod:MiyuEvokeAllDefend"],"picked":"PrismaMod:MiyuCheapDefend1","floor":39},{"not_picked":["PrismaMod:MiyuUncommonPlate+1","PrismaMod:MiyuCheapChannelAttack","PrismaMod:MiyuCheapChannelHeal","PrismaMod:MiyuCheapEvoke"],"picked":"PrismaMod:MiyuDefenseExplosion+1","floor":40},{"not_picked":["PrismaMod:MiyuDefenseExplosion+1","PrismaMod:MiyuUberAOEAttack","PrismaMod:MiyuCheapChannelWeak","PrismaMod:MiyuDevil"],"picked":"PrismaMod:MiyuMaid","floor":41},{"not_picked":["PrismaMod:MiyuCheapAttack2+1","PrismaMod:MiyuUberAOEAttack+1","PrismaMod:MiyuCheapChannelDefend","PrismaMod:MiyuCheapStrBuff+1"],"picked":"PrismaMod:MiyuCheapChannelHeal","floor":42},{"not_picked":["PrismaMod:MiyuCheapChannelDefend","PrismaMod:MiyuUncommonPlate+1","PrismaMod:MiyuCheapDefend1","PrismaMod:MiyuChristmas+1"],"picked":"PrismaMod:MiyuOrbIncreasePerm","floor":46},{"not_picked":["PrismaMod:MiyuEvokeBuffDex+1","PrismaMod:MiyuUncommonAttack","PrismaMod:MiyuCheapAttack2","PrismaMod:MiyuCheapStrBuff"],"picked":"PrismaMod:MiyuOrbIncreasePerm","floor":48}],"player_experience":446033,"relics_obtained":[{"floor":1,"key":"SynthV:TestCard"},{"floor":9,"key":"Bottled Flame"},{"floor":23,"key":"Gensokyo:ConquerorOfFear"},{"floor":26,"key":"Ancient Tea Set"},{"floor":40,"key":"RuthlessExorcism:ReiMu"},{"floor":42,"key":"HornCleat"},{"floor":43,"key":"Anchor"}],"event_choices":[],"is_beta":false,"boss_relics":[{"not_picked":["RedLine:ReiMu","Fusion Hammer"],"picked":"FeatherPendant"},{"not_picked":["SacredBark","REME_DemonsWealth"],"picked":"xbg"}],"items_purged_floors":[29,38,47],"is_endless":false,"potions_floor_spawned":[3,7,11,16,18,19,33,35,37,40,46,48],"ascension_level":0}}