{"host":"axrdhsaugr8t8srp","time":1608799705,"event":{"mods":["BaseMod","Minty Spire (QoL Compilation)","StSLib"],"gold_per_floor":[111,111,111,121,134,163,163,198,198,198,224,76,104,4,4,106,106,123,222,222,222,2,2,30,30,30,57,57,70,70,70,70,174,174,186,196,211,8,8,8,23,42,123,137,137,137,137],"floor_reached":46,"playtime":2734,"items_purged":["Strike_P","Strike_P"],"score":554,"play_id":"e6c89a7f-6240-4927-a10e-61f1d12c2558","local_time":"20201224194825","is_ascension_mode":true,"campfire_choices":[{"floor":7,"key":"REST"},{"floor":10,"key":"REST"},{"data":"Eruption","floor":15,"key":"SMITH"},{"data":"Scrawl","floor":23,"key":"SMITH"},{"floor":28,"key":"REST"},{"data":"WheelKick","floor":30,"key":"SMITH"},{"floor":32,"key":"REST"},{"floor":40,"key":"REST"}],"circlet_count":0,"master_deck":["Strike_P","Strike_P","Defend_P+1","Defend_P+1","Defend_P+1","Defend_P","Eruption+1","Vigilance+1","Devotion+1","Consecrate","Prostrate","Perseverance","WheelKick+1","FlurryOfBlows","SandsOfTime","EmptyFist","Scrawl+1","BowlingBash+1","MentalFortress+1","FlurryOfBlows","DevaForm+1","FlurryOfBlows+1","Panacea"],"relics":["PureWater","Omamori","Frozen Egg 2","Juzu Bracelet","Bag of Marbles","Pantograph","SlaversCollar","Mercury Hourglass","Bag of Preparation","StrikeDummy","Centennial Puzzle","War Paint","Enchiridion","Calling Bell","Regal Pillow","Singing Bowl","Thread and Needle","Anchor","Question Card"],"acts_visited":["Exordium","TheCity","TheBeyond"],"potions_floor_usage":[6,6,6,8,13,16,33,33,33,42,46,46],"damage_taken":[{"damage":7,"enemies":"Jaw Worm","floor":1,"turns":6},{"damage":0,"enemies":"Small Slimes","floor":4,"turns":4},{"damage":0,"enemies":"2 Louse","floor":5,"turns":2},{"damage":7,"enemies":"3 Sentries","floor":6,"turns":5},{"damage":22,"enemies":"Gremlin Nob","floor":8,"turns":4},{"damage":16,"enemies":"3 Sentries","floor":11,"turns":8},{"damage":25,"enemies":"Lagavulin","floor":13,"turns":3},{"damage":13,"enemies":"Hexaghost","floor":16,"turns":6},{"damage":23,"enemies":"Shell Parasite","floor":18,"turns":5},{"damage":20,"enemies":"Slavers","floor":24,"turns":3},{"damage":16,"enemies":"Book of Stabbing","floor":27,"turns":6},{"damage":0,"enemies":"Chosen","floor":29,"turns":4},{"damage":50,"enemies":"Champ","floor":33,"turns":10},{"damage":12,"enemies":"Orb Walker","floor":35,"turns":4},{"damage":25,"enemies":"3 Darklings","floor":36,"turns":4},{"damage":4,"enemies":"Sphere and 2 Shapes","floor":37,"turns":5},{"damage":11,"enemies":"Maw","floor":41,"turns":7},{"damage":6,"enemies":"Jaw Worm Horde","floor":42,"turns":4},{"damage":8,"enemies":"3 Darklings","floor":44,"turns":3},{"damage":82,"enemies":"Donu and Deca","floor":46,"turns":8}],"seed_played":"6711745247606796514","potions_obtained":[{"floor":5,"key":"EntropicBrew"},{"floor":6,"key":"LiquidBronze"},{"floor":11,"key":"AttackPotion"},{"floor":18,"key":"LiquidMemories"},{"floor":27,"key":"GamblersBrew"},{"floor":29,"key":"GamblersBrew"},{"floor":36,"key":"Energy Potion"},{"floor":41,"key":"FearPotion"},{"floor":44,"key":"Ancient Potion"}],"is_trial":false,"path_per_floor":["M","?","?","M","M","E","R","E","T","R","E","$","E","$","R","B",null,"M","?","?","?","$","R","E","$","T","E","R","M","R","?","R","B",null,"M","M","M","$","?","R","M","M","T","M","?","B"],"character_chosen":"WATCHER","items_purchased":["SandsOfTime","Bag of Preparation","MentalFortress+1","Anchor","Dexterity Potion"],"campfire_rested":5,"item_purchase_floors":[12,22,22,38,38],"current_hp_per_floor":[58,58,45,45,45,38,57,35,35,54,38,38,13,13,13,25,65,42,42,42,42,42,42,22,22,22,6,25,25,25,9,28,3,65,55,30,28,28,28,63,54,50,50,44,44,0,0],"gold":137,"neow_bonus":"THREE_RARE_CARDS","is_daily":false,"chose_seed":false,"campfire_upgraded":3,"win_rate":0.0,"timestamp":1608799705,"path_taken":["M","?","?","M","M","E","R","E","T","R","E","$","E","$","R","BOSS","M","?","?","?","$","R","E","$","T","E","R","M","R","?","R","BOSS","M","M","M","$","?","R","M","M","T","M","?","BOSS"],"items_purchased_type":["Card","Relic","Card","Relic","Potion"],"build_version":"2020-12-22","purchased_purges":2,"victory":false,"max_hp_per_floor":[65,65,65,65,65,65,65,65,65,65,65,65,65,65,65,65,65,65,65,65,65,65,65,65,65,65,65,65,65,65,65,65,65,65,67,67,69,69,69,69,71,73,73,75,75,75,75],"card_choices":[{"not_picked":["MasterReality","ConjureBlade"],"picked":"Devotion","floor":0},{"not_picked":["Evaluate","ThirdEye"],"picked":"Consecrate","floor":1},{"not_picked":["Consecrate","Wireheading","SignatureMove"],"picked":"SKIP","floor":4},{"not_picked":["Evaluate","ClearTheMind"],"picked":"Prostrate","floor":5},{"not_picked":["ConjureBlade","JustLucky"],"picked":"Perseverance","floor":6},{"not_picked":["SashWhip","Halt"],"picked":"WheelKick","floor":8},{"not_picked":["Worship","Protect"],"picked":"FlurryOfBlows","floor":11},{"not_picked":["Meditate","FlurryOfBlows"],"picked":"EmptyFist","floor":13},{"not_picked":["Ragnarok","DevaForm+1"],"picked":"Scrawl","floor":16},{"not_picked":["CrushJoints","Wireheading+1"],"picked":"BowlingBash+1","floor":18},{"not_picked":["Pray","Meditate","EmptyBody"],"picked":"SKIP","floor":24},{"not_picked":["ClearTheMind","Crescendo+1"],"picked":"FlurryOfBlows","floor":27},{"not_picked":["Crescendo","EmptyBody+1","EmptyFist"],"picked":"SKIP","floor":29},{"not_picked":["SpiritShield","Alpha"],"picked":"DevaForm+1","floor":33},{"not_picked":["ClearTheMind","FlyingSleeves","Study+1"],"picked":"Singing Bowl","floor":35},{"not_picked":["Fasting2+1","SignatureMove"],"picked":"FlurryOfBlows+1","floor":36},{"not_picked":["Wireheading+1","ThirdEye+1","CarveReality"],"picked":"Singing Bowl","floor":37},{"not_picked":["Swift Strike","Finesse"],"picked":"Panacea","floor":39},{"not_picked":["SignatureMove","Protect+1","FlyingSleeves"],"picked":"Singing Bowl","floor":41},{"not_picked":["SignatureMove+1","SashWhip+1","FlyingSleeves"],"picked":"Singing Bowl","floor":42},{"not_picked":["CrushJoints","MentalFortress+1","EmptyBody","TalkToTheHand"],"picked":"Singing Bowl","floor":44}],"player_experience":791631,"relics_obtained":[{"floor":6,"key":"Omamori"},{"floor":8,"key":"Frozen Egg 2"},{"floor":9,"key":"Juzu Bracelet"},{"floor":11,"key":"Bag of Marbles"},{"floor":13,"key":"Pantograph"},{"floor":24,"key":"StrikeDummy"},{"floor":26,"key":"Centennial Puzzle"},{"floor":27,"key":"War Paint"},{"floor":31,"key":"Enchiridion"},{"floor":34,"key":"Regal Pillow"},{"floor":34,"key":"Singing Bowl"},{"floor":34,"key":"Thread and Needle"},{"floor":43,"key":"Question Card"}],"event_choices":[{"damage_healed":0,"gold_gain":0,"player_choice":"Grow","damage_taken":0,"max_hp_gain":0,"max_hp_loss":0,"event_name":"Living Wall","floor":2,"gold_loss":0,"cards_upgraded":["Devotion"]},{"damage_healed":0,"gold_gain":0,"player_choice":"Entered Light","damage_taken":13,"max_hp_gain":0,"max_hp_loss":0,"event_name":"Shining Light","floor":3,"gold_loss":0,"cards_upgraded":["Defend_P","Defend_P"]},{"damage_healed":0,"gold_gain":99,"player_choice":"Stole From Cult","damage_taken":0,"max_hp_gain":0,"max_hp_loss":0,"event_name":"Nest","floor":19,"gold_loss":0},{"damage_healed":0,"gold_gain":0,"player_choice":"Opened","damage_taken":0,"relics_obtained":["Mercury Hourglass"],"max_hp_gain":0,"max_hp_loss":0,"event_name":"The Mausoleum","floor":20,"gold_loss":0},{"damage_healed":0,"gold_gain":0,"player_choice":"Ignored","damage_taken":0,"max_hp_gain":0,"max_hp_loss":0,"event_name":"Vampires","floor":21,"gold_loss":0},{"damage_healed":0,"gold_gain":0,"player_choice":"Obtained Book","damage_taken":16,"max_hp_gain":0,"max_hp_loss":0,"event_name":"Cursed Tome","floor":31,"gold_loss":0},{"damage_healed":0,"gold_gain":0,"player_choice":"Memory 1","damage_taken":0,"max_hp_gain":0,"max_hp_loss":0,"event_name":"SensoryStone","floor":39,"gold_loss":0},{"damage_healed":0,"gold_gain":0,"player_choice":"Took Portal","damage_taken":0,"max_hp_gain":0,"max_hp_loss":0,"event_name":"SecretPortal","floor":45,"gold_loss":0}],"is_beta":false,"boss_relics":[{"not_picked":["Fusion Hammer","Empty Cage"],"picked":"SlaversCollar"},{"not_picked":["SacredBark","VioletLotus"],"picked":"Calling Bell"}],"items_purged_floors":[12,14],"is_endless":false,"potions_floor_spawned":[5,6,11,18,27,29,36,41,44],"killed_by":"Donu and Deca","ascension_level":3}}