{"host":"49c2zf0lajbcs427","time":1608798339,"event":{"mods":["AchievementEnabler","BaseMod","Colored Map","Colored Powertips","Highlight Path","Minty Spire (QoL Compilation)","Relic Stats","StSLib"],"gold_per_floor":[99,99,99,22,22,22,22,0,0,0,0,0,0,0,0,0,0,0,0,0,0,0,0,0,0,0,0,0,0,0,0,0,0,0,0,0,0,0,0,0,0,0,0,0,0,0,0],"floor_reached":46,"playtime":2400,"items_purged":[],"score":683,"play_id":"1ae3ff2c-de5a-4aa7-98cc-76ba7080d379","local_time":"20201224212539","is_ascension_mode":true,"campfire_choices":[{"data":"Searing Blow","floor":6,"key":"SMITH"},{"data":"Searing Blow+1","floor":10,"key":"SMITH"},{"data":"Searing Blow+2","floor":13,"key":"SMITH"},{"data":"Searing Blow+3","floor":15,"key":"SMITH"},{"data":"Searing Blow+4","floor":24,"key":"SMITH"},{"data":"Searing Blow+5","floor":27,"key":"SMITH"},{"floor":32,"key":"REST"},{"data":"Searing Blow+6","floor":41,"key":"SMITH"},{"data":"Searing Blow+7","floor":45,"key":"SMITH"}],"circlet_count":0,"master_deck":["Bash+1","Armaments","Cleave+1","Searing Blow+8","Shrug It Off","Fiend Fire","Bludgeon","Sword Boomerang","Sword Boomerang","Anger","Burning Pact","Anger","Perfected Strike","Battle Trance","Battle Trance","Flame Barrier+1","Writhe","Disarm","Burning Pact","Shrug It Off","Exhume","Shrug It Off+1","Power Through","Armaments"],"relics":["Ectoplasm","Bronze Scales","Pen Nib","Juzu Bracelet","Pandora\u0027s Box","Blood Vial","Pocketwatch","Champion Belt","Ginger","Enchiridion","Akabeko","Sozu","CeramicFish","White Beast Statue"],"acts_visited":["Exordium","TheCity","TheBeyond"],"potions_floor_usage":[23,25,25],"damage_taken":[{"damage":0,"enemies":"Cultist","floor":1,"turns":3},{"damage":5,"enemies":"2 Louse","floor":3,"turns":2},{"damage":0,"enemies":"Jaw Worm","floor":5,"turns":3},{"damage":1,"enemies":"Looter","floor":8,"turns":3},{"damage":16,"enemies":"Lagavulin","floor":11,"turns":7},{"damage":13,"enemies":"Gremlin Nob","floor":14,"turns":3},{"damage":6,"enemies":"Hexaghost","floor":16,"turns":6},{"damage":6,"enemies":"Spheric Guardian","floor":18,"turns":3},{"damage":0,"enemies":"3 Byrds","floor":20,"turns":3},{"damage":12,"enemies":"Shelled Parasite and Fungi","floor":21,"turns":3},{"damage":0,"enemies":"Gremlin Leader","floor":23,"turns":3},{"damage":31,"enemies":"Slavers","floor":25,"turns":3},{"damage":19,"enemies":"Sentry and Sphere","floor":28,"turns":3},{"damage":35,"enemies":"Collector","floor":33,"turns":5},{"damage":0,"enemies":"Orb Walker","floor":35,"turns":2},{"damage":4,"enemies":"3 Darklings","floor":38,"turns":6},{"damage":0,"enemies":"Sphere and 2 Shapes","floor":39,"turns":3},{"damage":31,"enemies":"Nemesis","floor":40,"turns":5},{"damage":12,"enemies":"Jaw Worm Horde","floor":42,"turns":4},{"damage":9,"enemies":"4 Shapes","floor":44,"turns":4},{"damage":27,"enemies":"Giant Head","floor":46,"turns":5}],"seed_played":"1930148195666116418","potions_obtained":[{"floor":3,"key":"EssenceOfSteel"},{"floor":5,"key":"Energy Potion"},{"floor":8,"key":"Energy Potion"},{"floor":14,"key":"FairyPotion"},{"floor":23,"key":"ColorlessPotion"},{"floor":33,"key":"LiquidBronze"}],"is_trial":false,"path_per_floor":["M","?","M","$","M","R","?","M","T","R","E","?","R","E","R","B",null,"M","?","M","M","?","E","R","E","T","R","M","?","T","?","R","B",null,"M","?","$","M","M","E","R","M","T","M","R","E"],"character_chosen":"IRONCLAD","items_purchased":["Searing Blow"],"campfire_rested":1,"item_purchase_floors":[4],"current_hp_per_floor":[80,80,75,75,75,75,59,58,58,58,42,35,35,22,22,16,64,58,58,58,46,46,48,48,19,19,19,2,11,11,11,35,2,61,63,63,63,61,63,34,34,24,24,17,17,0,0],"gold":0,"neow_bonus":"BOSS_RELIC","is_daily":false,"chose_seed":false,"campfire_upgraded":8,"win_rate":0.0,"timestamp":1608798339,"path_taken":["M","?","M","$","M","R","?","M","T","R","E","?","R","E","R","BOSS","M","?","M","M","?","E","R","E","T","R","M","?","?","?","R","BOSS","M","?","?","M","M","E","R","M","T","M","R","E"],"items_purchased_type":["Card"],"build_version":"2020-12-22","purchased_purges":0,"victory":false,"max_hp_per_floor":[80,80,80,80,80,80,80,80,80,80,80,80,80,80,80,80,80,80,80,80,80,80,80,80,80,80,80,80,80,80,80,80,80,80,80,80,80,80,80,80,80,80,80,80,80,80,80],"relic_stats":{"counters":[21,79],"CeramicFish":0,"Pen Nib":[10],"Juzu Bracelet":1,"Ginger":[5],"Blood Vial":22,"Sozu":3,"Bronze Scales":[188],"Pandora\u0027s Box":["Bludgeon","Sword Boomerang","Sword Boomerang","Anger","Burning Pact","Anger","Perfected Strike","Battle Trance"],"Ectoplasm":899,"Champion Belt":[7],"obtain_stats":[{"CeramicFish":40,"Enchiridion":29,"Pen Nib":11,"Juzu Bracelet":14,"Ginger":26,"Burning Blood":0,"Akabeko":30,"White Beast Statue":43,"Blood Vial":22,"Sozu":34,"Bronze Scales":9,"Pandora\u0027s Box":17,"Ectoplasm":0,"Champion Belt":25,"Pocketwatch":23},{"CeramicFish":18,"Enchiridion":13,"Pen Nib":5,"Juzu Bracelet":6,"Ginger":12,"Burning Blood":0,"Akabeko":13,"White Beast Statue":19,"Blood Vial":10,"Sozu":14,"Bronze Scales":4,"Pandora\u0027s Box":7,"Ectoplasm":0,"Champion Belt":12,"Pocketwatch":11},{"CeramicFish":66,"Enchiridion":45,"Pen Nib":18,"Juzu Bracelet":21,"Ginger":42,"Burning Blood":0,"Akabeko":45,"White Beast Statue":70,"Blood Vial":36,"Sozu":50,"Bronze Scales":11,"Pandora\u0027s Box":27,"Ectoplasm":0,"Champion Belt":42,"Pocketwatch":39}],"Pocketwatch":[27]},"card_choices":[{"not_picked":["Anger","Cleave"],"picked":"Armaments","floor":1},{"not_picked":["Fire Breathing","Sword Boomerang"],"picked":"Cleave","floor":3},{"not_picked":["Twin Strike","Intimidate"],"picked":"Shrug It Off","floor":5},{"not_picked":["Whirlwind","Havoc","Flex"],"picked":"SKIP","floor":8},{"not_picked":["Flame Barrier","Immolate","Iron Wave"],"picked":"SKIP","floor":11},{"not_picked":["Anger","Iron Wave","Perfected Strike"],"picked":"SKIP","floor":14},{"not_picked":["Barricade","Reaper"],"picked":"Fiend Fire","floor":16},{"not_picked":["Intimidate","Anger+1","Body Slam"],"picked":"SKIP","floor":18},{"not_picked":["Flex","Perfected Strike"],"picked":"Flame Barrier+1","floor":20},{"not_picked":["Thunderclap","Flex+1","Body Slam+1"],"picked":"SKIP","floor":21},{"not_picked":["Body Slam","Intimidate"],"picked":"Disarm","floor":23},{"not_picked":["Seeing Red+1","Demon Form"],"picked":"Burning Pact","floor":25},{"not_picked":["Warcry","Perfected Strike"],"picked":"Shrug It Off","floor":28},{"not_picked":["Berserk","Limit Break"],"picked":"Exhume","floor":33},{"not_picked":["Perfected Strike+1","Twin Strike+1"],"picked":"Shrug It Off+1","floor":35},{"not_picked":["Flex","Searing Blow+1"],"picked":"Power Through","floor":38},{"not_picked":["Clash+1","Pommel Strike","Entrench"],"picked":"SKIP","floor":39},{"not_picked":["Demon Form","Combust","Reckless Charge"],"picked":"SKIP","floor":40},{"not_picked":["Flex+1","Cleave","Pummel+1"],"picked":"SKIP","floor":42},{"not_picked":["True Grit","Wild Strike+1"],"picked":"Armaments","floor":44}],"player_experience":2152571,"relics_obtained":[{"floor":9,"key":"Bronze Scales"},{"floor":11,"key":"Pen Nib"},{"floor":14,"key":"Juzu Bracelet"},{"floor":23,"key":"Pocketwatch"},{"floor":25,"key":"Champion Belt"},{"floor":26,"key":"Ginger"},{"floor":29,"key":"Enchiridion"},{"floor":30,"key":"Akabeko"},{"floor":40,"key":"CeramicFish"},{"floor":43,"key":"White Beast Statue"}],"event_choices":[{"damage_healed":0,"gold_gain":0,"player_choice":"Grow","damage_taken":0,"max_hp_gain":0,"max_hp_loss":0,"event_name":"Living Wall","floor":2,"gold_loss":0,"cards_upgraded":["Bash"]},{"damage_healed":0,"gold_gain":0,"player_choice":"Entered Light","damage_taken":16,"max_hp_gain":0,"max_hp_loss":0,"event_name":"Shining Light","floor":7,"gold_loss":0,"cards_upgraded":["Strike_R","Cleave"]},{"cards_removed":["Strike_R"],"damage_healed":0,"gold_gain":0,"player_choice":"Card Removal","damage_taken":7,"max_hp_gain":0,"max_hp_loss":0,"event_name":"Golden Wing","floor":12,"gold_loss":0},{"damage_healed":0,"gold_gain":0,"player_choice":"Copied","damage_taken":0,"max_hp_gain":0,"max_hp_loss":0,"event_name":"Duplicator","floor":19,"gold_loss":0,"cards_obtained":["Battle Trance"]},{"damage_healed":0,"gold_gain":0,"player_choice":"Opened","damage_taken":0,"relics_obtained":["Blood Vial"],"max_hp_gain":0,"max_hp_loss":0,"event_name":"The Mausoleum","floor":22,"gold_loss":0,"cards_obtained":["Writhe"]},{"damage_healed":0,"gold_gain":0,"player_choice":"Obtained Book","damage_taken":16,"max_hp_gain":0,"max_hp_loss":0,"event_name":"Cursed Tome","floor":29,"gold_loss":0},{"damage_healed":0,"gold_gain":200,"player_choice":"Gold","damage_taken":0,"max_hp_gain":0,"max_hp_loss":0,"event_name":"Wheel of Change","floor":31,"gold_loss":0},{"damage_healed":0,"gold_gain":0,"player_choice":"Ignored","damage_taken":0,"max_hp_gain":0,"max_hp_loss":0,"event_name":"NoteForYourself","floor":36,"gold_loss":0}],"is_beta":false,"boss_relics":[{"not_picked":["Calling Bell","Black Star"],"picked":"Pandora\u0027s Box"},{"not_picked":["Cursed Key","Runic Pyramid"],"picked":"Sozu"}],"items_purged_floors":[],"is_endless":false,"potions_floor_spawned":[3,5,8,14,18,23,33,35,42,44],"killed_by":"Giant Head","ascension_level":5}}