{"host":"ejwrda5cjllq8zfn","time":1608822547,"event":{"mods":["2.2 Compatiblity","Act Like it!","Astrologer","BaseMod","Challenge The Spire","Colored Map","Colored Powertips","Defuse TimeMaze Blight","Energized Spire","Hermit","Highlight Path","Hubris","Infinite Spire","Lobotomy","Mad Scientist","Marisa????????","Minty Spire (QoL Compilation)","Random Character Button","Replay The Spire","StSLib","SuperFastMode","The Bladedancer","The Cursed","The Gatherer","The Jungle","The Mystic","The Spell Scribe","Unceasing Turn Reminder","vexMod"],"gold_per_floor":[27109,26889,26889,26901,26576,26576,26576,26576,26576,26591,26591,26591,26615,26615,26615,26625,26625,26625,26625],"floor_reached":18,"playtime":756,"items_purged":["theScribe:StarterAttack","theScribe:StarterDefend"],"score":173,"play_id":"22c2431b-e1d3-4353-b881-0d883ea59e06","local_time":"20201224160907","is_ascension_mode":false,"campfire_choices":[{"data":"theScribe:LightningStrike","floor":6,"key":"SMITH"},{"data":"theScribe:MagicMissiles","floor":9,"key":"SMITH"},{"data":"theScribe:BlankScroll","floor":15,"key":"SMITH"},{"floor":17,"key":"REST"}],"circlet_count":0,"master_deck":["theScribe:LightningStrike+1","theScribe:LightningStrike","theScribe:StarterDefend","theScribe:StarterDefend","theScribe:IcyDefend","theScribe:IcyDefend","theScribe:StarterModifier","theScribe:MagicMissiles+1","theScribe:FocusingBarrier","theScribe:BlankScroll+1","OldLady"],"relics":["theScribe:StarterRelic1","CogitoBucket","Tiny Chest","Anchor","theScribe:PermafrostPen","vexMod:FocusSash","PrismaticShard"],"acts_visited":["Exordium"],"potions_floor_usage":[16,18],"damage_taken":[{"damage":10,"enemies":"Small Slimes","floor":1,"turns":5},{"damage":22,"enemies":"Cultist","floor":4,"turns":6},{"damage":6,"enemies":"2 Louse","floor":10,"turns":3},{"damage":36,"enemies":"Exordium Wildlife","floor":16,"turns":6},{"damage":25,"enemies":"Hexaghost","floor":18,"turns":9}],"seed_played":"-31290685012816169","potions_obtained":[{"floor":3,"key":"PowerPotion"},{"floor":3,"key":"Dexterity Potion"},{"floor":3,"key":"AttackPotion"}],"is_trial":false,"path_per_floor":["M","$","?","M","$","R","PTL","PTL","R","M","T","?","T","?","R","M","R_BF","B"],"character_chosen":"THE_SCRIBE","items_purchased":["Tiny Chest","Anchor","theScribe:FocusingBarrier"],"campfire_rested":1,"item_purchase_floors":[2,5,5],"current_hp_per_floor":[65,65,65,43,43,43,43,43,43,37,37,37,37,37,37,1,23,0,0],"gold":26625,"neow_bonus":"","is_daily":false,"chose_seed":false,"campfire_upgraded":3,"win_rate":0.0,"timestamp":1608822547,"path_taken":["M","$","?","M","$","R","PTL","PTL","R","?","T","?","?","?","R","M","R_BF","BOSS"],"items_purchased_type":["Relic","Relic","Card"],"build_version":"2020-12-22","purchased_purges":2,"victory":false,"max_hp_per_floor":[75,75,75,75,75,75,75,75,75,75,75,75,75,75,75,75,75,75,75],"card_choices":[{"not_picked":["theScribe:AmplifyingSpellstone","theScribe:Overcharge","theScribe:CripplingCharge"],"picked":"SKIP","floor":1},{"not_picked":["theScribe:Frost","theScribe:ThrownScroll"],"picked":"theScribe:MagicMissiles","floor":4},{"not_picked":["theScribe:ScrollOfScrying","theScribe:FocusingBlow"],"picked":"theScribe:BlankScroll","floor":10},{"not_picked":["Laetitia","WhiteNight"],"picked":"OldLady","floor":16},{"not_picked":["astrologer:Moonlight","Gatherer:Convert","mysticmod:LightningBolt"],"picked":"SKIP","floor":16}],"player_experience":169925,"relics_obtained":[{"floor":11,"key":"theScribe:PermafrostPen"},{"floor":13,"key":"vexMod:FocusSash"}],"event_choices":[{"damage_healed":0,"gold_gain":0,"player_choice":"Got Potions","damage_taken":0,"max_hp_gain":0,"max_hp_loss":0,"event_name":"Lab","floor":3,"gold_loss":0},{"cards_removed":["theScribe:StarterAttack"],"damage_healed":0,"gold_gain":0,"player_choice":"Offered Basic","damage_taken":0,"max_hp_gain":0,"max_hp_loss":0,"event_name":"Bonfire Elementals","floor":12,"gold_loss":0}],"is_beta":false,"boss_relics":[],"items_purged_floors":[2,5],"is_endless":false,"potions_floor_spawned":[],"killed_by":"Hexaghost","ascension_level":0}}