{"host":"v1m5rkjj38qutr02","time":1608821992,"event":{"mods":["Act Like it!","BaseMod","Conspire","Gensokyo","GungeonMod","Hallownest","Minty Spire (QoL Compilation)","Replay The Spire","StSLib","The Bug Knight","Youmu£®ªÍ∆«—˝√Œ£©"],"gold_per_floor":[117,117,117,133,51,78,78,106,153,181,195,195,195,208,208,304,304,314,239,24,24,24,24,54,54,130,149,149,174,174,189,189,189,189],"floor_reached":33,"playtime":971,"items_purged":["Strike_P","Strike_P"],"score":445,"play_id":"0305832b-b9e6-450d-9838-ad9ffacb9c86","local_time":"20201224225952","is_ascension_mode":true,"campfire_choices":[{"data":"CarveReality","floor":13.0,"key":"SMITH"},{"floor":15.0,"key":"REST"},{"data":"Devotion","floor":23,"key":"SMITH"},{"floor":25,"key":"DIG"},{"data":"LikeWater","floor":28,"key":"SMITH"},{"floor":30,"key":"DIG"}],"circlet_count":0,"master_deck":["Strike_P","Strike_P","Defend_P","Defend_P","Defend_P","Defend_P","Eruption+1","Vigilance","Adaptation+1","EmptyMind","CarveReality+1","Vengeance","Crescendo","Devotion+1","FollowUp+1","Prostrate","LikeWater+1","Halt+1","InnerPeace"],"relics":["PureWater","NeowsBlessing","Mercury Hourglass","DemoMod:MeltedRock","Peace Pipe","Bag of Preparation","Quantum Egg","conspire:SlowCooker","ReplayTheSpireMod:Lightbulb","PreservedInsect","Replay:Multitool","Ornamental Fan","Gremlin Horn","Tiny Chest","Orichalcum","DemoMod:GlassGuonStoneRelic"],"acts_visited":["Exordium","TheCity"],"potions_floor_usage":[16,16,24,29,29,33,33],"damage_taken":[{"damage":0.0,"enemies":"Jaw Worm","floor":1.0,"turns":1.0},{"damage":0.0,"enemies":"Small Slimes","floor":4.0,"turns":1.0},{"damage":0.0,"enemies":"3 Sentries","floor":6.0,"turns":1.0},{"damage":11.0,"enemies":"Lagavulin","floor":8.0,"turns":6.0},{"damage":0.0,"enemies":"Gremlin Nob","floor":10.0,"turns":2.0},{"damage":0.0,"enemies":"Cultist","floor":11.0,"turns":2.0},{"damage":0.0,"enemies":"Large Slime","floor":14.0,"turns":1.0},{"damage":0,"enemies":"Slime Boss","floor":16,"turns":3},{"damage":0,"enemies":"Chosen","floor":18,"turns":4},{"damage":1,"enemies":"Slavers","floor":24,"turns":4},{"damage":0,"enemies":"Shell Parasite","floor":27,"turns":2},{"damage":0,"enemies":"Book of Stabbing","floor":29,"turns":2},{"damage":5,"enemies":"3 Cultists","floor":31,"turns":3},{"damage":69,"enemies":"Champ","floor":33,"turns":6}],"seed_played":"-491969215248145748","potions_obtained":[{"floor":1.0,"key":"PowerPotion"},{"floor":6.0,"key":"LiquidMemories"},{"floor":11.0,"key":"PowerPotion"},{"floor":12.0,"key":"Energy Potion"},{"floor":12.0,"key":"DistilledChaos"},{"floor":16,"key":"DistilledChaos"},{"floor":18,"key":"PowerPotion"},{"floor":24,"key":"Fire Potion"},{"floor":31,"key":"StancePotion"}],"is_trial":false,"path_per_floor":["M","?","?","M","$","E","?","E","T","E","M","?","R","M","R","B",null,"M","$","$","?","T","R","E","R","T","M","R","E","R","M","R","B"],"character_chosen":"WATCHER","items_purchased":["EmptyMind","Prostrate","LikeWater"],"campfire_rested":1,"item_purchase_floors":[5,20,20],"current_hp_per_floor":[72,72,72,72,72,72,54,43,43,43,43,43,43,43,64,64,72,72,72,72,72,72,72,71,71,71,71,71,71,71,66,66,0,0],"gold":189,"neow_bonus":"THREE_ENEMY_KILL","is_daily":false,"chose_seed":false,"campfire_upgraded":3,"win_rate":0.0,"timestamp":1608821992,"path_taken":["M","?","?","M","$","E","?","E","T","E","M","?","R","M","R","BOSS","M","?","$","?","?","R","E","R","T","M","R","E","R","?","R","BOSS"],"items_purchased_type":["Card","Card","Card"],"build_version":"2020-12-22","purchased_purges":2,"victory":false,"max_hp_per_floor":[72,72,72,72,72,72,72,72,72,72,72,72,72,72,72,72,72,72,72,72,72,72,72,72,72,72,72,72,72,72,72,72,72,72],"card_choices":[{"not_picked":["Evaluate","Replay:Hum"],"picked":"Adaptation","floor":1.0},{"not_picked":["Wallop","Consecrate","FearNoEvil"],"picked":"SKIP","floor":4.0},{"not_picked":["Adaptation","Replay:DivineShield"],"picked":"CarveReality","floor":6.0},{"not_picked":["Sanctity","CutThroughFate","SashWhip"],"picked":"SKIP","floor":8.0},{"not_picked":["ThirdEye","Wireheading"],"picked":"Vengeance","floor":10.0},{"not_picked":["ReachHeaven","CutThroughFate"],"picked":"Crescendo","floor":11.0},{"not_picked":["Sanctity","FlyingSleeves","Consecrate"],"picked":"SKIP","floor":14.0},{"not_picked":["SpiritShield","Ragnarok"],"picked":"Devotion","floor":16},{"not_picked":["CrushJoints","JustLucky"],"picked":"FollowUp+1","floor":18},{"not_picked":["WaveOfTheHand","EmptyMind","Establishment"],"picked":"SKIP","floor":24},{"not_picked":["SashWhip","FlurryOfBlows"],"picked":"Halt+1","floor":27},{"not_picked":["Wireheading","WaveOfTheHand+1","TalkToTheHand"],"picked":"SKIP","floor":29},{"not_picked":["Replay:Battleflow","Wallop"],"picked":"InnerPeace","floor":31}],"player_experience":376210,"relics_obtained":[{"floor":6.0,"key":"Mercury Hourglass"},{"floor":8.0,"key":"Peace Pipe"},{"floor":9.0,"key":"Bag of Preparation"},{"floor":10.0,"key":"Quantum Egg"},{"floor":22,"key":"PreservedInsect"},{"floor":24,"key":"Replay:Multitool"},{"floor":25,"key":"Ornamental Fan"},{"floor":26,"key":"Gremlin Horn"},{"floor":29,"key":"Tiny Chest"},{"floor":30,"key":"Orichalcum"}],"event_choices":[{"damage_healed":0.0,"max_hp_gain":0.0,"max_hp_loss":0.0,"gold_gain":0.0,"event_name":"conspire:LoneGhost","player_choice":"Disagree","floor":3.0,"gold_loss":0.0,"damage_taken":0.0},{"damage_healed":0.0,"max_hp_gain":0.0,"max_hp_loss":0.0,"gold_gain":0.0,"event_name":"Scrap Ooze","player_choice":"Success","floor":7.0,"gold_loss":0.0,"damage_taken":18.0,"relics_obtained":["DemoMod:MeltedRock"]},{"damage_healed":0.0,"max_hp_gain":0.0,"max_hp_loss":0.0,"gold_gain":0.0,"event_name":"Lab","player_choice":"Got Potions","floor":12.0,"gold_loss":0.0,"damage_taken":0.0},{"damage_healed":0,"gold_gain":0,"player_choice":"Upgraded","damage_taken":0,"max_hp_gain":0,"max_hp_loss":0,"event_name":"Upgrade Shrine","floor":32,"gold_loss":0,"cards_upgraded":["Adaptation"]}],"is_beta":false,"boss_relics":[{"not_picked":["Replay:Wanted Poster","Ring of Chaos"],"picked":"conspire:SlowCooker"}],"items_purged_floors":[19,20],"is_endless":false,"potions_floor_spawned":[1,6,11,16,18,24,27,31],"killed_by":"Champ","ascension_level":1}}