{"host":"an6uhul3yec8m0jh","time":1608776455,"event":{"mods":["ATMod(°¢èªMod)","Act Like it!","BaseMod","Colored Map","Colored Powertips","Highlight Path","Minty Spire (QoL Compilation)","MostiFishMod","Quick Restart","StSLib","TestMod","UnlockEverythingMod","Waifu the Spire","noobMod"],"gold_per_floor":[115,115,40,56,69,100,100,126,172,228,244,261,275,306,306,383,383,398,398,412,104,122,153,153,186,186,200,75,91,117,129,129,206,206,224,274,289,307,326,351,364,393,475,475,475,515,515,540,540,540,540,540,540,115,144,144],"floor_reached":57,"playtime":2116,"items_purged":["Defend_P","Defend_P","Defend_P"],"score":3933,"play_id":"52f87162-d6ef-463f-b153-0c4d851f6b8e","local_time":"20201224102055","is_ascension_mode":true,"campfire_choices":[{"data":"Scrawl","floor":7.0,"key":"SMITH"},{"data":"Vault","floor":15.0,"key":"SMITH"},{"data":"MostiFishMod:Unraveling","floor":24.0,"key":"SMITH"},{"data":"MostiFishMod:StarWish","floor":32.0,"key":"SMITH"},{"floor":45.0,"key":"RECALL"},{"data":"MostiFishMod:StarOceanP","floor":47.0,"key":"SMITH"},{"floor":49.0,"key":"REST"},{"data":"AT_DivineConfetti","floor":53,"key":"SMITH"}],"circlet_count":0,"master_deck":["AscendersBane","Strike_P","Strike_P","Strike_P","Defend_P","Eruption+1","Vigilance","AT_KingSlayer","BowlingBash","Scrawl+1","MostiFishMod:Unraveling+1","MostiFishMod:StarOceanP+1","AT_DivineConfetti+1","MostiFishMod:StarHerder+1","MostiFishMod:LegendTransform+1","Vault+1","AT_RealColorLess+1","Tantrum+1","testmod-AutoReboundSystem+1","WheelKick","MostiFishMod:StarWish+1","MostiFishMod:PathToVictory+1","TalkToTheHand+1","AT_KingSlayer"],"relics":["PureWater","ice","DaveBox","testmod-TestBox","AT_ATBox","ExusiaiGun","testmod-EnergyCheck","SynthV:TestCard","Frozen Egg 2","Art of War","testmod-AssaultLearning","Oddly Smooth Stone","Torii","JellyFishMachine","Potion Belt","Gremlin Horn","AT_DeathDance","testmod-InjuryResistance","Busted Crown","AT_BladeRuinedKing","Meat on the Bone","CeramicFish","testmod-Hope","DollysMirror","AT_ForceNature","testmod-HeartOfStrike"],"acts_visited":["Exordium","TheCity","TheBeyond","TheEnding"],"potions_floor_usage":[],"damage_taken":[{"damage":0.0,"enemies":"Cultist","floor":1.0,"turns":2.0},{"damage":0.0,"enemies":"Small Slimes","floor":4.0,"turns":2.0},{"damage":0.0,"enemies":"Jaw Worm","floor":5.0,"turns":1.0},{"damage":0.0,"enemies":"Lagavulin","floor":6.0,"turns":2.0},{"damage":0.0,"enemies":"3 Sentries","floor":8.0,"turns":2.0},{"damage":0.0,"enemies":"Gremlin Nob","floor":10.0,"turns":1.0},{"damage":0.0,"enemies":"Red Slaver","floor":11.0,"turns":1.0},{"damage":0.0,"enemies":"2 Fungi Beasts","floor":12.0,"turns":1.0},{"damage":11.0,"enemies":"Lots of Slimes","floor":13.0,"turns":3.0},{"damage":0.0,"enemies":"Lagavulin","floor":14.0,"turns":2.0},{"damage":0.0,"enemies":"Hexaghost","floor":16.0,"turns":2.0},{"damage":0.0,"enemies":"2 Thieves","floor":18.0,"turns":2.0},{"damage":0.0,"enemies":"3 Byrds","floor":20.0,"turns":2.0},{"damage":0.0,"enemies":"3 Cultists","floor":22.0,"turns":2.0},{"damage":0.0,"enemies":"Gremlin Leader","floor":23.0,"turns":1.0},{"damage":0.0,"enemies":"Book of Stabbing","floor":25.0,"turns":1.0},{"damage":0.0,"enemies":"Centurion and Healer","floor":27.0,"turns":1.0},{"damage":0.0,"enemies":"Snake Plant","floor":29.0,"turns":1.0},{"damage":0.0,"enemies":"Slavers","floor":30.0,"turns":2.0},{"damage":0.0,"enemies":"Snecko","floor":31.0,"turns":1.0},{"damage":0.0,"enemies":"Automaton","floor":33.0,"turns":3.0},{"damage":0.0,"enemies":"3 Shapes","floor":35.0,"turns":1.0},{"damage":0.0,"enemies":"3 Darklings","floor":37.0,"turns":1.0},{"damage":7.0,"enemies":"4 Shapes","floor":38.0,"turns":2.0},{"damage":14.0,"enemies":"Sphere and 2 Shapes","floor":39.0,"turns":1.0},{"damage":0.0,"enemies":"Giant Head","floor":40.0,"turns":1.0},{"damage":0.0,"enemies":"3 Darklings","floor":41.0,"turns":1.0},{"damage":0.0,"enemies":"Reptomancer","floor":42.0,"turns":1.0},{"damage":0.0,"enemies":"Giant Head","floor":46.0,"turns":1.0},{"damage":0.0,"enemies":"Nemesis","floor":48.0,"turns":1.0},{"damage":0.0,"enemies":"Time Eater","floor":50.0,"turns":2.0},{"damage":0,"enemies":"Donu and Deca","floor":51,"turns":2},{"damage":0,"enemies":"Shield and Spear","floor":55,"turns":1},{"damage":7,"enemies":"The Heart","floor":56,"turns":5}],"seed_played":"7461011798337244918","potions_obtained":[{"floor":4.0,"key":"Strength Potion"},{"floor":11.0,"key":"Ancient Potion"},{"floor":14.0,"key":"BottledMiracle"},{"floor":16.0,"key":"Dexterity Potion"},{"floor":19.0,"key":"DuplicationPotion"},{"floor":23.0,"key":"SteroidPotion"},{"floor":25.0,"key":"FearPotion"},{"floor":38.0,"key":"SteroidPotion"},{"floor":40.0,"key":"FearPotion"},{"floor":42.0,"key":"Dexterity Potion"},{"floor":55,"key":"DistilledChaos"}],"is_trial":false,"path_per_floor":["M","?","$","M","M","E","R","E","T","?","M","M","M","E","R","B",null,"M","?","M","$","M","E","R","E","T","M","$","M","E","M","R","B",null,"M","?","M","M","M","E","M","E","T","?","R","E","R","E","R","B","B",null,"R","$","E","B",null],"character_chosen":"WATCHER","items_purchased":["testmod-AutoReboundSystem+1","DollysMirror","AT_ForceNature"],"campfire_rested":1,"item_purchase_floors":[21,54,54],"current_hp_per_floor":[61,54,54,54,54,54,54,54,54,54,54,54,43,43,43,43,62,62,62,62,62,62,62,62,62,62,62,62,62,62,62,62,62,67,67,67,67,60,46,46,46,46,46,46,46,46,46,46,66,66,66,68,68,68,68,61],"gold":144,"neow_bonus":"UPGRADE_CARD","is_daily":false,"chose_seed":false,"campfire_upgraded":6,"win_rate":0.0,"timestamp":1608776455,"path_taken":["M","?","$","M","M","E","R","E","T","?","M","M","M","E","R","BOSS","M","?","M","$","?","E","R","E","T","M","$","M","E","M","R","BOSS","M","?","?","M","M","E","M","E","T","?","R","E","R","E","R","BOSS","BOSS","R","$","E","BOSS"],"items_purchased_type":["Card","Relic","Relic"],"build_version":"2020-12-22","purchased_purges":3,"victory":true,"max_hp_per_floor":[68,68,68,68,68,68,68,68,68,68,68,68,68,68,68,68,68,68,68,68,68,68,68,68,68,68,68,68,68,68,68,68,68,68,68,68,68,68,68,68,68,68,68,68,68,68,68,68,68,68,68,68,68,68,68,68],"card_choices":[{"not_picked":["Halt","SashWhip"],"picked":"BowlingBash","floor":1.0},{"not_picked":["ClearTheMind","ForeignInfluence","Protect","JustLucky","WaveOfTheHand"],"picked":"SKIP","floor":4.0},{"not_picked":["Conclude","Consecrate","Tantrum","ClearTheMind"],"picked":"Scrawl","floor":5.0},{"not_picked":["Worship","FollowUp","WreathOfFlame","SashWhip"],"picked":"MostiFishMod:Unraveling","floor":6.0},{"not_picked":["Prostrate","Halt","ClearTheMind","ThirdEye"],"picked":"MostiFishMod:StarOceanP","floor":8.0},{"not_picked":["FlyingSleeves","CutThroughFate","Crescendo","WreathOfFlame"],"picked":"AT_DivineConfetti","floor":11.0},{"not_picked":["CutThroughFate","ThirdEye","ClearTheMind","Prostrate"],"picked":"MostiFishMod:StarHerder+1","floor":12.0},{"not_picked":["ClearTheMind","Crescendo","CutThroughFate","MostiFishMod:Dust+1"],"picked":"MostiFishMod:LegendTransform+1","floor":13.0},{"not_picked":["BattleHymn+1","FlurryOfBlows","Sanctity","SashWhip"],"picked":"Vault","floor":14.0},{"not_picked":["Alpha","MostiFishMod:Moonprays","DevaForm+1","MostiFishMod:OutWit+1"],"picked":"AT_RealColorLess+1","floor":16.0},{"not_picked":["Conclude","Study+1","AT_RealFormLess","FlurryOfBlows"],"picked":"Tantrum","floor":18.0},{"not_picked":["JustLucky","Tantrum","Consecrate","Worship","PathToVictory"],"picked":"SKIP","floor":20.0},{"not_picked":["CutThroughFate","ForeignInfluence","Halt+1","AT_OneInchPunch+1","JustLucky+1"],"picked":"SKIP","floor":22.0},{"not_picked":["Fasting2+1","SignatureMove","BattleHymn+1","MostiFishMod:Speedup+1","Vengeance"],"picked":"SKIP","floor":23.0},{"not_picked":["Halt","ConjureBlade","FollowUp","BowlingBash","Meditate"],"picked":"SKIP","floor":25.0},{"not_picked":["EmptyBody+1","BowlingBash","ClearTheMind","CrushJoints","Vengeance"],"picked":"SKIP","floor":27.0},{"not_picked":["WindmillStrike","Conclude","Pray","Halt"],"picked":"WheelKick","floor":29.0},{"not_picked":["MostiFishMod:Nomercy+1","AT_RealFormLess","Prostrate","JustLucky"],"picked":"MostiFishMod:StarWish","floor":30.0},{"not_picked":["EmptyFist","JustLucky","ClearTheMind+1","SashWhip+1","Fasting2+1"],"picked":"SKIP","floor":31.0},{"not_picked":["FlyingSleeves","EmptyBody+1","EmptyFist"],"picked":"SKIP","floor":35.0},{"not_picked":["Prostrate","Crescendo","FlurryOfBlows+1"],"picked":"SKIP","floor":37.0},{"not_picked":["MostiFishMod:Clarity","Evaluate"],"picked":"MostiFishMod:PathToVictory+1","floor":38.0},{"not_picked":["WreathOfFlame","CutThroughFate+1","FlurryOfBlows"],"picked":"SKIP","floor":39.0},{"not_picked":["WaveOfTheHand","BowlingBash","AT_DivineConfetti"],"picked":"SKIP","floor":40.0},{"not_picked":["BowlingBash","Crescendo","SpiritShield"],"picked":"SKIP","floor":41.0},{"not_picked":["SashWhip","Halt","MostiFishMod:PathToVictory+1"],"picked":"SKIP","floor":42.0},{"not_picked":["Halt","SignatureMove"],"picked":"TalkToTheHand+1","floor":46.0},{"not_picked":["FlyingSleeves","FlurryOfBlows","ClearTheMind+1"],"picked":"SKIP","floor":48.0},{"not_picked":["MostiFishMod:Pointsdynamics+1","Fasting2+1","MostiFishMod:StarLaLaLa"],"picked":"SKIP","floor":55}],"player_experience":159526,"relics_obtained":[{"floor":1.0,"key":"SynthV:TestCard"},{"floor":6.0,"key":"Frozen Egg 2"},{"floor":8.0,"key":"Art of War"},{"floor":9.0,"key":"testmod-AssaultLearning"},{"floor":10.0,"key":"Oddly Smooth Stone"},{"floor":14.0,"key":"Torii"},{"floor":23.0,"key":"Potion Belt"},{"floor":25.0,"key":"Gremlin Horn"},{"floor":26.0,"key":"AT_DeathDance"},{"floor":30.0,"key":"testmod-InjuryResistance"},{"floor":40.0,"key":"AT_BladeRuinedKing"},{"floor":42.0,"key":"Meat on the Bone"},{"floor":46.0,"key":"CeramicFish"},{"floor":48.0,"key":"testmod-Hope"},{"floor":55,"key":"testmod-HeartOfStrike"}],"event_choices":[{"cards_removed":["Strike_P"],"damage_healed":0.0,"max_hp_gain":0.0,"max_hp_loss":0.0,"gold_gain":0.0,"event_name":"Golden Wing","player_choice":"Card Removal","floor":2.0,"gold_loss":0.0,"damage_taken":7.0},{"damage_healed":0.0,"max_hp_gain":0.0,"max_hp_loss":0.0,"gold_gain":0.0,"event_name":"Dead Adventurer","player_choice":"Searched \u00272\u0027 times","floor":10.0,"gold_loss":0.0,"damage_taken":0.0},{"damage_healed":0.0,"max_hp_gain":0.0,"max_hp_loss":0.0,"gold_gain":0.0,"event_name":"Lab","player_choice":"Got Potions","floor":19.0,"gold_loss":0.0,"damage_taken":0.0},{"damage_healed":0.0,"max_hp_gain":0.0,"max_hp_loss":0.0,"gold_gain":50.0,"event_name":"Golden Shrine","player_choice":"Pray","floor":36.0,"gold_loss":0.0,"damage_taken":0.0},{"damage_healed":0.0,"max_hp_gain":0.0,"max_hp_loss":0.0,"gold_gain":0.0,"event_name":"Accursed Blacksmith","player_choice":"Forge","floor":44.0,"gold_loss":0.0,"damage_taken":0.0,"cards_upgraded":["Tantrum"]}],"is_beta":false,"boss_relics":[{"not_picked":["SacredBark","Calling Bell"],"picked":"JellyFishMachine"},{"not_picked":["Black Star","DiscerningMonocle"],"picked":"Busted Crown"}],"items_purged_floors":[3,21,28],"is_endless":false,"potions_floor_spawned":[4,11,13,14,16,22,23,25,27,38,40,42,55],"ascension_level":20}}