{"host":"4u4xibnmtqpdl4qa","time":1608772530,"event":{"mods":["AchievementEnabler","BaseMod","Colored Map","Colored Powertips","DeckTracker","Highlight Path","Minty Spire (QoL Compilation)","Quick Restart","Relic Stats","StSLib","TheHero","Waifu the Spire"],"gold_per_floor":[118,133,6,18,38,38,63,63,63,121,121,149,149,176,176,274,274,291,291,291,304,125,139,154,174,174,199,199,232,232,248,248,346,346,364,414,285,302,312,343,343,676,676,705,62,87,97,151,151,151],"floor_reached":51,"playtime":5137,"items_purged":["Decay","Parasite"],"score":939,"play_id":"a82f7f1d-1c9d-4110-9c3c-7d4d87b1f54a","local_time":"20201224021530","is_ascension_mode":true,"campfire_choices":[{"data":"animeID:Mina","floor":6.0,"key":"SMITH"},{"floor":11.0,"key":"REST"},{"data":"animeID:Dabi","floor":15.0,"key":"SMITH"},{"data":"animeID:Shigaraki","floor":28.0,"key":"SMITH"},{"data":"animeID:Thirteen","floor":32.0,"key":"SMITH"},{"data":"animeID:FatGum","floor":41,"key":"SMITH"},{"floor":49,"key":"DIG"}],"circlet_count":0,"master_deck":["animeID:Deku","animeID:Bakugo","animeID:Smash","animeID:Smash","animeID:Smash","animeID:Smash","animeID:DefendMH","animeID:DefendMH","animeID:DefendMH","animeID:DefendMH","animeID:Mineta","animeID:Kirishima","animeID:Dabi+1","animeID:Mina+1","animeID:Momo","animeID:Mineta","animeID:Shigaraki+1","animeID:NightEye+1","Ghostly","Ghostly","Ghostly","Ghostly","Ghostly","animeID:TodorokiShoto+1","animeID:Crystallize","animeID:Mina+1","animeID:Momo","animeID:Ojiro+1","animeID:FatGum+1","animeID:TetsuTetsu","animeID:Thirteen+1","animeID:MirioTogata","animeID:Kirishima+1","animeID:EraserHead","animeID:FullCowl","Mind Blast+1","animeID:FullCowl+1","animeID:FatGum+1","animeID:Dabi+1","animeID:Kirishima","animeID:Crystallize","animeID:GranTorino","animeID:GranTorino+1","Apotheosis","animeID:PlusUltra","animeID:ShootStyle","animeID:Mineta+1","animeID:Bakugo"],"relics":["animeID:HeroCostume","Singing Bowl","Eternal Feather","Meat on the Bone","Toy Ornithopter","Anchor","Philosopher\u0027s Stone","Centennial Puzzle","Bottled Lightning","Mercury Hourglass","MealTicket","Cursed Key","Prayer Wheel","Nunchaku","Old Coin","Whetstone","HandDrill","Strawberry","Shovel","Unceasing Top","Bottled Tornado"],"acts_visited":["Exordium","TheCity","TheBeyond"],"potions_floor_usage":[50],"damage_taken":[{"damage":3.0,"enemies":"2 Louse","floor":1.0,"turns":2.0},{"damage":0.0,"enemies":"Small Slimes","floor":2.0,"turns":1.0},{"damage":1.0,"enemies":"Jaw Worm","floor":4.0,"turns":3.0},{"damage":6.0,"enemies":"Exordium Wildlife","floor":5.0,"turns":2.0},{"damage":13.0,"enemies":"Gremlin Nob","floor":7.0,"turns":5.0},{"damage":31.0,"enemies":"Lagavulin Event","floor":10.0,"turns":5.0},{"damage":29.0,"enemies":"3 Sentries","floor":12.0,"turns":8.0},{"damage":21.0,"enemies":"Lagavulin","floor":14.0,"turns":6.0},{"damage":26.0,"enemies":"Hexaghost","floor":16.0,"turns":12.0},{"damage":11.0,"enemies":"Shell Parasite","floor":18.0,"turns":5.0},{"damage":29.0,"enemies":"3 Byrds","floor":21.0,"turns":4.0},{"damage":0.0,"enemies":"Centurion and Healer","floor":23.0,"turns":5.0},{"damage":4.0,"enemies":"Snake Plant","floor":24.0,"turns":5.0},{"damage":0.0,"enemies":"Sentry and Sphere","floor":25.0,"turns":5.0},{"damage":2.0,"enemies":"Book of Stabbing","floor":27.0,"turns":5.0},{"damage":6.0,"enemies":"Slavers","floor":29.0,"turns":4.0},{"damage":0.0,"enemies":"Cultist and Chosen","floor":31.0,"turns":4.0},{"damage":25.0,"enemies":"Automaton","floor":33.0,"turns":7.0},{"damage":0,"enemies":"3 Shapes","floor":35,"turns":2},{"damage":0,"enemies":"Mind Bloom Boss Battle","floor":36,"turns":4},{"damage":0,"enemies":"Orb Walker","floor":38,"turns":4},{"damage":13,"enemies":"Maw","floor":39,"turns":8},{"damage":6,"enemies":"Nemesis","floor":40,"turns":5},{"damage":12,"enemies":"Giant Head","floor":42,"turns":9},{"damage":0,"enemies":"Reptomancer","floor":44,"turns":5},{"damage":3,"enemies":"Nemesis","floor":46,"turns":7},{"damage":0,"enemies":"Sphere and 2 Shapes","floor":47,"turns":5},{"damage":5,"enemies":"2 Orb Walkers","floor":48,"turns":3},{"damage":17,"enemies":"Time Eater","floor":50,"turns":5}],"seed_played":"1895607143079932761","potions_obtained":[{"floor":1.0,"key":"SneckoOil"},{"floor":4.0,"key":"SmokeBomb"},{"floor":7.0,"key":"SteroidPotion"},{"floor":16.0,"key":"EntropicBrew"},{"floor":21.0,"key":"LiquidMemories"},{"floor":24.0,"key":"Fruit Juice"},{"floor":27.0,"key":"DuplicationPotion"},{"floor":31.0,"key":"Fire Potion"},{"floor":33.0,"key":"FairyPotion"},{"floor":35,"key":"Strength Potion"}],"is_trial":false,"path_per_floor":["M","M","$","M","M","R","E","$","T","?","R","E","?","E","R","B",null,"M","?","?","M","$","M","M","M","T","E","R","E","?","M","R","B",null,"M","?","$","M","M","E","R","E","T","E","$","E","M","?","R","B",null],"character_chosen":"THE_HERO","items_purchased":["animeID:Kirishima","animeID:Crystallize","animeID:FullCowl","Mind Blast","Apotheosis","HandDrill","Strawberry","animeID:PlusUltra"],"campfire_rested":1,"item_purchase_floors":[3,22,37,37,45,45,45,45],"current_hp_per_floor":[86,86,86,87,83,83,74,74,74,49,82,57,80,61,70,50,93,84,46,46,31,31,33,33,37,37,48,48,44,44,46,48,36,48,48,48,48,48,48,48,48,48,48,48,55,57,57,54,57,44],"gold":151,"neow_bonus":"TWENTY_PERCENT_HP_BONUS","is_daily":false,"chose_seed":false,"campfire_upgraded":5,"win_rate":0.0,"timestamp":1608772530,"path_taken":["M","M","$","M","M","R","E","$","T","?","R","E","?","E","R","BOSS","M","?","?","?","$","M","M","M","T","E","R","E","?","?","R","BOSS","M","?","$","M","M","E","R","E","T","E","?","E","M","?","R","BOSS"],"items_purchased_type":["Card","Card","Card","Card","Card","Relic","Relic","Card"],"build_version":"2020-12-22","purchased_purges":2,"victory":true,"max_hp_per_floor":[89,89,89,89,89,89,91,91,91,93,93,93,93,93,93,93,93,93,46,46,46,43,43,43,43,43,48,48,48,48,48,48,48,48,48,48,48,48,48,48,48,48,48,48,55,57,57,57,57,57],"relic_stats":{"Singing Bowl":6,"counters":[29,145],"Eternal Feather":20,"Whetstone":["animeID:Kirishima","Mind Blast"],"Cursed Key":0,"Mercury Hourglass":[281],"Centennial Puzzle":[33],"Nunchaku":[3],"Shovel":1,"MealTicket":0,"Prayer Wheel":3,"HandDrill":[2],"obtain_stats":[{"Singing Bowl":7,"Eternal Feather":9,"Whetstone":44,"Bottled Tornado":49,"Cursed Key":34,"Mercury Hourglass":27,"Old Coin":42,"Anchor":14,"Centennial Puzzle":20,"Nunchaku":40,"Shovel":46,"Strawberry":45,"Philosopher\u0027s Stone":17,"MealTicket":29,"Prayer Wheel":36,"HandDrill":45,"animeID:HeroCostume":0,"Bottled Lightning":26,"Toy Ornithopter":12,"Unceasing Top":48,"Meat on the Bone":10},{"Singing Bowl":5,"Eternal Feather":5,"Whetstone":25,"Bottled Tornado":28,"Cursed Key":18,"Mercury Hourglass":15,"Old Coin":24,"Anchor":8,"Centennial Puzzle":10,"Nunchaku":23,"Shovel":26,"Strawberry":25,"Philosopher\u0027s Stone":9,"MealTicket":16,"Prayer Wheel":20,"HandDrill":25,"animeID:HeroCostume":0,"Bottled Lightning":14,"Toy Ornithopter":7,"Unceasing Top":28,"Meat on the Bone":6},{"Singing Bowl":13,"Eternal Feather":13,"Whetstone":125,"Bottled Tornado":140,"Cursed Key":88,"Mercury Hourglass":73,"Old Coin":120,"Anchor":32,"Centennial Puzzle":49,"Nunchaku":111,"Shovel":132,"Strawberry":125,"Philosopher\u0027s Stone":44,"MealTicket":77,"Prayer Wheel":94,"HandDrill":125,"animeID:HeroCostume":0,"Bottled Lightning":68,"Toy Ornithopter":26,"Unceasing Top":140,"Meat on the Bone":18}],"Toy Ornithopter":4,"Unceasing Top":[3],"Meat on the Bone":12},"card_choices":[{"not_picked":["animeID:Kaminari","animeID:Uraraka"],"picked":"animeID:Mineta","floor":1.0},{"not_picked":["animeID:Ojiro","animeID:Nomu","animeID:HighFive"],"picked":"SKIP","floor":2.0},{"not_picked":["animeID:Tamaki","animeID:Uraraka"],"picked":"animeID:Dabi","floor":4.0},{"not_picked":["animeID:Kirishima","animeID:Aoyama"],"picked":"animeID:Mina","floor":5.0},{"not_picked":["animeID:Chisaki","animeID:Rappa","animeID:Tamaki"],"picked":"Singing Bowl","floor":7.0},{"not_picked":["animeID:Mineta","animeID:Bakugo","animeID:Momo"],"picked":"Singing Bowl","floor":10.0},{"not_picked":["animeID:Aoyama","animeID:Bakugo"],"picked":"animeID:Momo","floor":12.0},{"not_picked":["animeID:Ojiro","animeID:Aoyama"],"picked":"animeID:Mineta","floor":14.0},{"not_picked":["animeID:USA_Smash","animeID:Chisaki"],"picked":"animeID:Shigaraki","floor":16.0},{"not_picked":["animeID:Bakugo","animeID:Mezo+1"],"picked":"animeID:NightEye+1","floor":18.0},{"not_picked":["animeID:Uraraka","animeID:MtLady"],"picked":"animeID:TodorokiShoto+1","floor":21.0},{"not_picked":["animeID:Kendo+1","animeID:HowitzerImpact"],"picked":"animeID:Mina+1","floor":23.0},{"not_picked":["animeID:Deku","animeID:Kendo"],"picked":"animeID:Momo","floor":24.0},{"not_picked":["animeID:SkinnyGum","animeID:Mezo"],"picked":"animeID:Ojiro+1","floor":25.0},{"not_picked":["animeID:TodorokiShoto","animeID:DetroitSmash"],"picked":"animeID:FatGum","floor":27.0},{"not_picked":["animeID:TodorokiShoto","animeID:ShootStyle"],"picked":"animeID:TetsuTetsu","floor":29.0},{"not_picked":["animeID:Aoyama+1","animeID:Tsuyu"],"picked":"animeID:Thirteen","floor":31.0},{"not_picked":["animeID:Shigaraki","animeID:RedRiot"],"picked":"animeID:MirioTogata","floor":33.0},{"not_picked":["animeID:GentleCriminal","animeID:Tsuyu+1"],"picked":"animeID:Kirishima","floor":35},{"not_picked":["animeID:HighFive+1","animeID:Mina"],"picked":"animeID:EraserHead","floor":36},{"not_picked":["animeID:Tomura+1","animeID:Mezo"],"picked":"animeID:FullCowl+1","floor":38},{"not_picked":["animeID:Mineta","animeID:Mina+1"],"picked":"animeID:FatGum","floor":38},{"not_picked":["animeID:Momo","animeID:TodorokiShoto+1"],"picked":"animeID:Dabi+1","floor":39},{"not_picked":["animeID:TodorokiShoto","animeID:Bakugo"],"picked":"animeID:Kirishima","floor":39},{"not_picked":["animeID:TodorokiShoto+1","animeID:Kurono"],"picked":"animeID:Crystallize","floor":40},{"not_picked":["animeID:Nomu+1","animeID:PresentMic"],"picked":"animeID:GranTorino","floor":42},{"not_picked":["animeID:DetroitSmash","animeID:Bakugo+1"],"picked":"animeID:GranTorino+1","floor":44},{"not_picked":["animeID:EraserHead","animeID:USA_Smash","animeID:Stain"],"picked":"Singing Bowl","floor":46},{"not_picked":["animeID:DelawareSmash+1","animeID:Himiko+1"],"picked":"animeID:ShootStyle","floor":47},{"not_picked":["animeID:Ojiro+1","animeID:Mina"],"picked":"animeID:Mineta+1","floor":47},{"not_picked":["animeID:Momo","animeID:Nomu"],"picked":"animeID:Bakugo","floor":48}],"player_experience":145875,"relics_obtained":[{"floor":7.0,"key":"Singing Bowl"},{"floor":9.0,"key":"Eternal Feather"},{"floor":10.0,"key":"Meat on the Bone"},{"floor":12.0,"key":"Toy Ornithopter"},{"floor":14.0,"key":"Anchor"},{"floor":26.0,"key":"Bottled Lightning"},{"floor":27.0,"key":"Mercury Hourglass"},{"floor":29.0,"key":"MealTicket"},{"floor":36,"key":"Prayer Wheel"},{"floor":40,"key":"Nunchaku"},{"floor":42,"key":"Old Coin"},{"floor":44,"key":"Whetstone"},{"floor":46,"key":"Shovel"},{"floor":48,"key":"Unceasing Top"},{"floor":49,"key":"Bottled Tornado"}],"event_choices":[{"damage_healed":0.0,"max_hp_gain":0.0,"max_hp_loss":0.0,"gold_gain":0.0,"event_name":"Dead Adventurer","player_choice":"Searched \u00272\u0027 times","floor":10.0,"gold_loss":0.0,"damage_taken":0.0},{"damage_healed":23.0,"max_hp_gain":0.0,"max_hp_loss":0.0,"gold_gain":0.0,"event_name":"Mushrooms","player_choice":"Healed and dodged fight","floor":13.0,"gold_loss":0.0,"damage_taken":0.0,"cards_obtained":["Parasite"]},{"damage_healed":0.0,"max_hp_gain":0.0,"max_hp_loss":47.0,"gold_gain":0.0,"event_name":"Ghosts","player_choice":"Became a Ghost","floor":19.0,"gold_loss":0.0,"damage_taken":0.0,"cards_obtained":["Ghostly","Ghostly","Ghostly","Ghostly","Ghostly"]},{"damage_healed":0.0,"max_hp_gain":0.0,"max_hp_loss":0.0,"gold_gain":0.0,"event_name":"WeMeetAgain","player_choice":"Gave Potion","floor":20.0,"gold_loss":0.0,"damage_taken":0.0,"relics_obtained":["Centennial Puzzle"]},{"damage_healed":0.0,"max_hp_gain":0.0,"max_hp_loss":0.0,"gold_gain":0.0,"event_name":"Upgrade Shrine","player_choice":"Upgraded","floor":30.0,"gold_loss":0.0,"damage_taken":0.0,"cards_upgraded":["animeID:FatGum"]},{"damage_healed":0,"gold_gain":0,"player_choice":"Fight","damage_taken":0,"max_hp_gain":0,"max_hp_loss":0,"event_name":"MindBloom","floor":36,"gold_loss":0},{"damage_healed":0,"gold_gain":0,"player_choice":"Fight","damage_taken":0,"max_hp_gain":0,"max_hp_loss":0,"event_name":"Mysterious Sphere","floor":48,"gold_loss":0}],"is_beta":false,"boss_relics":[{"not_picked":["Runic Dome","Sozu"],"picked":"Philosopher\u0027s Stone"},{"not_picked":["Runic Pyramid","Pandora\u0027s Box"],"picked":"Cursed Key"}],"items_purged_floors":[3,22],"is_endless":false,"potions_floor_spawned":[1,4,7,16,21,24,27,31,33,35,38,39,42,46],"ascension_level":1}}