{"host":"i0avyit1s6jb1siw","time":1608815013,"event":{"mods":["BaseMod","DeckTracker","Dota2Spire","Highlight Path","Minty Spire (QoL Compilation)","Quick Restart","Replay The Spire","StSLib","SuperFastMode"],"gold_per_floor":[111,111,36,48,68,68,99,118,118,135,135,164,164,164,164,257,257,281,281,295,538,538,538,554,554,592,592,592,632,646,662,662,662,662],"floor_reached":33,"playtime":539,"items_purged":["Strike_P"],"score":640,"play_id":"bd80f3f0-4e49-4eb1-a4f3-cff9f253946d","local_time":"20201224140333","is_ascension_mode":true,"campfire_choices":[{"data":"EmptyFist","floor":6.0,"key":"SMITH"},{"data":"FearNoEvil","floor":11.0,"key":"SMITH"},{"data":"Vault","floor":25.0,"key":"SMITH"},{"data":"DeusExMachina","floor":27.0,"key":"SMITH"},{"data":"InnerPeace","floor":32,"key":"SMITH"}],"circlet_count":0,"master_deck":["AscendersBane","Strike_P","Strike_P","Strike_P","Defend_P","Defend_P","Defend_P","Eruption+1","Vigilance","FearNoEvil+1","EmptyFist+1","FlurryOfBlows+1","WheelKick","Parasite","Vault+1","BowlingBash+1","DeusExMachina+1","InnerPeace+1","EmptyBody+1"],"relics":["PureWater","Mummified Hand","White Beast Statue","Replay:Bottled Snecko","Golden Idol","Coffee Dripper","MealTicket","Eternal Feather","Damaru"],"acts_visited":["Exordium","TheCity"],"potions_floor_usage":[30,31,33],"damage_taken":[{"damage":4.0,"enemies":"Small Slimes","floor":1.0,"turns":3.0},{"damage":0.0,"enemies":"Cultist","floor":4.0,"turns":2.0},{"damage":7.0,"enemies":"Jaw Worm","floor":5.0,"turns":2.0},{"damage":22.0,"enemies":"Lagavulin","floor":7.0,"turns":5.0},{"damage":1.0,"enemies":"Looter","floor":8.0,"turns":2.0},{"damage":0.0,"enemies":"Blue Slaver","floor":10.0,"turns":2.0},{"damage":22.0,"enemies":"3 Sentries","floor":12.0,"turns":6.0},{"damage":7.0,"enemies":"Slime Boss","floor":16.0,"turns":4.0},{"damage":0.0,"enemies":"Chosen","floor":18.0,"turns":4.0},{"damage":6.0,"enemies":"2 Thieves","floor":20.0,"turns":2.0},{"damage":0.0,"enemies":"Shelled Parasite and Fungi","floor":24.0,"turns":3.0},{"damage":22.0,"enemies":"Book of Stabbing","floor":26.0,"turns":4.0},{"damage":0.0,"enemies":"Gremlin Leader","floor":29.0,"turns":4.0},{"damage":24,"enemies":"Snake Plant","floor":30,"turns":6},{"damage":1,"enemies":"3 Cultists","floor":31,"turns":4},{"damage":10,"enemies":"Centurion and Healer","floor":33,"turns":4}],"seed_played":"8482988907019279338","potions_obtained":[{"floor":1.0,"key":"Weak Potion"},{"floor":7.0,"key":"Explosive Potion"},{"floor":12.0,"key":"Adrenaline Potion"},{"floor":16.0,"key":"Reflective Coating"},{"floor":18.0,"key":"Dota2Spire:Clarity"},{"floor":19.0,"key":"Swift Potion"},{"floor":20.0,"key":"EssenceOfSteel"},{"floor":24.0,"key":"BlessingOfTheForge"},{"floor":26.0,"key":"Elixir"},{"floor":29.0,"key":"Explosive Potion"},{"floor":30,"key":"Block Potion"},{"floor":31,"key":"Dexterity Potion"}],"is_trial":false,"path_per_floor":["M","?","$","M","M","R","E","M","T","M","R","E","?","?","R","B",null,"M","?","M","?","PTL","PTL","M","R","E","R","T","E","M","M","R","M"],"character_chosen":"WATCHER","items_purchased":[],"campfire_rested":0,"item_purchase_floors":[],"current_hp_per_floor":[57,57,57,57,50,50,28,27,27,27,27,5,5,20,38,31,54,54,54,48,48,48,48,48,48,26,26,26,26,2,1,10,0,0],"gold":662,"neow_bonus":"UPGRADE_CARD","is_daily":false,"chose_seed":false,"campfire_upgraded":5,"win_rate":0.0,"timestamp":1608815013,"path_taken":["M","?","$","?","M","R","E","M","T","M","R","E","?","?","R","BOSS","M","?","?","?","PTL","PTL","M","R","E","R","T","E","M","M","R","M"],"items_purchased_type":[],"build_version":"2020-12-22","purchased_purges":1,"victory":false,"max_hp_per_floor":[68,68,68,68,68,68,68,68,68,68,68,68,62,62,62,62,62,62,62,62,62,62,62,62,62,62,62,62,62,62,62,62,62,62],"card_choices":[{"not_picked":["Replay:AtTheReady","Study"],"picked":"FearNoEvil","floor":1.0},{"not_picked":["Evaluate","JustLucky"],"picked":"EmptyFist","floor":4.0},{"not_picked":["Replay:LoomingThreat","Vengeance"],"picked":"FlurryOfBlows","floor":5.0},{"not_picked":["EmptyFist","Replay:BluntJabs","ThirdEye"],"picked":"SKIP","floor":7.0},{"not_picked":["ClearTheMind","FollowUp","PathToVictory"],"picked":"SKIP","floor":8.0},{"not_picked":["Worship","Replay:BluntJabs"],"picked":"WheelKick","floor":10.0},{"not_picked":["Fasting2","Sanctity","Replay:LoomingThreat"],"picked":"SKIP","floor":12.0},{"not_picked":["Scrawl","MasterReality"],"picked":"Vault","floor":16.0},{"not_picked":["BowlingBash","Halt","Fasting2"],"picked":"SKIP","floor":18.0},{"not_picked":["Consecrate","Replay:AtTheReady"],"picked":"BowlingBash+1","floor":20.0},{"not_picked":["SashWhip","FlurryOfBlows","WheelKick"],"picked":"SKIP","floor":24.0},{"not_picked":["FollowUp","Replay:ManipulateFuture"],"picked":"DeusExMachina","floor":26.0},{"not_picked":["Conclude","BowlingBash","Replay:Cycle"],"picked":"SKIP","floor":29.0},{"not_picked":["SashWhip","WaveOfTheHand"],"picked":"InnerPeace","floor":30},{"not_picked":["CrushJoints","ThirdEye+1"],"picked":"EmptyBody+1","floor":31}],"player_experience":2113691,"relics_obtained":[{"floor":7.0,"key":"Mummified Hand"},{"floor":9.0,"key":"White Beast Statue"},{"floor":12.0,"key":"Replay:Bottled Snecko"},{"floor":26.0,"key":"MealTicket"},{"floor":28.0,"key":"Eternal Feather"},{"floor":29.0,"key":"Damaru"}],"event_choices":[{"cards_removed":["Defend_P"],"damage_healed":0.0,"max_hp_gain":0.0,"max_hp_loss":0.0,"gold_gain":0.0,"event_name":"Purifier","player_choice":"Purged","floor":2.0,"gold_loss":0.0,"damage_taken":0.0},{"damage_healed":0.0,"max_hp_gain":0.0,"max_hp_loss":6.0,"gold_gain":0.0,"event_name":"Golden Idol","player_choice":"Lose Max HP","floor":13.0,"gold_loss":0.0,"damage_taken":0.0,"relics_obtained":["Golden Idol"]},{"damage_healed":15.0,"max_hp_gain":0.0,"max_hp_loss":0.0,"gold_gain":0.0,"event_name":"Mushrooms","player_choice":"Healed and dodged fight","floor":14.0,"gold_loss":0.0,"damage_taken":0.0,"cards_obtained":["Parasite"]},{"damage_healed":0.0,"max_hp_gain":0.0,"max_hp_loss":0.0,"gold_gain":0.0,"event_name":"Lab","player_choice":"Got Potions","floor":19.0,"gold_loss":0.0,"damage_taken":0.0}],"is_beta":false,"boss_relics":[{"not_picked":["Sozu","Replay:Wanted Poster"],"picked":"Coffee Dripper"}],"items_purged_floors":[3],"is_endless":false,"potions_floor_spawned":[1,7,10,12,16,18,20,24,26,29,30,31],"killed_by":"Centurion and Healer","ascension_level":20}}