{"host":"2se5dq1do2gp0x9k","time":1608794680,"event":{"mods":["AchievementEnabler","BaseMod","Block Reminder","Colored Map","Colored Powertips","Minty Spire (QoL Compilation)","Relic Stats","StSLib","SuperFastMode"],"gold_per_floor":[119,119,136,148,148,148,193,31,54,67,67,97,97,125,125,196,196,210,210,236,256,269,269,269,269],"floor_reached":24,"playtime":641,"items_purged":["Strike_B"],"score":408,"play_id":"993c16c3-469a-4747-8cea-38a6dcc7afd1","local_time":"20201223232440","is_ascension_mode":true,"campfire_choices":[{"data":"Sunder","floor":6.0,"key":"SMITH"},{"floor":11.0,"key":"REST"},{"data":"Beam Cell","floor":13.0,"key":"SMITH"},{"data":"Genetic Algorithm","floor":15.0,"key":"SMITH"},{"floor":23,"key":"REST"}],"circlet_count":0,"master_deck":["AscendersBane","Defend_B","Defend_B","Defend_B","Defend_B","Zap+1","Dualcast","Sweeping Beam+1","Sunder+1","Beam Cell+1","Genetic Algorithm","Genetic Algorithm+1","Gash","Electrodynamics","Conserve Battery","Coolheaded","Compile Driver","Coolheaded"],"relics":["Cracked Core","NeowsBlessing","Blood Vial","Toy Ornithopter","Lantern","Empty Cage","Smiling Mask"],"acts_visited":["Exordium","TheCity"],"potions_floor_usage":[16,16,22,24],"damage_taken":[{"damage":0.0,"enemies":"Jaw Worm","floor":1.0,"turns":1.0},{"damage":0.0,"enemies":"2 Louse","floor":3.0,"turns":1.0},{"damage":0.0,"enemies":"Small Slimes","floor":4.0,"turns":1.0},{"damage":15.0,"enemies":"Exordium Thugs","floor":10.0,"turns":3.0},{"damage":8.0,"enemies":"Gremlin Nob","floor":12.0,"turns":3.0},{"damage":15.0,"enemies":"3 Sentries","floor":14.0,"turns":8.0},{"damage":28,"enemies":"Hexaghost","floor":16,"turns":9},{"damage":16,"enemies":"2 Thieves","floor":18,"turns":4},{"damage":20,"enemies":"Spheric Guardian","floor":21,"turns":6},{"damage":24,"enemies":"Snake Plant","floor":22,"turns":6},{"damage":37,"enemies":"Book of Stabbing","floor":24,"turns":6}],"seed_played":"-1803225903289212627","potions_obtained":[{"floor":1.0,"key":"Dexterity Potion"},{"floor":10.0,"key":"LiquidMemories"},{"floor":14.0,"key":"Strength Potion"},{"floor":16,"key":"Dexterity Potion"},{"floor":21,"key":"Weak Potion"}],"is_trial":false,"path_per_floor":["M","?","M","M","?","R","T","$","T","M","R","E","R","E","R","B",null,"M","?","T","M","M","R","E"],"character_chosen":"DEFECT","items_purchased":["Genetic Algorithm"],"campfire_rested":2,"item_purchase_floors":[8],"current_hp_per_floor":[64,57,57,57,36,36,36,36,36,23,44,38,38,25,25,9,56,42,42,42,24,7,28,0,0],"gold":269,"neow_bonus":"THREE_ENEMY_KILL","is_daily":false,"chose_seed":false,"campfire_upgraded":3,"win_rate":0.0,"timestamp":1608794680,"path_taken":["M","?","M","M","?","R","?","$","T","M","R","E","R","E","R","BOSS","M","?","?","?","M","R","E"],"items_purchased_type":["Card"],"build_version":"2020-12-22","purchased_purges":1,"victory":false,"max_hp_per_floor":[71,71,71,71,71,71,71,71,71,71,71,71,71,71,71,71,71,71,71,71,71,71,71,71,71],"relic_stats":{"Blood Vial":16,"counters":[11,48],"Smiling Mask":0,"obtain_stats":[{"Blood Vial":7,"Lantern":14,"NeowsBlessing":0,"Cracked Core":0,"Empty Cage":17,"Smiling Mask":20,"Toy Ornithopter":12},{"Blood Vial":3,"Lantern":6,"NeowsBlessing":0,"Cracked Core":0,"Empty Cage":7,"Smiling Mask":8,"Toy Ornithopter":5},{"Blood Vial":3,"Lantern":17,"NeowsBlessing":0,"Cracked Core":0,"Empty Cage":26,"Smiling Mask":30,"Toy Ornithopter":9}],"Toy Ornithopter":20},"card_choices":[{"not_picked":["Recycle","Blizzard"],"picked":"Sweeping Beam","floor":1.0},{"not_picked":["Barrage","White Noise"],"picked":"Sunder","floor":3.0},{"not_picked":["Conserve Battery","Barrage"],"picked":"Beam Cell","floor":4.0},{"not_picked":["Cold Snap","Steam","Redo"],"picked":"SKIP","floor":10.0},{"not_picked":["Barrage","Steam"],"picked":"Genetic Algorithm","floor":12.0},{"not_picked":["Lockon","Reboot"],"picked":"Gash","floor":14.0},{"not_picked":["Amplify","Machine Learning"],"picked":"Electrodynamics","floor":16},{"not_picked":["Aggregate","Redo"],"picked":"Conserve Battery","floor":18},{"not_picked":["Rip and Tear","Beam Cell"],"picked":"Compile Driver","floor":21},{"not_picked":["Redo","Go for the Eyes"],"picked":"Coolheaded","floor":22}],"player_experience":3613242,"relics_obtained":[{"floor":7.0,"key":"Blood Vial"},{"floor":12.0,"key":"Toy Ornithopter"},{"floor":14.0,"key":"Lantern"},{"floor":20,"key":"Smiling Mask"}],"event_choices":[{"cards_removed":["Strike_B"],"damage_healed":0.0,"max_hp_gain":0.0,"max_hp_loss":0.0,"gold_gain":0.0,"event_name":"Golden Wing","player_choice":"Card Removal","floor":2.0,"gold_loss":0.0,"damage_taken":7.0},{"damage_healed":0.0,"max_hp_gain":0.0,"max_hp_loss":0.0,"gold_gain":0.0,"event_name":"Shining Light","player_choice":"Entered Light","floor":5.0,"gold_loss":0.0,"damage_taken":21.0,"cards_upgraded":["Zap","Sweeping Beam"]},{"damage_healed":0,"gold_gain":0,"player_choice":"Read","damage_taken":0,"max_hp_gain":0,"max_hp_loss":0,"event_name":"The Library","floor":19,"gold_loss":0,"cards_obtained":["Coolheaded"]}],"is_beta":false,"boss_relics":[{"not_picked":["Black Star","Snecko Eye"],"picked":"Empty Cage"}],"items_purged_floors":[8],"is_endless":false,"potions_floor_spawned":[1,10,14,16,21],"killed_by":"Book of Stabbing","ascension_level":20}}