{"host":"cjhtzh7tp54jdfyv","time":1608843399,"event":{"mods":["AchievementEnabler","BaseMod","Colored Map","Colored Powertips","Curses Come First","DeckTracker","Filter the Spire","Minty Spire (QoL Compilation)","RNG Fix","Relic Sorter","Relic Stats","StSLib","The Cursed","Waifu the Spire","ojb\u0027s Better Paths Mod","ojb\u0027s Info Mod"],"gold_per_floor":[361,31,31,44,54,54,54,54],"floor_reached":7,"playtime":445,"items_purged":[],"score":82,"play_id":"9e7c6240-d0f8-4d67-baea-b23382d798e7","local_time":"20201224155639","is_ascension_mode":true,"campfire_choices":[{"data":"TheCursedMod:CursedMace","floor":6,"key":"SMITH"}],"circlet_count":0,"master_deck":["AscendersBane","TheCursedMod:Strike_TheCursed","TheCursedMod:Strike_TheCursed","TheCursedMod:Strike_TheCursed","TheCursedMod:Strike_TheCursed","TheCursedMod:Defend_TheCursed","TheCursedMod:Defend_TheCursed","TheCursedMod:Defend_TheCursed","TheCursedMod:Defend_TheCursed","TheCursedMod:CursedWand","TheCursedMod:CleanUpWorkshop","TheCursedMod:Dregs","TheCursedMod:VitalStrike","Regret","TheCursedMod:SpitefulStrike","TheCursedMod:CursedMace+1"],"relics":["TheCursedMod:BlackMagic101","Bag of Preparation","ClockworkSouvenir","Tiny Chest"],"acts_visited":["Exordium"],"potions_floor_usage":[5],"damage_taken":[{"damage":1,"enemies":"Small Slimes","floor":1,"turns":4},{"damage":1,"enemies":"Cultist","floor":4,"turns":4},{"damage":22,"enemies":"Jaw Worm","floor":5,"turns":4},{"damage":42,"enemies":"3 Sentries","floor":7,"turns":8}],"seed_played":"5800383836936540041","potions_obtained":[{"floor":1,"key":"Swift Potion"}],"is_trial":false,"path_per_floor":["M","$","?","M","M","R","E"],"character_chosen":"THE_CURSED","items_purchased":["Bag of Preparation","ClockworkSouvenir"],"campfire_rested":0,"item_purchase_floors":[2,2],"current_hp_per_floor":[63,63,63,62,40,40,0,0],"gold":54,"neow_bonus":"TWO_FIFTY_GOLD","is_daily":false,"chose_seed":false,"campfire_upgraded":1,"win_rate":0.0,"timestamp":1608843399,"path_taken":["M","$","?","M","M","R","E"],"items_purchased_type":["Relic","Relic"],"build_version":"2020-12-22","purchased_purges":0,"victory":false,"max_hp_per_floor":[64,64,64,64,64,64,64,64],"relic_stats":{"counters":[4,20],"Tiny Chest":0,"Bag of Preparation":[6],"obtain_stats":[{"TheCursedMod:BlackMagic101":0,"Tiny Chest":3,"Bag of Preparation":2,"ClockworkSouvenir":2},{"TheCursedMod:BlackMagic101":0,"Tiny Chest":1,"Bag of Preparation":1,"ClockworkSouvenir":1},{"TheCursedMod:BlackMagic101":0,"Tiny Chest":4,"Bag of Preparation":4,"ClockworkSouvenir":4}]},"card_choices":[{"not_picked":["TheCursedMod:RapidMovement","TheCursedMod:BlessingInDisguise"],"picked":"TheCursedMod:VitalStrike","floor":1},{"not_picked":["TheCursedMod:ReleasedKnowledge","TheCursedMod:AshesToAshes"],"picked":"TheCursedMod:SpitefulStrike","floor":4},{"not_picked":["TheCursedMod:ForbiddenAlchemy","TheCursedMod:SpitefulStrike"],"picked":"TheCursedMod:CursedMace","floor":5}],"player_experience":4403675,"relics_obtained":[],"event_choices":[{"damage_healed":0,"gold_gain":0,"player_choice":"Box","damage_taken":0,"relics_obtained":["Tiny Chest"],"max_hp_gain":0,"max_hp_loss":0,"event_name":"Big Fish","floor":3,"gold_loss":0,"cards_obtained":["Regret"]}],"is_beta":false,"boss_relics":[],"items_purged_floors":[],"is_endless":false,"potions_floor_spawned":[1],"killed_by":"3 Sentries","ascension_level":20}}