{"host":"l66odvkqh04jpxx0","time":1608785093,"event":{"mods":["BaseMod","Colored Powertips","Conspire","Luminous","Minty Spire (QoL Compilation)","Replay The Spire","StSLib","The Construct","The Cursed","The Mystic","The Servant 0.9.4"],"gold_per_floor":[117,137,59,59,59,59,59,59,59,10,33,48,61,74,74,205,205,220,145,145,60,81,121,121,141,166,205,228,242,262,275,275,401,401,420,444,444,100,123,123,123],"floor_reached":40,"playtime":5363,"items_purged":[],"score":572,"play_id":"4a7a9940-7cca-43fa-afc2-921be5b6f8b6","local_time":"20201224124453","is_ascension_mode":false,"campfire_choices":[{"data":"TheCursedMod:HellsGateOpen","floor":6,"key":"SMITH"},{"data":"TheCursedMod:HellfireBreathing","floor":8,"key":"SMITH"},{"data":"TheCursedMod:StingEye","floor":15,"key":"SMITH"},{"data":"Enlightenment","floor":32,"key":"SMITH"},{"data":"Searing Blow","floor":32,"key":"SMITH"}],"circlet_count":0,"master_deck":["TheCursedMod:Strike_TheCursed","TheCursedMod:Strike_TheCursed","TheCursedMod:Strike_TheCursed","TheCursedMod:Strike_TheCursed","TheCursedMod:Defend_TheCursed","TheCursedMod:Defend_TheCursed","TheCursedMod:Defend_TheCursed","TheCursedMod:Defend_TheCursed","TheCursedMod:CursedWand","TheCursedMod:CleanUpWorkshop","TheCursedMod:Dregs","TheCursedMod:HellsGateOpen+1","TheCursedMod:HellfireBreathing+1","TheCursedMod:StingEye+1","ReplayTheSpireMod:Faulty Equipment","TheCursedMod:SpitefulStrike","construct:Stasis","Caltrops","construct:Accumulate","Consecrate","mysticmod:GreaterInvisibility","CurseOfTheBell","SandsOfTime","Ghostly","Ghostly","Ghostly","Ghostly","Ghostly","TheCursedMod:DarkBarrier","FlyingSleeves","mysticmod:Stoneskin","WheelKick","Enlightenment+1","TheCursedMod:CursedMace","Searing Blow+1","Double Tap","mysticmod:Shield+1","ReplayTheSpireMod:Dual Polarity+1","TheCursedMod:ShockAndAwe","TheCursedMod:HellfireBreathing","Enlightenment+1","Compile Driver+1"],"relics":["TheCursedMod:BlackMagic101","NeowsBlessing","Golden Idol","Thread and Needle","PrismaticShard","Question Card","Replay:Grab Bag","Philosopher\u0027s Stone","SlaversCollar","Calling Bell","construct:WeddingRing","Replay:Arrowhead","Letter Opener","Ancient Tea Set","conspire:DeflatedDodgeball","Pear","Blood Vial","Darkstone Periapt","conspire:RoyalGoblet","DollysMirror"],"acts_visited":["Exordium","TheCity","TheBeyond"],"potions_floor_usage":[16,23,27,27,33,33,39],"damage_taken":[{"damage":0,"enemies":"2 Louse","floor":1,"turns":1},{"damage":0,"enemies":"Jaw Worm","floor":2,"turns":1},{"damage":0,"enemies":"Small Slimes","floor":11,"turns":1},{"damage":8,"enemies":"Blue Slaver","floor":12,"turns":4},{"damage":0,"enemies":"Red Slaver","floor":13,"turns":3},{"damage":0,"enemies":"Exordium Thugs","floor":14,"turns":4},{"damage":9,"enemies":"Fading Forest","floor":16,"turns":11},{"damage":26,"enemies":"3 Byrds","floor":18,"turns":4},{"damage":0,"enemies":"Chosen","floor":22,"turns":6},{"damage":0,"enemies":"Gremlin Leader","floor":23,"turns":7},{"damage":2,"enemies":"Centurion and Healer","floor":25,"turns":7},{"damage":0,"enemies":"conspire:SneckoGhost","floor":27,"turns":7},{"damage":15,"enemies":"Snake Plant","floor":28,"turns":5},{"damage":0,"enemies":"Snecko","floor":29,"turns":7},{"damage":0,"enemies":"Shelled Parasite and Fungi","floor":30,"turns":8},{"damage":8,"enemies":"Centurion and Healer","floor":31,"turns":9},{"damage":0,"enemies":"Automaton","floor":33,"turns":10},{"damage":0,"enemies":"Orb Walker","floor":35,"turns":4},{"damage":14,"enemies":"3 Darklings","floor":36,"turns":5},{"damage":8,"enemies":"Maw","floor":39,"turns":8},{"damage":40,"enemies":"Reptomancer","floor":40,"turns":2}],"seed_played":"1239699743195634480","potions_obtained":[{"floor":1,"key":"Swift Potion"},{"floor":11,"key":"Languid Potion"},{"floor":14,"key":"BlessingOfTheForge"},{"floor":18,"key":"BlessingOfTheForge"},{"floor":23,"key":"construct:ShiftPotion"},{"floor":27,"key":"CultistPotion"},{"floor":28,"key":"Reflective Coating"},{"floor":35,"key":"AttackPotion"},{"floor":36,"key":"SpeedPotion"}],"is_trial":false,"path_per_floor":["M","M","$","?","?","R","?","R","T","$","M","M","M","M","R","B",null,"M","?","?","?","M","E","?","M","T","E","M","M","M","M","R","B",null,"M","M","?","$","M","E"],"character_chosen":"THE_CURSED","items_purchased":["TheCursedMod:StingEye","TheCursedMod:SpitefulStrike","TheCursedMod:ShockAndAwe","TheCursedMod:HellfireBreathing","DollysMirror"],"campfire_rested":0,"item_purchase_floors":[3,10,38,38,38],"current_hp_per_floor":[75,75,75,75,68,68,68,68,68,68,68,60,60,60,60,59,75,49,49,37,37,37,47,47,45,45,47,32,34,36,30,30,32,47,47,33,38,38,32,0,0],"gold":123,"neow_bonus":"THREE_ENEMY_KILL","is_daily":false,"chose_seed":false,"campfire_upgraded":5,"win_rate":0.0,"timestamp":1608785093,"path_taken":["M","M","$","?","?","R","?","R","T","?","M","M","?","M","R","BOSS","M","?","?","?","M","E","?","M","T","E","M","M","?","M","R","BOSS","M","M","?","?","M","E"],"items_purchased_type":["Card","Card","Card","Card","Relic"],"build_version":"2020-12-22","purchased_purges":0,"victory":false,"max_hp_per_floor":[75,75,75,75,75,75,75,75,75,75,75,75,75,75,75,75,75,75,75,37,37,37,47,47,47,47,47,47,47,47,47,47,47,47,47,47,47,47,47,47,47],"card_choices":[{"not_picked":["TheCursedMod:CircleOfAmplification","TheCursedMod:CircleOfFlame"],"picked":"TheCursedMod:HellsGateOpen","floor":1},{"not_picked":["TheCursedMod:BloodBarrier","TheCursedMod:Stigma"],"picked":"TheCursedMod:HellfireBreathing","floor":2},{"not_picked":["TheCursedMod:ReleasedKnowledge","Luminous:Dark_Pressure_Void","Luminous:Dark_Raid"],"picked":"construct:Stasis","floor":11},{"not_picked":["Spin","Cleave","FIFO Queue"],"picked":"Caltrops","floor":12},{"not_picked":["Body Slam","Replay:Undeath\u0027s Touch","Ricochet"],"picked":"construct:Accumulate","floor":13},{"not_picked":["Infinite Blades","FastForward","Gash"],"picked":"Consecrate","floor":14},{"not_picked":["Limit Break","construct:GatlingGun","Demon Form"],"picked":"mysticmod:GreaterInvisibility","floor":16},{"not_picked":["mysticmod:DiviningBlow+1","Collect+1","construct:ScrapCannon"],"picked":"SandsOfTime","floor":18},{"not_picked":["Abandon","mysticmod:Fly+1","Defy"],"picked":"TheCursedMod:DarkBarrier","floor":22},{"not_picked":["construct:Backfire","Forethought","Tantrum+1"],"picked":"FlyingSleeves","floor":23},{"not_picked":["Revamp","JustLucky","mysticmod:ArcaneAccuracy"],"picked":"mysticmod:Stoneskin","floor":25},{"not_picked":["WreathOfFlame","construct:Boost","mysticmod:Riposte"],"picked":"WheelKick","floor":27},{"not_picked":["Armaments","CarveReality","mysticmod:LightningBolt"],"picked":"Enlightenment","floor":28},{"not_picked":["mysticmod:Alacrity+1","Ball Lightning","Luminous:Photic_Meditation_Luminous"],"picked":"construct:FocusedBeam","floor":29},{"not_picked":["construct:HardReboot+1","construct:Electrocute","Escape Plan+1"],"picked":"TheCursedMod:CursedMace","floor":30},{"not_picked":["Deflect","mysticmod:Daze","Replay:Undeath\u0027s Touch"],"picked":"Searing Blow","floor":31},{"not_picked":["mysticmod:SpellRecall","TheCursedMod:DemonicPact","Mayhem"],"picked":"Double Tap","floor":33},{"not_picked":["Thunderclap+1","TheCursedMod:RapidMovement","mysticmod:SuddenClarity"],"picked":"mysticmod:Shield+1","floor":35},{"not_picked":["FastForward+1","Sweeping Beam","Dark Embrace+1"],"picked":"ReplayTheSpireMod:Dual Polarity+1","floor":36},{"not_picked":["ReplayTheSpireMod:From All Sides","Evaluate","Iron Wave"],"picked":"Compile Driver+1","floor":39}],"player_experience":20391,"relics_obtained":[{"floor":9,"key":"Question Card"},{"floor":17,"key":"Replay:Arrowhead"},{"floor":17,"key":"Letter Opener"},{"floor":17,"key":"Ancient Tea Set"},{"floor":23,"key":"Pear"},{"floor":26,"key":"Blood Vial"},{"floor":27,"key":"Darkstone Periapt"}],"event_choices":[{"damage_healed":0,"gold_gain":0,"player_choice":"Take Wound","damage_taken":0,"relics_obtained":["Golden Idol"],"max_hp_gain":0,"max_hp_loss":0,"event_name":"Golden Idol","floor":4,"gold_loss":0,"cards_obtained":["Injury"]},{"damage_healed":0,"gold_gain":0,"player_choice":"Success","damage_taken":7,"relics_obtained":["Thread and Needle"],"max_hp_gain":0,"max_hp_loss":0,"event_name":"Scrap Ooze","floor":5,"gold_loss":0},{"cards_removed":["Injury"],"damage_healed":0,"gold_gain":0,"player_choice":"Gave Gold","damage_taken":0,"max_hp_gain":0,"max_hp_loss":0,"event_name":"Beggar","floor":19,"gold_loss":75},{"damage_healed":0,"gold_gain":0,"player_choice":"Became a Ghost","damage_taken":0,"max_hp_gain":0,"max_hp_loss":38,"event_name":"Ghosts","floor":20,"gold_loss":0,"cards_obtained":["Ghostly","Ghostly","Ghostly","Ghostly","Ghostly"]},{"damage_healed":0,"gold_gain":0,"player_choice":"Obtained Relic","damage_taken":0,"relics_obtained":["conspire:DeflatedDodgeball"],"max_hp_gain":0,"max_hp_loss":0,"event_name":"Addict","floor":21,"gold_loss":85},{"damage_healed":0,"gold_gain":0,"player_choice":"Bought 0 Potions","damage_taken":0,"max_hp_gain":0,"max_hp_loss":0,"event_name":"The Woman in Blue","floor":24,"gold_loss":0},{"cards_removed":["construct:FocusedBeam"],"damage_healed":5,"gold_gain":0,"player_choice":"Offered Common","damage_taken":0,"max_hp_gain":0,"max_hp_loss":0,"event_name":"Bonfire Elementals","floor":37,"gold_loss":0},{"cards_removed":["construct:FocusedBeam"],"damage_healed":5,"gold_gain":0,"player_choice":"Offered Special","damage_taken":0,"max_hp_gain":0,"max_hp_loss":0,"event_name":"Bonfire Elementals","floor":37,"gold_loss":0}],"is_beta":false,"boss_relics":[{"not_picked":["Black Star","Busted Crown"],"picked":"Replay:Grab Bag"},{"not_picked":["Fusion Hammer","Sozu"],"picked":"Philosopher\u0027s Stone"},{"not_picked":["Runic Dome","Coffee Dripper"],"picked":"SlaversCollar"},{"not_picked":["SacredBark","Astrolabe"],"picked":"Calling Bell"},{"not_picked":["Ring of Chaos","Runic Pyramid"],"picked":"construct:WeddingRing"},{"not_picked":["Replay:Bronze Core","ReplayTheSpireMod:DimensionalGlitch"],"picked":"conspire:RoyalGoblet"}],"items_purged_floors":[],"is_endless":false,"potions_floor_spawned":[1,11,14,18,23,27,28,35,36],"killed_by":"Reptomancer","ascension_level":0}}