{"host":"h5golg54dem4i27y","time":1608779059,"event":{"mods":["BaseMod","Colored Map","Colored Powertips","Minty Spire (QoL Compilation)","Replay The Spire","StSLib","SuperFastMode","The Hierophant"],"gold_per_floor":[119,119,134,134,9,37,37,37,108,30,30,42,28,46,46,112,112,128,2,2,19,35,65,65,17,41,41,27,42,43,43,43,107,107,132,32,32,77,92,92,105,105,105,102,51,110,110,110,110,30],"floor_reached":51,"playtime":1803,"items_purged":["hierophant:Strike_Hierophant","hierophant:Defend_Hierophant"],"score":1033,"play_id":"1e7ea29f-af87-4f4e-9129-a89f36d00127","local_time":"20201224120419","is_ascension_mode":false,"campfire_choices":[{"data":"hierophant:Chorus","floor":7.0,"key":"SMITH"},{"data":"hierophant:DisplayOfPower","floor":11.0,"key":"SMITH"},{"data":"hierophant:ChurchCoffers","floor":15.0,"key":"SMITH"},{"data":"hierophant:Sermon","floor":24.0,"key":"SMITH"},{"data":"hierophant:SealAway","floor":27.0,"key":"SMITH"},{"floor":32.0,"key":"REST"},{"data":"hierophant:Doomsaying","floor":40.0,"key":"SMITH"},{"data":"hierophant:ThreeLashes","floor":42.0,"key":"SMITH"},{"floor":49,"key":"REST"}],"circlet_count":0,"master_deck":["hierophant:Strike_Hierophant+1","hierophant:Defend_Hierophant","hierophant:ChurchCoffers+1","hierophant:SolarFlare+1","hierophant:DisplayOfPower+1","hierophant:Chorus+1","hierophant:Encroach+1","hierophant:SealAway+1","hierophant:Kindle+1","hierophant:OrnateJavelin+1","hierophant:Alms+1","hierophant:ThreeLashes+1","hierophant:ArchangelShield+1","hierophant:HammerAndAnvil+1","hierophant:Sermon+1","hierophant:Community","hierophant:Shelter","hierophant:Doomsaying+1","hierophant:ThreeLashes+1"],"relics":["hierophant:PropheticMaskRelic","NeowsBlessing","Whetstone","Golden Egg","Replay:Wax Seal","Astrolabe","Darkstone Periapt","Strawberry","Bottled Tornado","Black Star","Counterbalance","CeramicFish","Garlic"],"acts_visited":["Exordium","TheCity","TheBeyond"],"potions_floor_usage":[50,50],"damage_taken":[{"damage":0.0,"enemies":"Jaw Worm","floor":1.0,"turns":1.0},{"damage":0.0,"enemies":"2 Louse","floor":3.0,"turns":1.0},{"damage":0.0,"enemies":"Gremlin Nob","floor":6.0,"turns":1.0},{"damage":2.0,"enemies":"Small Slimes","floor":12.0,"turns":2.0},{"damage":0.0,"enemies":"Red Slaver","floor":13.0,"turns":2.0},{"damage":0.0,"enemies":"Large Slime","floor":14.0,"turns":2.0},{"damage":6.0,"enemies":"Slime Boss","floor":16.0,"turns":6.0},{"damage":0.0,"enemies":"Shell Parasite","floor":18.0,"turns":1.0},{"damage":0.0,"enemies":"3 Byrds","floor":21.0,"turns":5.0},{"damage":1.0,"enemies":"Shelled Parasite and Fungi","floor":22.0,"turns":2.0},{"damage":6.0,"enemies":"Book of Stabbing","floor":23.0,"turns":4.0},{"damage":0.0,"enemies":"Cultist and Chosen","floor":28.0,"turns":3.0},{"damage":11.0,"enemies":"Slavers","floor":29.0,"turns":4.0},{"damage":0.0,"enemies":"3 Cultists","floor":30.0,"turns":5.0},{"damage":0.0,"enemies":"Automaton","floor":33.0,"turns":4.0},{"damage":0.0,"enemies":"3 Darklings","floor":35.0,"turns":3.0},{"damage":14.0,"enemies":"2 Orb Walkers","floor":38.0,"turns":7.0},{"damage":0.0,"enemies":"Orb Walker","floor":39.0,"turns":2.0},{"damage":0.0,"enemies":"Writhing Mass","floor":41.0,"turns":3.0},{"damage":0,"enemies":"Sphere and 2 Shapes","floor":44,"turns":3},{"damage":0,"enemies":"Donu and Deca","floor":50,"turns":7}],"seed_played":"-6376682966682272909","potions_obtained":[{"floor":3.0,"key":"ColorlessPotion"},{"floor":6.0,"key":"LiquidMemories"},{"floor":12.0,"key":"AttackPotion"},{"floor":14.0,"key":"Elixir"},{"floor":21.0,"key":"BlessingOfTheForge"},{"floor":22.0,"key":"PowerPotion"},{"floor":29.0,"key":"DistilledChaos"},{"floor":30.0,"key":"SteroidPotion"},{"floor":35.0,"key":"PowerPotion"},{"floor":38.0,"key":"GamblersBrew"},{"floor":39.0,"key":"SpeedPotion"},{"floor":46,"key":"Swift Potion"}],"is_trial":false,"path_per_floor":["M","?","M","?","$","E","R","?","T","$","R","M","M","M","R","B",null,"M","$","?","M","M","E","R","$","T","R","M","E","M","?","R","B",null,"M","$","?","?","M","R","M","R","T","M","$","?","$","?","R","B",null],"character_chosen":"HIEROPHANT","items_purchased":["SkillPotion","Replay:Wax Seal","hierophant:ArchangelShield","hierophant:HammerAndAnvil","Block Potion","AttackPotion"],"campfire_rested":2,"item_purchase_floors":[5,10,19,19,25,45],"current_hp_per_floor":[75,75,75,80,80,80,80,80,80,80,80,78,78,78,78,72,80,80,80,80,80,79,73,73,73,80,80,80,69,69,69,87,87,87,87,87,87,73,73,73,73,73,73,73,73,52,52,52,76,76],"gold":30,"neow_bonus":"THREE_ENEMY_KILL","is_daily":false,"chose_seed":false,"campfire_upgraded":7,"win_rate":0.0,"timestamp":1608779059,"path_taken":["M","?","M","?","$","E","R","?","T","$","R","M","?","M","R","BOSS","M","$","?","M","M","E","R","?","T","R","M","E","?","?","R","BOSS","M","$","?","?","M","R","M","R","T","M","$","?","?","?","R","BOSS"],"items_purchased_type":["Potion","Relic","Card","Card","Potion","Potion"],"build_version":"2020-12-22","purchased_purges":2,"victory":true,"max_hp_per_floor":[75,75,75,80,80,80,80,80,80,80,80,80,80,80,80,80,80,80,80,80,80,80,80,80,80,87,87,87,87,87,87,87,87,87,87,87,87,87,87,87,87,87,87,87,87,87,87,83,83,83],"card_choices":[{"not_picked":["hierophant:MorningPrayer","hierophant:Endure"],"picked":"hierophant:SolarFlare","floor":1.0},{"not_picked":["hierophant:SolarFlare","hierophant:RecallFunds"],"picked":"hierophant:DisplayOfPower","floor":3.0},{"not_picked":["hierophant:PassingBell","hierophant:Bribe"],"picked":"hierophant:Chorus","floor":6.0},{"not_picked":["hierophant:Purify","hierophant:SecretStash"],"picked":"hierophant:Encroach","floor":12.0},{"not_picked":["hierophant:AuricShield","hierophant:FlamingChariot"],"picked":"hierophant:SealAway","floor":13.0},{"not_picked":["hierophant:PassingBell","hierophant:Zeal","hierophant:Glossolalia"],"picked":"SKIP","floor":14.0},{"not_picked":["hierophant:Invocation","hierophant:Levitation"],"picked":"hierophant:Kindle","floor":16.0},{"not_picked":["hierophant:RustyCrate","hierophant:FlamingChariot"],"picked":"hierophant:ThreeLashes","floor":18.0},{"not_picked":["hierophant:FaithHealing+1","hierophant:Charity","hierophant:RustyCrate+1"],"picked":"SKIP","floor":21.0},{"not_picked":["hierophant:Martyrdom+1","hierophant:AuricBeam"],"picked":"hierophant:Sermon","floor":22.0},{"not_picked":["hierophant:PristineSoul","hierophant:CoinFling+1","hierophant:Patience+1"],"picked":"SKIP","floor":23.0},{"not_picked":["hierophant:Encroach","hierophant:Sermon"],"picked":"hierophant:Community","floor":28.0},{"not_picked":["hierophant:Charity+1","hierophant:FaithHealing"],"picked":"hierophant:Shelter","floor":29.0},{"not_picked":["hierophant:Repentance+1","hierophant:RepressedViolence","hierophant:Zeal"],"picked":"SKIP","floor":30.0},{"not_picked":["hierophant:Blessing+1","hierophant:Zeal+1","hierophant:SealAway"],"picked":"SKIP","floor":35.0},{"not_picked":["hierophant:ThreeLashes+1","hierophant:Blessing+1"],"picked":"hierophant:Doomsaying","floor":38.0},{"not_picked":["hierophant:Endure+1","hierophant:Smite+1","hierophant:Zeal+1"],"picked":"SKIP","floor":39.0},{"not_picked":["hierophant:Sermon","hierophant:Smite+1"],"picked":"hierophant:ThreeLashes+1","floor":41.0},{"not_picked":["hierophant:HolyVerse","hierophant:Sermon","hierophant:AuricForm"],"picked":"SKIP","floor":44}],"player_experience":624487,"relics_obtained":[{"floor":6.0,"key":"Whetstone"},{"floor":9.0,"key":"Golden Egg"},{"floor":23.0,"key":"Darkstone Periapt"},{"floor":26.0,"key":"Strawberry"},{"floor":29.0,"key":"Bottled Tornado"},{"floor":38.0,"key":"Counterbalance"},{"floor":43.0,"key":"CeramicFish"},{"floor":46,"key":"Garlic"}],"event_choices":[{"damage_healed":0.0,"max_hp_gain":5.0,"max_hp_loss":0.0,"gold_gain":0.0,"event_name":"Big Fish","player_choice":"Donut","floor":4.0,"gold_loss":0.0,"damage_taken":0.0},{"damage_healed":0.0,"max_hp_gain":0.0,"max_hp_loss":0.0,"gold_gain":0.0,"event_name":"NoteForYourself","player_choice":"Ignored","floor":8.0,"gold_loss":0.0,"damage_taken":0.0},{"damage_healed":0.0,"max_hp_gain":0.0,"max_hp_loss":0.0,"gold_gain":0.0,"event_name":"Upgrade Shrine","player_choice":"Upgraded","floor":20.0,"gold_loss":0.0,"damage_taken":0.0,"cards_upgraded":["hierophant:Encroach"]},{"cards_removed":["hierophant:Defend_Hierophant"],"damage_healed":0.0,"max_hp_gain":0.0,"max_hp_loss":0.0,"gold_gain":0.0,"event_name":"Back to Basics","player_choice":"Elegance","floor":31.0,"gold_loss":0.0,"damage_taken":0.0},{"cards_removed":["hierophant:Purify"],"damage_healed":0.0,"max_hp_gain":0.0,"max_hp_loss":0.0,"gold_gain":0.0,"event_name":"Falling","player_choice":"Removed Attack","floor":37.0,"gold_loss":0.0,"damage_taken":0.0},{"damage_healed":0.0,"max_hp_gain":0.0,"max_hp_loss":0.0,"gold_gain":0.0,"event_name":"Mysterious Sphere","player_choice":"Fight","floor":38.0,"gold_loss":0.0,"damage_taken":0.0},{"damage_healed":0,"gold_gain":0,"player_choice":"Max HP","damage_taken":0,"max_hp_gain":0,"max_hp_loss":4,"event_name":"Winding Halls","floor":48,"gold_loss":0}],"is_beta":false,"boss_relics":[{"not_picked":["SacredBark","Abe\u0027s Treasure"],"picked":"Astrolabe"},{"not_picked":["Ring of Chaos","ChewingGum"],"picked":"Black Star"}],"items_purged_floors":[5,36],"is_endless":false,"potions_floor_spawned":[3,6,12,14,21,22,29,30,35,38,39,44],"ascension_level":0}}