{"host":"l66odvkqh04jpxx0","time":1608803050,"event":{"mods":["BaseMod","Colored Powertips","Conspire","Luminous","Minty Spire (QoL Compilation)","Replay The Spire","StSLib","The Construct","The Cursed","The Mystic","The Servant 0.9.4"],"gold_per_floor":[119,129,146,165,165,182,182,182,182,206,206,234,244,419,419,515,515,533,187,187,214,231,231,231,231,231,231,44,56,74,87,87,189,189,205,205,224,271,291,291,291,291],"floor_reached":41,"playtime":3691,"items_purged":[],"score":443,"play_id":"1fec3447-7cd0-412c-b316-ae446e6e43ca","local_time":"20201224174410","is_ascension_mode":false,"campfire_choices":[{"data":"Outmaneuver","floor":8,"key":"SMITH"},{"data":"ReplayTheSpireMod:From All Sides","floor":11,"key":"SMITH"},{"floor":15,"key":"REST"},{"floor":23,"key":"REST"},{"data":"Poison Darts","floor":27,"key":"SMITH"},{"data":"Deadly Poison","floor":32,"key":"SMITH"},{"floor":40,"key":"REST"}],"circlet_count":0,"master_deck":["Strike_G","Strike_G","Strike_G","Strike_G","Defend_G+1","Defend_G","Defend_G","Defend_G","Defend_G","Survivor","Neutralize","Outmaneuver+1","ReplayTheSpireMod:Speed Training","Flying Knee","ReplayTheSpireMod:From All Sides+1","Deadly Poison+1","Noxious Fumes","Poison Darts+1","Outmaneuver+1","Noxious Fumes+1","conspire:PoisonWeapons","Toxin Wave","Noxious Fumes","Bane","Replay:Poison Smokescreen","Replay:Poison Smokescreen+1","Dagger Spray+1","Deadly Poison","Night Terror","Secret Technique","PiercingWail+1","Burst","Poison Darts","Sneak Up","Outmaneuver","Outmaneuver","Deadly Poison+1"],"relics":["Ring of the Snake","Garlic","Lantern","Snake Skull","construct:WeddingRing","Orrery","Red Mask","HornCleat","Bronze Scales","conspire:Dentures"],"acts_visited":["Exordium","TheCity","TheBeyond"],"potions_floor_usage":[12,12,21,33,33,33,39,39,39],"damage_taken":[{"damage":5,"enemies":"Jaw Worm","floor":1,"turns":7},{"damage":0,"enemies":"Small Slimes","floor":2,"turns":4},{"damage":0,"enemies":"2 Louse","floor":3,"turns":3},{"damage":5,"enemies":"Red Slaver","floor":4,"turns":9},{"damage":11,"enemies":"conspire:2 RoseBushes","floor":6,"turns":9},{"damage":14,"enemies":"3 Sentries","floor":12,"turns":8},{"damage":0,"enemies":"Looter","floor":13,"turns":3},{"damage":16,"enemies":"Hexaghost","floor":16,"turns":10},{"damage":9,"enemies":"Chosen","floor":18,"turns":4},{"damage":41,"enemies":"Masked Bandits","floor":21,"turns":4},{"damage":10,"enemies":"Shell Parasite","floor":22,"turns":4},{"damage":0,"enemies":"Snecko","floor":29,"turns":4},{"damage":8,"enemies":"conspire:HollyBat","floor":30,"turns":7},{"damage":6,"enemies":"Shelled Parasite and Fungi","floor":31,"turns":4},{"damage":23,"enemies":"conspire:MysteriousRune","floor":33,"turns":6},{"damage":0,"enemies":"3 Darklings","floor":35,"turns":3},{"damage":44,"enemies":"3 Shapes","floor":37,"turns":4},{"damage":20,"enemies":"Maw","floor":39,"turns":7},{"damage":28,"enemies":"Transient","floor":41,"turns":5}],"seed_played":"-6053124684268803054","potions_obtained":[{"floor":1,"key":"DistilledChaos"},{"floor":3,"key":"SpeedPotion"},{"floor":4,"key":"GamblersBrew"},{"floor":16,"key":"LifebloodPotion"},{"floor":29,"key":"Elixir"},{"floor":30,"key":"Poison Potion"},{"floor":33,"key":"LifebloodPotion"},{"floor":35,"key":"PowerPotion"},{"floor":38,"key":"AttackPotion"}],"is_trial":false,"path_per_floor":["M","M","M","M","?","M","?","R","T","T","R","E","M","?","R","B",null,"M","$","?","?","M","R","?","T","T","R","$","M","M","M","R","B",null,"M","?","M","?","M","R","M"],"character_chosen":"THE_SILENT","items_purchased":["Noxious Fumes+1","conspire:PoisonWeapons","Toxin Wave","Orrery","Secret Technique"],"campfire_rested":3,"item_purchase_floors":[19,19,19,19,28],"current_hp_per_floor":[65,65,65,60,60,49,49,49,49,49,49,35,35,35,56,40,70,61,61,61,20,10,31,54,54,54,54,54,54,46,40,40,17,70,70,70,26,26,6,27,0,0],"gold":291,"neow_bonus":"RANDOM_EVENT","is_daily":false,"chose_seed":false,"campfire_upgraded":4,"win_rate":0.0,"timestamp":1608803050,"path_taken":["M","M","M","M","?","M","?","R","T","?","R","E","?","?","R","BOSS","M","$","?","?","M","R","?","?","T","R","$","M","M","M","R","BOSS","M","?","M","?","M","R","M"],"items_purchased_type":["Card","Card","Card","Relic","Card"],"build_version":"2020-12-22","purchased_purges":0,"victory":false,"max_hp_per_floor":[70,70,70,70,70,70,70,70,70,70,70,70,70,70,70,70,70,70,70,70,70,70,70,70,70,70,70,70,70,70,70,70,70,70,70,70,70,70,70,70,70,70],"card_choices":[{"not_picked":["Well Laid Plans","ReplayTheSpireMod:Exploit Weakness","PiercingWail"],"picked":"SKIP","floor":1},{"not_picked":["Distraction","Acrobatics"],"picked":"Outmaneuver","floor":2},{"not_picked":["Prepared","Caltrops"],"picked":"ReplayTheSpireMod:Speed Training","floor":3},{"not_picked":["Dagger Throw","Sucker Punch"],"picked":"Flying Knee","floor":4},{"not_picked":["Acrobatics","Noxious Fumes"],"picked":"ReplayTheSpireMod:From All Sides","floor":6},{"not_picked":["Infinite Blades","Quick Slash"],"picked":"Deadly Poison","floor":12},{"not_picked":["Prepared","PiercingWail"],"picked":"Noxious Fumes","floor":13},{"not_picked":["Bullet Time","Unload"],"picked":"Poison Darts","floor":16},{"not_picked":["Blade Dance","ReplayTheSpireMod:Exploit Weakness"],"picked":"Outmaneuver+1","floor":18},{"not_picked":["Poisoned Stab","Acrobatics"],"picked":"Noxious Fumes","floor":19},{"not_picked":["Sucker Punch","Dagger Spray"],"picked":"Bane","floor":19},{"not_picked":["Dagger Spray","Poisoned Stab"],"picked":"Replay:Poison Smokescreen","floor":19},{"not_picked":["Dagger Spray","After Image"],"picked":"Replay:Poison Smokescreen+1","floor":19},{"not_picked":["Toxin Wave","Blade Dance"],"picked":"Dagger Spray+1","floor":19},{"not_picked":["Sneak Up","Prepared+1"],"picked":"Deadly Poison","floor":21},{"not_picked":["Poisoned Stab+1","Hidden Blade"],"picked":"Night Terror","floor":22},{"not_picked":["Caltrops","Skewer+1","Sucker Punch"],"picked":"SKIP","floor":29},{"not_picked":["Backflip","Dodge and Roll"],"picked":"PiercingWail+1","floor":30},{"not_picked":["Deflect","PiercingWail"],"picked":"Burst","floor":31},{"not_picked":["Adrenaline","Unload"],"picked":"Poison Darts","floor":33},{"not_picked":["Predator","Quick Slash+1"],"picked":"Sneak Up","floor":35},{"not_picked":["Eviscerate+1","Dagger Throw+1"],"picked":"Outmaneuver","floor":37},{"not_picked":["Hidden Blade","Deflect+1"],"picked":"Outmaneuver","floor":38},{"not_picked":["Finisher+1","Quick Slash"],"picked":"Deadly Poison+1","floor":39}],"player_experience":39400,"relics_obtained":[{"floor":9,"key":"Garlic"},{"floor":10,"key":"Lantern"},{"floor":12,"key":"Snake Skull"},{"floor":21,"key":"Red Mask"},{"floor":25,"key":"HornCleat"},{"floor":26,"key":"Bronze Scales"},{"floor":38,"key":"conspire:Dentures"}],"event_choices":[{"damage_healed":0,"gold_gain":0,"cards_transformed":["Strike_G"],"player_choice":"Change","damage_taken":0,"max_hp_gain":0,"max_hp_loss":0,"event_name":"Living Wall","floor":0,"gold_loss":0,"cards_obtained":["conspire:DoublingDagger"]},{"damage_healed":0,"gold_gain":0,"player_choice":"Ignored","damage_taken":0,"max_hp_gain":0,"max_hp_loss":0,"event_name":"Golden Wing","floor":5,"gold_loss":0},{"damage_healed":0,"gold_gain":175,"player_choice":"AGREE","damage_taken":0,"max_hp_gain":0,"max_hp_loss":0,"event_name":"Liars Game","floor":14,"gold_loss":0,"cards_obtained":["Doubt"]},{"cards_removed":["Doubt"],"damage_healed":0,"gold_gain":0,"player_choice":"Elegance","damage_taken":0,"max_hp_gain":0,"max_hp_loss":0,"event_name":"Back to Basics","floor":20,"gold_loss":0},{"damage_healed":0,"gold_gain":0,"player_choice":"Fought Bandits","damage_taken":0,"max_hp_gain":0,"max_hp_loss":0,"event_name":"Masked Bandits","floor":21,"gold_loss":0},{"damage_healed":23,"gold_gain":0,"player_choice":"Heal","damage_taken":0,"max_hp_gain":0,"max_hp_loss":0,"event_name":"The Library","floor":24,"gold_loss":0},{"cards_removed":["conspire:DoublingDagger"],"damage_healed":0,"gold_gain":0,"player_choice":"Removed Skill","damage_taken":0,"max_hp_gain":0,"max_hp_loss":0,"event_name":"Falling","floor":36,"gold_loss":0}],"is_beta":false,"boss_relics":[{"not_picked":["Cursed Key","ReplayTheSpireMod:DimensionalGlitch"],"picked":"construct:WeddingRing"},{"not_picked":["Kintsugi","conspire:SlowCooker","Snecko Scales"]}],"items_purged_floors":[],"is_endless":false,"potions_floor_spawned":[1,3,4,16,29,30,31,33,35],"killed_by":"Transient","ascension_level":0}}