{"host":"a1eatafr7pisesky","time":1608824289,"event":{"mods":["BaseMod","Colored Map","DeckTracker","Highlight Path","Keyboard Shortcuts","Minty Spire (QoL Compilation)","Permanent Neow","Random Character Button","StSLib","SuperFastMode"],"gold_per_floor":[119,134,149,166,184,218,229,229,255,267,130,148,148,168,168,269,269,288,288,188,38,38,64,64,80,80,80,111,129,4,4,4,105,105,125,145,145,163,182,217,217,217,241,241,251,266,281,136,136,136,136],"floor_reached":50,"playtime":1451,"items_purged":["Strike_G","Strike_G","Defend_G+1"],"score":708,"play_id":"e75db3e2-7239-4817-a8e6-8a96e95e12d5","local_time":"20201225003809","is_ascension_mode":true,"campfire_choices":[{"floor":10.0,"key":"REST"},{"data":"Poisoned Stab","floor":13.0,"key":"SMITH"},{"floor":15.0,"key":"REST"},{"data":"Calculated Gamble","floor":24.0,"key":"SMITH"},{"floor":27.0,"key":"REST"},{"floor":32.0,"key":"REST"},{"floor":41,"key":"REST"},{"floor":44,"key":"REST"},{"floor":49,"key":"RECALL"}],"circlet_count":0,"master_deck":["Strike_G+1","Defend_G+1","Defend_G+1","Defend_G+1","Survivor","Neutralize","All Out Attack","PiercingWail","Riddle With Holes","Heel Hook","Dagger Spray","Poisoned Stab+1","Footwork","Dash","Dagger Spray","Night Terror+1","Calculated Gamble+1","Bouncing Flask","Bouncing Flask+1","Backflip+1","Backstab","Crippling Poison","Leg Sweep","Backflip+1","Corpse Explosion","Catalyst+1","Burst","Poisoned Stab+1","Master of Strategy","Doubt"],"relics":["Ring of the Snake","Dead Branch","MawBank","Cursed Key","Orrery","Lantern","Dream Catcher","Busted Crown","Blood Vial","Snake Skull"],"acts_visited":["Exordium","TheCity","TheBeyond"],"potions_floor_usage":[40,40,40,50],"damage_taken":[{"damage":10.0,"enemies":"Cultist","floor":1.0,"turns":5.0},{"damage":0.0,"enemies":"Small Slimes","floor":2.0,"turns":2.0},{"damage":6.0,"enemies":"Jaw Worm","floor":3.0,"turns":6.0},{"damage":15.0,"enemies":"Exordium Wildlife","floor":4.0,"turns":4.0},{"damage":13.0,"enemies":"Large Slime","floor":5.0,"turns":6.0},{"damage":16.0,"enemies":"Gremlin Nob","floor":6.0,"turns":3.0},{"damage":0.0,"enemies":"2 Fungi Beasts","floor":7.0,"turns":3.0},{"damage":0.0,"enemies":"3 Louse","floor":12.0,"turns":2.0},{"damage":15.0,"enemies":"Large Slime","floor":14.0,"turns":6.0},{"damage":36.0,"enemies":"Hexaghost","floor":16.0,"turns":11.0},{"damage":10.0,"enemies":"Shell Parasite","floor":18.0,"turns":7.0},{"damage":14.0,"enemies":"Book of Stabbing","floor":23.0,"turns":5.0},{"damage":5.0,"enemies":"2 Thieves","floor":25.0,"turns":4.0},{"damage":0.0,"enemies":"Gremlin Leader","floor":28.0,"turns":6.0},{"damage":10.0,"enemies":"Snake Plant","floor":29.0,"turns":5.0},{"damage":14.0,"enemies":"Champ","floor":33.0,"turns":4.0},{"damage":2.0,"enemies":"Orb Walker","floor":35.0,"turns":3.0},{"damage":13.0,"enemies":"3 Darklings","floor":36.0,"turns":4.0},{"damage":15.0,"enemies":"Transient","floor":38.0,"turns":5.0},{"damage":9.0,"enemies":"Sphere and 2 Shapes","floor":39.0,"turns":4.0},{"damage":4,"enemies":"Reptomancer","floor":40,"turns":3},{"damage":29,"enemies":"Writhing Mass","floor":45,"turns":6},{"damage":0,"enemies":"Transient","floor":46,"turns":3},{"damage":15,"enemies":"Jaw Worm Horde","floor":47,"turns":4},{"damage":14,"enemies":"Time Eater","floor":50,"turns":2}],"seed_played":"-1102880257034574332","potions_obtained":[{"floor":1.0,"key":"SteroidPotion"},{"floor":3.0,"key":"FairyPotion"},{"floor":6.0,"key":"DistilledChaos"},{"floor":7.0,"key":"Swift Potion"},{"floor":16.0,"key":"EntropicBrew"},{"floor":18.0,"key":"CunningPotion"},{"floor":25.0,"key":"Explosive Potion"},{"floor":33.0,"key":"Fruit Juice"},{"floor":45,"key":"Ancient Potion"},{"floor":46,"key":"LiquidMemories"}],"is_trial":false,"path_per_floor":["M","M","M","M","M","E","M","?","T","R","$","M","R","M","R","B",null,"M","?","$","$","?","E","R","M","T","R","E","M","$","?","R","B",null,"M","M","?","M","M","E","R","?","T","R","M","M","M","$","R","B"],"character_chosen":"THE_SILENT","items_purchased":["Footwork","Orrery","Snake Skull"],"campfire_rested":6,"item_purchase_floors":[11,21,48],"current_hp_per_floor":[53,53,47,32,19,3,3,3,3,21,21,21,21,6,24,7,49,39,39,39,39,39,25,25,20,20,38,38,28,28,28,46,32,55,53,40,30,15,11,7,27,27,27,47,20,22,9,9,9,0,0],"gold":136,"neow_bonus":"REMOVE_TWO","is_daily":false,"chose_seed":false,"campfire_upgraded":2,"win_rate":0.0,"timestamp":1608824289,"path_taken":["M","M","M","M","M","E","?","?","T","R","$","M","R","M","R","BOSS","M","?","?","$","?","E","R","?","T","R","E","M","$","?","R","BOSS","M","M","?","M","M","E","R","?","T","R","M","M","M","$","R","BOSS"],"items_purchased_type":["Card","Relic","Relic"],"build_version":"2020-12-22","purchased_purges":3,"victory":false,"max_hp_per_floor":[63,63,63,63,63,63,63,63,63,63,63,63,63,63,63,63,63,63,63,63,63,63,63,63,63,63,63,63,63,63,63,63,63,63,63,63,63,63,68,68,68,68,68,68,68,68,68,68,68,68,68],"card_choices":[{"not_picked":["Terror","Cloak And Dagger"],"picked":"All Out Attack","floor":1.0},{"not_picked":["Underhanded Strike","Caltrops"],"picked":"PiercingWail","floor":2.0},{"not_picked":["Sucker Punch","Prepared"],"picked":"Riddle With Holes","floor":3.0},{"not_picked":["Unload","Catalyst"],"picked":"Heel Hook","floor":4.0},{"not_picked":["Concentrate","Prepared"],"picked":"Dagger Spray","floor":5.0},{"not_picked":["Dagger Spray","Concentrate"],"picked":"Poisoned Stab","floor":6.0},{"not_picked":["Outmaneuver","Expertise","Dodge and Roll"],"picked":"SKIP","floor":7.0},{"not_picked":["Reflex","Dagger Throw"],"picked":"Dash","floor":12.0},{"not_picked":["Infinite Blades","Endless Agony"],"picked":"Dagger Spray","floor":14.0},{"not_picked":["Die Die Die","Malaise"],"picked":"Night Terror","floor":16.0},{"not_picked":["Slice","Skewer"],"picked":"Calculated Gamble","floor":18.0},{"not_picked":["Finisher+1","Outmaneuver+1"],"picked":"Bouncing Flask","floor":21.0},{"not_picked":["Dagger Spray","Infinite Blades"],"picked":"Bouncing Flask+1","floor":21.0},{"not_picked":["Blade Dance","Tactician"],"picked":"Backflip+1","floor":21.0},{"not_picked":["Underhanded Strike+1","Slice"],"picked":"Backstab","floor":21.0},{"not_picked":["Acrobatics","Calculated Gamble"],"picked":"Crippling Poison","floor":23.0},{"not_picked":["Caltrops","Prepared","Flying Knee"],"picked":"SKIP","floor":25.0},{"not_picked":["Reflex","Riddle With Holes"],"picked":"Leg Sweep","floor":28.0},{"not_picked":["Dagger Throw","Choke+1"],"picked":"Backflip+1","floor":29.0},{"not_picked":["Eviscerate","Poisoned Stab"],"picked":"Catalyst+1","floor":32.0},{"not_picked":["Night Terror","Grand Finale"],"picked":"Burst","floor":33.0},{"not_picked":[],"picked":"Poisoned Stab+1","floor":35.0},{"not_picked":["Choke+1"],"picked":"SKIP","floor":36.0},{"not_picked":[],"picked":"Master of Strategy","floor":37.0},{"not_picked":["Flying Knee"],"picked":"SKIP","floor":38.0},{"not_picked":["Bouncing Flask"],"picked":"SKIP","floor":39.0},{"not_picked":["Sucker Punch"],"picked":"SKIP","floor":40},{"not_picked":["Dagger Spray"],"picked":"SKIP","floor":45},{"not_picked":["Outmaneuver+1"],"picked":"SKIP","floor":46},{"not_picked":["Dodge and Roll"],"picked":"SKIP","floor":47}],"player_experience":242529,"relics_obtained":[{"floor":6.0,"key":"Dead Branch"},{"floor":9.0,"key":"MawBank"},{"floor":23.0,"key":"Lantern"},{"floor":28.0,"key":"Dream Catcher"},{"floor":40,"key":"Blood Vial"}],"event_choices":[{"cards_removed":["Strike_G"],"damage_healed":0.0,"max_hp_gain":0.0,"max_hp_loss":0.0,"gold_gain":0.0,"event_name":"Living Wall","player_choice":"Forget","floor":8.0,"gold_loss":0.0,"damage_taken":0.0},{"damage_healed":0.0,"max_hp_gain":0.0,"max_hp_loss":0.0,"gold_gain":0.0,"event_name":"Accursed Blacksmith","player_choice":"Forge","floor":19.0,"gold_loss":0.0,"damage_taken":0.0,"cards_upgraded":["Night Terror"]},{"damage_healed":0.0,"max_hp_gain":0.0,"max_hp_loss":0.0,"gold_gain":0.0,"event_name":"Back to Basics","player_choice":"Simplicity","floor":22.0,"gold_loss":0.0,"damage_taken":0.0,"cards_upgraded":["Strike_G","Defend_G","Defend_G","Defend_G","Defend_G"]},{"damage_healed":0.0,"max_hp_gain":0.0,"max_hp_loss":0.0,"gold_gain":0.0,"event_name":"The Library","player_choice":"Read","floor":31.0,"gold_loss":0.0,"damage_taken":0.0,"cards_obtained":["Corpse Explosion"]},{"damage_healed":0.0,"max_hp_gain":0.0,"max_hp_loss":0.0,"gold_gain":0.0,"event_name":"SensoryStone","player_choice":"Memory 3","floor":37.0,"gold_loss":0.0,"damage_taken":10.0},{"damage_healed":0,"gold_gain":0,"player_choice":"Ignored","damage_taken":0,"max_hp_gain":0,"max_hp_loss":0,"event_name":"Mysterious Sphere","floor":42,"gold_loss":0}],"is_beta":false,"boss_relics":[{"not_picked":["Ectoplasm","Pandora\u0027s Box"],"picked":"Cursed Key"},{"not_picked":["Black Star","SacredBark"],"picked":"Busted Crown"}],"items_purged_floors":[11,20,30],"is_endless":false,"potions_floor_spawned":[1,3,6,7,12,16,18,25,33,35,45,46],"killed_by":"Time Eater","ascension_level":5}}