{"host":"24usy6mbbif0mqva","time":1608826146,"event":{"mods":["10 clothes from DAL","BaseMod","Colored Map","Colored Powertips","Easy Mod","Minty Spire (QoL Compilation)","Rare Cards Sparkle","RumiaBox-露米娅的神秘盒子","Shop Mod","StSLib","TestMod","[IsaacMod]以撒尖塔","[功能]功能增强和修复MOD","easy-game-mod","【功能Mod】Neow奖励","【功能Mod】混沌之环修复补丁","【功能Mod】精心准备","【功能Mod】聪明的最终Boss","【遗物Mod】简单游戏"],"gold_per_floor":[119,519,519,546,18,18,168,263,290,367,137,171,234,275,275,578,628,748,728,728,13,20,254,254,487,566,575,598,784,359,468,468,1217,1217,1432,2449,318,563,60,335,369,414,414,803,803,1143,64,87,87,8333,8333,8333,2612,2655,2593],"floor_reached":56,"playtime":5692,"items_purged":["Defend_R","Defend_R","Defend_R","Strike_R","Strike_R","Bash","Defend_R","Strike_R","Combust","Doubt","Shame","Writhe","Strike_R","Normality","Normality","Strike_R","Evolve","Feel No Pain","Shrug It Off","Metallicize","Feel No Pain+1","Feel No Pain+1","Fire Breathing+1","Disarm+1","Wild Strike+1","Warcry+1","Infernal Blade","Sword Boomerang","Perfected Strike+1","testmod-Provocation","Blood for Blood+1","Heavy Blade+1","Combust","Sword Boomerang","Iron Wave+1","testmod-TemporaryDeletion+1","testmod-LifeRuler+1","testmod-TradeIn+1","Prepared","Bomb","testmod-DisillusionmentEcho","Rip and Tear","Dark Shackles+1","testmod-Provocation+1","Decay","Good Instincts+1","testmod-FightingIntention","Finesse+1","TimeTakenCity","Carnage+1"],"score":3004,"play_id":"13ede575-a4ef-456c-a67f-5ab26961213d","local_time":"20201225000906","is_ascension_mode":true,"campfire_choices":[{"floor":6,"key":"RECALL"},{"data":"Seeing Red","floor":15,"key":"SMITH"},{"data":"BloodyBrimstone","floor":24,"key":"SMITH"},{"data":"Infernal Blade","floor":32,"key":"SMITH"},{"data":"testmod-DisillusionmentEcho","floor":45,"key":"SMITH"},{"data":"testmod-SelfRegulatingSystem","floor":49,"key":"SMITH"},{"data":"SplendidFlameSword","floor":52,"key":"SMITH"}],"circlet_count":0,"master_deck":["EasyMod:card_1","BloodyBrimstone+1","Whirlwind","Rupture","Brutality","Dark Embrace","Seeing Red+1","Intimidate","Inflame","Hemokinesis","Thunderclap","Seeing Red+1","Offering","Offering+1","Pommel Strike+1","Sadistic Nature","Offering","Beam Cell","Dual Wield+1","Apotheosis","testmod-Collector","Inflame","Infernal Blade+1","FollowUp","Body Slam","Hemokinesis","Bludgeon","Intimidate","Mind Blast","SplendidFlameSword+1","testmod-SelfRegulatingSystem+1","testmod-WeaknessCounterattack","FollowUp","Secret Weapon","Perfected Strike+1","testmod-DisillusionmentEcho+1","testmod-Mystery+1","testmod-TaurusBlackCat","Sword Boomerang+1","Whirlwind+1","Master of Strategy","Carnage+1","Twin Strike+1","Dropkick+1","Dropkick+1","Metallicize+1","Feel No Pain+1","Rupture+1","Body Slam+1","Jack Of All Trades+1","testmod-Dream+1","Mind Blast+1","Finesse+1","testmod-FightingIntention+1","testmod-Collector+1","testmod-ConditionedReflex+1","testmod-LimitFlipper+1","testmod-PowerStrike+1","TimeTakenCity","testmod-EternalityOfKhronos+1","testmod-WeaknessCounterattack+1","testmod-ConditionedReflex+1","testmod-PowerStrike+1","testmod-PulseDistributor+1","testmod-DisillusionmentEcho+1","Flex+1"],"relics":["HushsDoor","EasyCustomRelic","EasyRelic","SalivaCoin","The Courier","EasyMod:Easy_0","MerchantsRug","testmod-LifeArmor","EasyMod:Easy_9","EasyMod:Easy_5","Vajra","PlanX","EasyMod:Easy_6","DALC_TEN","Bag of Preparation","EasyCustomRelic","PrismaticShard","Lantern","Bag of Marbles","CeramicFish","Oddly Smooth Stone","DALC_ONE","testmod-ObsoleteBoomerang","Baka2","InkBottle","GodSword1","EasyMod:Easy_3","Akabeko","TheAbacus","Boot","testmod-Muramasa","testmod-CardMagician","Membership Card","Centennial Puzzle","testmod-Antiphasic","Red Skull","testmod-Acrobat","Magic Flower","Ccalipers","Bronze Scales","Orichalcum","testmod-CyclicPeriapt","testmod-OneHitWonder","Singing Bowl","Happy Flower","Nunchaku","HowToJump","Mercury Hourglass","DALC_FIVE","PunchingBag","EasyMod:Easy_1","Kunai","Omamori","testmod-Justice","EasyMod:Easy_7","Pen Nib","testmod-CrystalShield","SSSystem","HandDrill","EasyMod:Easy_2","EasyMod:Hard_0","BloodDonationBag","testmod-TurbochargingSystem","GodSword4","testmod-AssaultLearning","Molten Egg 2","testmod-Hope","EasyMod:Easy_8","White Beast Statue","testmod-IndustrialRevolution","Juzu Bracelet","testmod-EqualTreatment","Darkstone Periapt","Charon\u0027s Ashes","DALC_TWO","LastBattle","Shuriken","Paper Frog","MagicDraw4","TungstenRod","testmod-FatalChain","Toxic Egg 2","DALC_SEVEN","Question Card","GodSword7","Frozen Egg 2","SumBook","testmod-InfectionSource","GodSword6","MagicDraw3","MagicDraw1","Incense Burner","DALC_WAN","Mummified Hand","GodSword3","GodSword5","MagicDraw2","TuHaoJin","Gremlin Horn","Bottled Tornado","SharpPlug","DeadEye","Ornamental Fan","Bottled Flame","testmod-BalancedPeriapt","testmod-ArcanaOfDestiny","CaptainsWheel","Du-Vu Doll","UnicornStump","Letter Opener","testmod-TheFather","testmod-IntensifyImprint","testmod-InjuryResistance","Void","testmod-MagicalMallet","MoneyPower","DALC_THREE","AnarchistCookbook","testmod-RealStoneCalender","testmod-Nyarlathotep","PokeGo","Calipers","Lizard Tail","DALC_EIGHT","Torii","Pocketwatch","Membership Card","BlankCard","testmod-Laevatain","DALC_FOUR","EdensBlessing","DALC_SIX","Turnip","Ice Cream","testmod-Brilliant","ForgetMeNow","SecretRecord","Dead Branch"],"acts_visited":["Exordium","TheCity","TheBeyond","TheEnding"],"potions_floor_usage":[12,33,38,44],"damage_taken":[{"damage":0,"enemies":"Jaw Worm","floor":1,"turns":3},{"damage":11,"enemies":"Lagavulin","floor":8,"turns":6},{"damage":2,"enemies":"3 Sentries","floor":10,"turns":2},{"damage":3,"enemies":"Small Slimes","floor":12,"turns":3},{"damage":4,"enemies":"Gremlin Nob","floor":13,"turns":4},{"damage":1,"enemies":"2 Louse","floor":14,"turns":2},{"damage":4,"enemies":"Slime Boss","floor":16,"turns":5},{"damage":9,"enemies":"3 Byrds","floor":18,"turns":4},{"damage":2,"enemies":"Book of Stabbing","floor":23,"turns":1},{"damage":0,"enemies":"Slavers","floor":25,"turns":1},{"damage":3,"enemies":"Book of Stabbing","floor":29,"turns":2},{"damage":2,"enemies":"2 Thieves","floor":31,"turns":1},{"damage":9,"enemies":"Champ","floor":33,"turns":4},{"damage":2,"enemies":"3 Shapes","floor":35,"turns":1},{"damage":0,"enemies":"2 Orb Walkers","floor":38,"turns":2},{"damage":1,"enemies":"Nemesis","floor":40,"turns":1},{"damage":0,"enemies":"Giant Head","floor":42,"turns":1},{"damage":0,"enemies":"Reptomancer","floor":44,"turns":1},{"damage":0,"enemies":"Nemesis","floor":46,"turns":1},{"damage":0,"enemies":"3 Darklings","floor":48,"turns":1},{"damage":0,"enemies":"Time Eater","floor":50,"turns":5},{"damage":0,"enemies":"Shield and Spear","floor":54,"turns":1},{"damage":0,"enemies":"Delirium","floor":55,"turns":1}],"seed_played":"6330666626950207008","potions_obtained":[{"floor":1,"key":"Dexterity Potion"},{"floor":1,"key":"FearPotion"},{"floor":11,"key":"CultistPotion"},{"floor":11,"key":"ColorlessPotion"},{"floor":11,"key":"Weak Potion"},{"floor":11,"key":"Explosive Potion"},{"floor":11,"key":"Explosive Potion"},{"floor":13,"key":"BlessingOfTheForge"},{"floor":18,"key":"testmod-SpacePotion"},{"floor":19,"key":"Swift Potion"},{"floor":23,"key":"SpeedPotion"},{"floor":31,"key":"Dexterity Potion"},{"floor":35,"key":"DistilledChaos"},{"floor":40,"key":"DistilledChaos"},{"floor":40,"key":"FairyPotion"},{"floor":42,"key":"Block Potion"},{"floor":42,"key":"LiquidBronze"},{"floor":44,"key":"Swift Potion"},{"floor":44,"key":"Fire Potion"},{"floor":48,"key":"Swift Potion"},{"floor":54,"key":"BlessingOfTheForge"},{"floor":54,"key":"Energy Potion"}],"is_trial":false,"path_per_floor":["M","?","?","T","$","R","?","E","T","?","$","M","E","M","R","B",null,"M","?","?","$","?","E","R","E","T","?","T","E","$","M","R","B",null,"M","?","$","?","$","E","?","E","T","E","R","E","$","M","R","B",null,"R","$","E","B",null],"character_chosen":"IRONCLAD","items_purchased":["Combust","Rupture","Brutality","Evolve","Dark Embrace","Feel No Pain","Combust","Metallicize","MerchantsRug","TimeTakenCity","testmod-LifeArmor","Inflame","Hemokinesis","Vajra","Cauldron","Shovel","Disarm","Iron Wave","PlanX","EasyCustomRelic","BelialBook","PrismaticShard","Sadistic Nature","Offering","Lantern","Bag of Marbles","CeramicFish","Oddly Smooth Stone","DALC_ONE","Bomb","testmod-SpacePotion","Apotheosis","testmod-Collector","Inflame","Infernal Blade","TheAbacus","Whetstone","DeathBook","Potion Belt","Boot","testmod-Muramasa","Membership Card","Centennial Puzzle","testmod-Antiphasic","Body Slam","Hemokinesis","Bludgeon","Intimidate","Sword Boomerang","Mind Blast","SplendidFlameSword","Red Skull","testmod-Acrobat","BloodDonationMachine","Magic Flower","Ccalipers","Bronze Scales","Orichalcum","testmod-CyclicPeriapt","testmod-OneHitWonder","War Paint","Singing Bowl","HeartOfIron","SteroidPotion","EssenceOfSteel","Happy Flower","Nunchaku","HowToJump","Mercury Hourglass","testmod-SelfRegulatingSystem","testmod-DisillusionmentEcho","testmod-Provocation","testmod-WeaknessCounterattack","BookOfRevelations","DALC_FIVE","PunchingBag","EasyMod:Easy_1","Kunai","Omamori","SatanicBible","testmod-Justice","EasyMod:Easy_7","Pen Nib","SSSystem","HandDrill","Strawberry","EasyMod:Easy_2","EasyMod:Hard_0","Secret Weapon","testmod-TurbochargingSystem","GodSword4","testmod-AssaultLearning","Ancient Tea Set","Blood Vial","Molten Egg 2","testmod-Hope","EasyMod:Easy_8","GnawedLeaf","White Beast Statue","testmod-IndustrialRevolution","Perfected Strike+1","Whirlwind+1","Infernal Blade","Master of Strategy","testmod-FightingIntention","Darkstone Periapt","Charon\u0027s Ashes","DALC_TWO","LastBattle","Shuriken","Paper Frog","MagicDraw4","TungstenRod","testmod-FatalChain","Toxic Egg 2","DALC_SEVEN","Carnage+1","Twin Strike+1","Dropkick+1","Heavy Blade+1","Dropkick+1","Perfected Strike+1","Question Card","GodSword7","Frozen Egg 2","Feel No Pain+1","Metallicize+1","Feel No Pain+1","Feel No Pain+1","Fire Breathing+1","Rupture+1","Blood for Blood+1","Carnage+1","Body Slam+1","Warcry+1","Wild Strike+1","testmod-Provocation+1","Jack Of All Trades+1","SumBook","testmod-InfectionSource","GodSword6","MagicDraw3","MagicDraw1","PowerPotion","Ancient Potion","SteroidPotion","Incense Burner","DALC_WAN","Mummified Hand","GodSword3","GodSword5","MagicDraw2","TuHaoJin","Gremlin Horn","Bottled Tornado","SharpPlug","DeadEye","Ornamental Fan","Bottled Flame","testmod-Dream+1","Mind Blast+1","Finesse+1","testmod-FightingIntention+1","testmod-Collector+1","testmod-ConditionedReflex+1","testmod-LimitFlipper+1","Dark Shackles+1","Good Instincts+1","testmod-PowerStrike+1","TimeTakenCity","testmod-EternalityOfKhronos+1","testmod-TradeIn+1","testmod-WeaknessCounterattack+1","testmod-LifeRuler+1","testmod-TemporaryDeletion+1","testmod-ConditionedReflex+1","testmod-PowerStrike+1","testmod-PulseDistributor+1","testmod-DisillusionmentEcho+1","testmod-BalancedPeriapt","testmod-ArcanaOfDestiny","CaptainsWheel","Du-Vu Doll","UnicornStump","Letter Opener","testmod-TheFather","testmod-IntensifyImprint","testmod-InjuryResistance","Void","testmod-MagicalMallet","MoneyPower","DALC_THREE","AnarchistCookbook","Diplopia","testmod-RealStoneCalender","testmod-Nyarlathotep","PokeGo","Calipers","Lizard Tail","DALC_EIGHT","Torii","Pocketwatch","BloodPotion","BlankCard","testmod-Laevatain","DALC_FOUR","EdensBlessing","DALC_SIX","Turnip","Ice Cream","testmod-Brilliant","testmod-Fortitude","ForgetMeNow","SecretRecord"],"campfire_rested":0,"item_purchase_floors":[5,5,5,5,5,5,5,5,5,5,5,11,11,11,11,11,11,11,11,21,21,21,21,21,21,21,21,21,21,21,30,30,30,30,30,30,30,30,30,30,30,37,37,37,37,37,37,37,37,37,37,37,37,37,37,37,37,37,37,37,37,37,37,37,37,37,37,37,37,37,37,37,37,37,37,37,37,37,37,37,37,37,37,39,39,39,39,39,39,39,39,39,39,39,39,39,39,39,39,39,39,47,47,47,47,47,47,47,47,47,47,47,47,47,47,47,47,47,47,47,47,47,47,47,47,47,47,47,47,47,47,47,47,47,47,47,47,47,47,47,47,47,47,47,47,47,47,53,53,53,53,53,53,53,53,53,53,53,53,53,53,53,53,53,53,53,53,53,53,53,53,53,53,53,53,53,53,53,53,53,53,53,53,53,53,53,53,53,53,53,53,53,53,53,53,53,53,53,53,53,53,53,53,53,53,53,53,53,53,53,53,53,53,53],"current_hp_per_floor":[72,72,72,72,72,72,72,74,74,73,73,74,73,74,74,73,75,74,74,74,74,53,72,72,72,72,72,72,80,80,80,80,80,80,80,80,80,82,64,91,81,93,93,95,95,95,28,40,40,94,94,94,94,94,94],"gold":2593,"neow_bonus":"THREE_CARDS","is_daily":false,"chose_seed":false,"campfire_upgraded":6,"win_rate":0.0,"timestamp":1608826146,"path_taken":["M","?","?","?","$","R","?","E","T","?","$","M","E","?","R","BOSS","M","?","?","$","?","E","R","E","T","?","?","E","$","?","R","BOSS","M","?","$","?","$","E","?","E","T","E","R","E","$","M","R","BOSS","R","$","E","BOSS"],"items_purchased_type":["Card","Card","Card","Card","Card","Card","Card","Card","Relic","Card","Relic","Card","Card","Relic","Relic","Relic","Card","Card","Relic","Relic","Relic","Relic","Card","Card","Relic","Relic","Relic","Relic","Relic","Card","Potion","Card","Card","Card","Card","Relic","Relic","Relic","Relic","Relic","Relic","Relic","Relic","Relic","Card","Card","Card","Card","Card","Card","Card","Relic","Relic","Relic","Relic","Relic","Relic","Relic","Relic","Relic","Relic","Relic","Potion","Potion","Potion","Relic","Relic","Relic","Relic","Card","Card","Card","Card","Relic","Relic","Relic","Relic","Relic","Relic","Relic","Relic","Relic","Relic","Relic","Relic","Relic","Relic","Relic","Card","Relic","Relic","Relic","Relic","Relic","Relic","Relic","Relic","Relic","Relic","Relic","Card","Card","Card","Card","Card","Relic","Relic","Relic","Relic","Relic","Relic","Relic","Relic","Relic","Relic","Relic","Card","Card","Card","Card","Card","Card","Relic","Relic","Relic","Card","Card","Card","Card","Card","Card","Card","Card","Card","Card","Card","Card","Card","Relic","Relic","Relic","Relic","Relic","Potion","Potion","Potion","Relic","Relic","Relic","Relic","Relic","Relic","Relic","Relic","Relic","Relic","Relic","Relic","Relic","Card","Card","Card","Card","Card","Card","Card","Card","Card","Card","Card","Card","Card","Card","Card","Card","Card","Card","Card","Card","Relic","Relic","Relic","Relic","Relic","Relic","Relic","Relic","Relic","Card","Relic","Relic","Relic","Relic","Relic","Relic","Relic","Relic","Relic","Relic","Relic","Relic","Relic","Potion","Relic","Relic","Relic","Relic","Relic","Relic","Relic","Relic","Relic","Relic","Relic"],"build_version":"2020-12-22","purchased_purges":50,"victory":true,"max_hp_per_floor":[75,75,75,75,75,75,75,75,75,75,75,75,75,75,75,75,75,75,75,75,75,80,80,80,80,80,80,80,80,80,80,80,80,80,80,80,80,82,89,91,91,93,93,95,95,95,95,95,95,94,94,94,94,94,94],"card_choices":[{"not_picked":[],"picked":"BloodyBrimstone","floor":0},{"not_picked":["Havoc","Twin Strike"],"picked":"Shrug It Off","floor":0},{"not_picked":["Carnage","Battle Trance"],"picked":"Whirlwind","floor":1},{"not_picked":["Anger","Fiend Fire"],"picked":"Seeing Red","floor":8},{"not_picked":["Warcry","Wild Strike"],"picked":"Intimidate","floor":10},{"not_picked":["Perfected Strike","Sever Soul"],"picked":"Thunderclap","floor":12},{"not_picked":["Combust","Warcry"],"picked":"Sword Boomerang","floor":13},{"not_picked":["Twin Strike","Cleave"],"picked":"Seeing Red","floor":14},{"not_picked":["Brutality","Barricade"],"picked":"Offering","floor":16},{"not_picked":["Heavy Blade","Armaments"],"picked":"Pommel Strike","floor":18},{"not_picked":["JustLucky","Gash"],"picked":"Beam Cell","floor":23},{"not_picked":["Pulse","Bomb"],"picked":"Prepared","floor":25},{"not_picked":["Slice","CutThroughFate"],"picked":"Dual Wield+1","floor":29},{"not_picked":["ClearTheMind","Perfected Strike"],"picked":"FollowUp","floor":31},{"not_picked":["Reaper","All For One"],"picked":"Panache","floor":33},{"not_picked":["Dodge and Roll","Redo+1"],"picked":"Rip and Tear","floor":35},{"not_picked":["Catalyst","EmptyFist","Wild Strike"],"picked":"Singing Bowl","floor":38},{"not_picked":["Deadly Poison","ForeignInfluence","Blind+1"],"picked":"Singing Bowl","floor":40},{"not_picked":["Mind Blast+1","Purity"],"picked":"testmod-DisillusionmentEcho","floor":41},{"not_picked":["HandOfGreedLower+1","Camael"],"picked":"testmod-Mystery+1","floor":41},{"not_picked":["testmod-LifeRuler","testmod-Collector+1"],"picked":"testmod-TaurusBlackCat","floor":41},{"not_picked":["testmod-EnhanceArmerment","Beam Cell+1","Sunder+1"],"picked":"Singing Bowl","floor":42},{"not_picked":["InnerPeace+1","Brutality","Flying Knee+1"],"picked":"Singing Bowl","floor":44},{"not_picked":["Dark Embrace","Footwork"],"picked":"Sword Boomerang+1","floor":46},{"not_picked":["Swivel+1","Iron Wave+1","Evaluate+1"],"picked":"Finesse+1","floor":48},{"not_picked":["Deep Breath+1","CrushJoints+1","Heel Hook+1"],"picked":"Flex+1","floor":54}],"player_experience":78585,"relics_obtained":[{"floor":1,"key":"Baka"},{"floor":4,"key":"EasyMod:Easy_0"},{"floor":8,"key":"EasyMod:Easy_9"},{"floor":10,"key":"EasyMod:Easy_5"},{"floor":13,"key":"EasyMod:Easy_6"},{"floor":23,"key":"testmod-ObsoleteBoomerang"},{"floor":25,"key":"Baka2"},{"floor":25,"key":"InkBottle"},{"floor":26,"key":"GodSword1"},{"floor":28,"key":"Akabeko"},{"floor":29,"key":"GuppysPaw"},{"floor":38,"key":"testmod-CrystalShield"},{"floor":40,"key":"TheBean"},{"floor":42,"key":"Juzu Bracelet"},{"floor":43,"key":"testmod-EqualTreatment"},{"floor":44,"key":"Regal Pillow"},{"floor":46,"key":"Smiling Mask"},{"floor":54,"key":"Dead Branch"}],"event_choices":[{"damage_healed":0,"gold_gain":400,"player_choice":"Sell","damage_taken":0,"max_hp_gain":0,"max_hp_loss":0,"event_name":"恩洛斯的盘子","floor":2,"relics_lost":["testmod-TestBox"],"gold_loss":0},{"damage_healed":0,"gold_gain":0,"player_choice":"Ignored","damage_taken":0,"max_hp_gain":0,"max_hp_loss":0,"event_name":"给自己的盒子","floor":3,"gold_loss":0},{"damage_healed":0,"gold_gain":150,"player_choice":"AGREE","damage_taken":0,"max_hp_gain":0,"max_hp_loss":0,"event_name":"Liars Game","floor":7,"gold_loss":0,"cards_obtained":["Doubt"]},{"damage_healed":0,"gold_gain":0,"player_choice":"Searched \u00271\u0027 times","damage_taken":0,"max_hp_gain":0,"max_hp_loss":0,"event_name":"Dead Adventurer","floor":10,"gold_loss":0},{"damage_healed":0,"gold_gain":0,"player_choice":"Bought 1 Potion","damage_taken":0,"max_hp_gain":0,"max_hp_loss":0,"event_name":"The Woman in Blue","floor":19,"gold_loss":0},{"damage_healed":0,"gold_gain":0,"player_choice":"Stole Relic","damage_taken":0,"relics_obtained":["Bag of Preparation"],"max_hp_gain":0,"max_hp_loss":0,"event_name":"Addict","floor":20,"gold_loss":0,"cards_obtained":["Shame"]},{"damage_healed":0,"gold_gain":0,"player_choice":"Shed Blood","damage_taken":26,"max_hp_gain":5,"max_hp_loss":0,"event_name":"Forgotten Altar","floor":22,"gold_loss":0},{"damage_healed":0,"gold_gain":0,"player_choice":"Opened","damage_taken":0,"relics_obtained":["EasyMod:Easy_3"],"max_hp_gain":0,"max_hp_loss":0,"event_name":"The Mausoleum","floor":27,"gold_loss":0,"cards_obtained":["Writhe"]},{"damage_healed":0,"gold_gain":999,"player_choice":"Gold","damage_taken":0,"max_hp_gain":0,"max_hp_loss":0,"event_name":"MindBloom","floor":36,"gold_loss":0,"cards_obtained":["Normality","Normality"]},{"damage_healed":0,"gold_gain":0,"player_choice":"Fight","damage_taken":0,"max_hp_gain":0,"max_hp_loss":0,"event_name":"Mysterious Sphere","floor":38,"gold_loss":0},{"damage_healed":0,"gold_gain":0,"player_choice":"Memory 3","damage_taken":10,"max_hp_gain":0,"max_hp_loss":0,"event_name":"SensoryStone","floor":41,"gold_loss":0}],"is_beta":false,"boss_relics":[{"not_picked":["Velvet Choker","SoulBox"],"picked":"DALC_TEN"},{"not_picked":[]},{"not_picked":["Busted Crown","Pandora\u0027s Box"],"picked":"testmod-CardMagician"},{"not_picked":[]}],"items_purged_floors":[5,5,5,5,5,5,5,5,11,21,21,30,30,37,37,37,37,47,47,47,47,47,47,47,47,47,47,47,47,47,47,47,53,53,53,53,53,53,53,53,53,53,53,53,53,53,53,53,53,53],"is_endless":false,"potions_floor_spawned":[1,1,13,16,16,18,23,23,25,29,31,35,40,40,42,42,44,44,46,48,54,54],"ascension_level":16}}