{"host":"jw4qy1ihmjslahm8","time":1608780359,"event":{"mods":["Act Like it!","BaseMod","BetterRewards","Colored Map","Downfall","Gensokyo","HololiveMod","Hubris","Infinite Spire","MarisaÅiñ∂âJÅ@ñÇóùçπÅj","Minty Spire (QoL Compilation)","Replay The Spire","StSLib","The Animator"],"gold_per_floor":[192,203,223,239,262,362,387,414,414,230,250,250,267,68,85,200,200,200,215,231,231,231],"floor_reached":21,"playtime":1829,"items_purged":[],"score":175,"play_id":"30f24529-cec3-4109-bf2b-76a374b4699b","local_time":"20201223192559","is_ascension_mode":false,"campfire_choices":[{"data":"animator:OrikoMikuni","floor":9,"key":"SMITH"},{"floor":12,"key":"REST"},{"data":"animator:Kira","floor":18,"key":"SMITH"}],"circlet_count":0,"master_deck":["animator:Strike_OwariNoSeraph+1","animator:Defend_OwariNoSeraph","animator:Strike","animator:Strike","animator:Strike","animator:Defend","animator:Defend","animator:Defend","animator:Shinoa","animator:Mikaela","animator:Urushihara","animator:Vanir","animator:Millim","animator:Vanir","animator:OrikoMikuni+1","animator:Priestess","animator:Shuna","animator:Kira+1","animator:YachiyoNanami","animator:Kaijin","animator:Yoichi","animator:NarberalGamma","animator:EmiyaShirou","animator:MadokaKaname","animator:Priestess","animator:Priestess"],"relics":["animator:LivingPicture","animator:TheMissingPiece","animator:PurgingStone","hubris:SlimyHat","animator:CerealBox","SacredBark"],"acts_visited":["Exordium","TheCity"],"potions_floor_usage":[11,19,21],"damage_taken":[{"damage":5,"enemies":"2 Louse","floor":2,"turns":3},{"damage":5,"enemies":"infinitespire:Voidling","floor":3,"turns":4},{"damage":0,"enemies":"Cultist","floor":4,"turns":4},{"damage":0,"enemies":"3 Louse","floor":5,"turns":5},{"damage":20,"enemies":"Exordium Wildlife","floor":8,"turns":5},{"damage":5,"enemies":"downfall:FleeingMerchant","floor":10,"turns":4},{"damage":4,"enemies":"Large Slime","floor":11,"turns":6},{"damage":26,"enemies":"Lots of Slimes","floor":13,"turns":9},{"damage":3,"enemies":"downfall:FleeingMerchant","floor":14,"turns":4},{"damage":13,"enemies":"3 Louse","floor":15,"turns":4},{"damage":8,"enemies":"downfall:Watcher","floor":16,"turns":5},{"damage":40,"enemies":"3 Byrds","floor":19,"turns":4},{"damage":8,"enemies":"Shell Parasite","floor":20,"turns":7},{"damage":34,"enemies":"Shelled Parasite and Fungi","floor":21,"turns":4}],"seed_played":"-8691878752648956278","potions_obtained":[{"floor":2,"key":"Dexterity Potion"},{"floor":3,"key":"Strength Potion"},{"floor":11,"key":"Death Potion"},{"floor":16,"key":"Fire Potion"}],"is_trial":false,"path_per_floor":["R_BF","M","M","M","M","?","T","M","R","$","M","R","M","$","M","B",null,"R","M","M","M"],"character_chosen":"THE_ANIMATOR","items_purchased":["animator:Kira","animator:CerealBox","animator:NarberalGamma"],"campfire_rested":1,"item_purchase_floors":[10,14,14],"current_hp_per_floor":[66,61,63,63,63,63,63,43,43,38,35,55,29,46,33,25,67,67,27,19,0,0],"gold":231,"neow_bonus":"RANDOM_COLORLESS","is_daily":false,"chose_seed":false,"campfire_upgraded":2,"win_rate":0.0,"timestamp":1608780359,"path_taken":["R_BF","M","M","M","M","?","T","?","R","$","M","R","M","?","M","BOSS","R","M","M","M"],"items_purchased_type":["Card","Relic","Card"],"build_version":"2020-12-22","purchased_purges":0,"victory":false,"max_hp_per_floor":[66,66,66,66,66,66,66,66,66,66,67,67,67,67,67,67,67,67,67,67,67,67],"card_choices":[{"not_picked":["animator:Kagari","animator:NononJakuzure"],"picked":"animator:Urushihara","floor":0},{"not_picked":["animator:Guy","animator:Berserker"],"picked":"animator:Vanir","floor":2},{"not_picked":["animator:ShinjiMatou","animator:HiiragiShinya"],"picked":"animator:Millim","floor":3},{"not_picked":["animator:ShinjiMatou","animator:Demiurge"],"picked":"animator:Vanir","floor":4},{"not_picked":["animator:YachiyoNanami","animator:MamiTomoe"],"picked":"animator:OrikoMikuni","floor":5},{"not_picked":["animator:Berserker","animator:Konayuki"],"picked":"animator:Priestess","floor":8},{"not_picked":["animator:TsurugaMeisai","animator:Chris"],"picked":"animator:Shuna","floor":10},{"not_picked":["animator:Benimaru","animator:Kyubey"],"picked":"animator:YachiyoNanami","floor":11},{"not_picked":["animator:Shuna","animator:Hakurou"],"picked":"animator:Kaijin","floor":13},{"not_picked":["animator:ZankiKiguchi","animator:Gillette"],"picked":"animator:Yoichi","floor":14},{"not_picked":["animator:Darkness","animator:PandorasActor"],"picked":"animator:EmiyaShirou","floor":15},{"not_picked":["animator:Rimuru","animator:ChaikaTrabant"],"picked":"animator:MadokaKaname","floor":16},{"not_picked":["animator:IrohaTamaki","animator:Fredrika"],"picked":"animator:Priestess","floor":19},{"not_picked":["animator:DwarfShaman","animator:Spearman"],"picked":"animator:Priestess","floor":20}],"player_experience":31055,"relics_obtained":[{"floor":7,"key":"hubris:SlimyHat"}],"event_choices":[],"is_beta":false,"boss_relics":[{"not_picked":["Replay:Grab Bag","Painkiller Herb"],"picked":"SacredBark"}],"items_purged_floors":[],"is_endless":false,"potions_floor_spawned":[2,3,11,16],"killed_by":"Shelled Parasite and Fungi","ascension_level":0}}